1500 2311
155 169 117 70 libus
233 169 169 70 abstracta
363 169 156 70 imitetur
481 169 130 70 primam
559 169 156 70 veritatem,

158 233 156 44 tanquam
271 233 113 44 suam
342 233 170 44 mensuram
469 233 71 44 &
498 233 85 44 in
540 233 184 44 puritate,
668 233 42 44 &

167 261 73 40 in
191 261 208 40 immutabilitate.

195 293 74 38 At
232 293 135 38 diceret
330 293 147 38 aliquis,
440 293 98 38 quod
502 293 111 38 prima
576 293 135 38 veritas
662 293 61 38 non

164 329 86 38 est
213 329 135 38 mensura
311 329 123 38 saltem
397 329 160 38 immediata
520 329 160 38 veritatis
643 329 61 38 a
656 329 61 38 ses

163 364 151 36 sibilibus
279 364 163 36 abstracta,
407 364 93 36 quia
465 364 93 36 haec
523 364 128 36 veritas
605 364 104 36 abstra-

164 392 83 41 cta
212 392 83 41 vel
259 392 107 41 habet
331 392 95 41 suum
390 392 95 41 esse
449 392 95 41 ante
509 392 202 41 abstractionem
663 392 48 41 in

159 431 169 45 tellectus,
292 431 85 45 vel
340 431 109 45 post:
413 431 121 45 Primum
497 431 97 45 dici
558 431 85 45 non
606 431 133 45 potest,

167 463 90 37 quia
223 463 90 37 tunc
279 463 123 37 frustra
368 463 112 37 fieret
447 463 101 37 talis
514 463 168 37 abstractio:
648 463 67 37 si
670 463 45 37 se

166 499 146 42 cundum;
272 499 106 42 ergo
338 499 93 42 non
391 499 199 42 conformatur
551 499 159 42 imediate
657 499 66 42 pri

161 530 84 37 mae
209 530 156 37 veritati,
329 530 84 37 sed
377 530 144 37 mediante
485 530 168 37 intellectu
605 530 108 37 nostro,

166 561 83 52 qui
214 561 83 52 eam
261 561 166 52 abstrahit,
392 561 59 52 &
416 561 83 52 dat
463 561 95 52 illi
523 561 95 52 essc
570 561 143 52 completum.

158 596 169 48 Praeterea
288 596 91 48 hoc
340 596 156 48 repugnat
457 596 130 48 supius
548 596 130 48 dictis
626 596 91 48 squod

168 632 133 37 veritas
265 632 60 37 a
289 632 193 37 sensibilibus
446 632 157 37 abstracta
567 632 97 37 erat
615 632 109 37 mensura

165 661 128 41 nostrae
259 661 175 41 cognitionis
387 661 186 41 intellectiuae.

203 695 180 37 Respondeo,
344 695 103 37 quod
409 695 141 37 veritas
511 695 193 37 sensibilium
653 695 64 37 an-

166 723 71 44 te
202 723 201 44 abstractionem
367 723 106 44 habet
438 723 94 44 esse
497 723 71 44 in
532 723 189 44 sensibilibus
674 723 47 44 po

161 766 193 45 tentialiter,
318 766 60 45 &
342 766 181 45 incomplete.
487 766 85 45 Sed
536 766 85 45 per
572 766 145 45 abstractio

169 790 85 43 nem
217 790 182 43 intellectus
363 790 134 43 accipit
460 790 97 43 esse
521 790 109 43 actu,
594 790 61 43 &
606 790 109 43 comple-

166 832 80 35 te;
211 832 114 35 aliter
291 832 102 35 talis
359 832 159 35 abstractio
484 832 80 35 non
530 832 114 35 fieret
609 832 91 35 sine
655 832 68 35 men-

165 863 114 36 dacio,
244 863 182 36 intellectus.
392 863 68 36 nm
426 863 148 36 totaliter
540 863 57 36 a
563 863 102 36 rebus
620 863 102 36 discor-

168 897 112 44 daret,
246 897 67 44 si
279 897 190 44 potentialiter
436 897 112 44 saltem
514 897 67 44 in
547 897 78 44 eis
592 897 123 44 Veritas
670 897 56 44 non

163 931 236 44 praeexisteret,
360 931 92 44 hoc
412 931 118 44 autem
491 931 92 44 non
543 931 92 44 est
583 931 131 44 dicendum

172 962 97 49 quia
232 962 85 49 per
281 962 121 49 Arist.
365 962 73 49 2.
402 962 133 49 physic.
498 962 206 49 abstrahentium
656 962 60 49 non

160 993 91 51 est
212 993 182 51 mendacium:
355 993 104 51 quod
420 993 117 51 licet
497 993 91 51 sit
536 993 182 51 principalius

170 1035 132 38 dictum
262 1035 79 38 de
302 1035 211 38 abstractione
473 1035 251 38 mathematicorum,
671 1035 53 38 ve

169 1067 163 38 rificatur
295 1067 113 38 etiam
370 1067 75 38 de
408 1067 201 38 abstractione
559 1067 163 38 naturalium,

166 1103 99 41 quia
228 1103 136 41 Vtraque
327 1103 149 41 scientia
438 1103 87 41 est
488 1103 149 41 verorum.
599 1103 87 41 Hoc
636 1103 87 41 prae-

171 1126 106 51 misso
242 1126 117 51 posset
324 1126 106 51 dici,
394 1126 82 51 non
441 1126 94 51 esse
500 1126 200 51 inconueniens,
653 1126 70 51 quod

173 1165 138 48 veritas
274 1165 188 48 sensibilium
424 1165 150 48 accipiat
536 1165 100 48 essc
586 1165 138 48 completum

173 1199 88 39 per
224 1199 200 39 intellectum,
386 1199 63 39 &
411 1199 88 39 sit
461 1199 100 39 eius
524 1199 150 39 mensura,
636 1199 88 39 nam
674 1199 50 39 a-

167 1230 97 43 lius
228 1230 85 43 est
276 1230 183 43 intellectus
423 1230 146 43 reducens
532 1230 110 43 illam
605 1230 73 43 ad
630 1230 97 43 actum,

167 1268 141 45 sagens,
270 1268 64 45 &
295 1268 115 45 alius
372 1268 115 45 cuius
449 1268 115 45 actum
525 1268 153 45 mensurat
628 1268 90 45 spos-

171 1298 145 39 sibilis
276 1298 224 39 comprehendens
460 1298 132 39 dictam
539 1298 158 39 veritatem.

212 1332 75 44 At
250 1332 88 44 hoc
300 1332 88 44 non
350 1332 175 44 satisfacit
488 1332 88 44 nam
538 1332 75 44 si
563 1332 163 44 intellectus

172 1363 110 49 agens
245 1363 86 49 dat
294 1363 98 49 essc
355 1363 159 49 completum
477 1363 98 49 huic
539 1363 159 49 veritati,
649 1363 73 49 sequ

169 1402 95 53 tur,
229 1402 95 53 quod
288 1402 131 53 mensura
383 1402 119 53 dictae
466 1402 155 53 veritatis
585 1402 83 53 non
633 1402 83 53 sit
669 1402 59 53 pri

173 1432 73 48 ma
209 1432 146 48 veritas,
319 1432 85 48 sed
367 1432 182 48 intellectus
501 1432 85 48 agens

208 1459 167 55 Respondeo
336 1459 103 55 ergo
401 1459 141 55 aliter,
503 1459 103 55 quod
567 1459 115 55 licet
631 1459 103 55 intel-

173 1490 129 51 lectus
263 1490 116 51 agens
341 1490 90 51 det
392 1490 103 51 esse
457 1490 168 51 completum
586 1490 103 51 huic
638 1490 90 51 veri-

172 1536 109 46 tati,
244 1536 84 46 non
293 1536 109 46 tamen
365 1536 84 46 est
413 1536 97 46 eius
474 1536 145 46 mensura,
582 1536 97 46 quia
643 1536 84 46 hoc
679 1536 48 46 fa

172 1565 96 40 cit
227 1565 124 40 solum
310 1565 179 40 inquantum
447 1565 96 40 est
502 1565 151 40 quoddam
598 1565 124 40 organum

180 1601 120 45 primae
264 1601 168 45 veritatis,
396 1601 108 45 habet
467 1601 96 45 enim
527 1601 72 45 se
563 1601 108 45 prima
623 1601 108 45 veritas

175 1632 66 43 ad
208 1632 144 43 veritatem
319 1632 177 43 sensibilium,
463 1632 100 43 sicut
529 1632 77 43 ars
573 1632 66 43 ad
595 1632 133 43 artificia-

169 1671 107 42 tum,
235 1671 147 42 Videmus
342 1671 133 42 autem,
435 1671 107 42 quod
502 1671 213 42 artificiatum
662 1671 67 42 men

173 1703 109 48 suram
246 1703 133 48 recipit
342 1703 73 48 ab
379 1703 109 48 arte,
451 1703 61 48 &
476 1703 85 48 non
524 1703 73 48 ab
560 1703 121 48 organo
633 1703 97 48 artis;

179 1735 135 49 idcirco
277 1735 98 49 haec
338 1735 135 49 veritas
436 1735 147 49 mensuram
547 1735 135 49 accipit
645 1735 61 49 a
657 1735 74 49 pri-

170 1770 97 39 ma,
225 1770 110 39 quae
294 1770 83 39 se
336 1770 124 39 habet
419 1770 97 39 per
474 1770 124 39 modum
557 1770 138 39 actus,
653 1770 69 39 &
667 1770 69 39 non

174 1800 75 45 ab
211 1800 174 45 intellectu
348 1800 199 45 abstrahente,
510 1800 87 45 qui
560 1800 75 45 se
597 1800 112 45 habet
659 1800 75 45 prmo

178 1832 106 47 dum
223 1832 136 47 organi.

212 1863 104 42 Haec
277 1863 117 42 autem
355 1863 143 42 solutio
459 1863 91 42 est
511 1863 78 42 ad
550 1863 117 42 mente
615 1863 117 42 Coment.

186 1900 120 42 Arist.
270 1900 60 42 &
294 1900 72 42 D.
330 1900 96 42 Aug.
389 1900 179 42 Comentator.
533 1900 72 42 n.
569 1900 72 42 5.
604 1900 108 42 meth.
664 1900 72 42 com.

181 1938 76 41 31
219 1938 102 41 ait,
283 1938 191 41 Aristotelem
436 1938 114 41 motum
512 1938 102 41 esse
575 1938 76 41 ad
601 1938 127 41 ponendum

179 1975 132 42 mouens
271 1975 132 42 primum
364 1975 172 42 separatum
495 1975 66 42 a
522 1975 145 42 materia
614 1975 119 42 propter

177 2004 180 37 imixtionem
319 2004 154 37 virtutum
434 2004 257 37 intellectualium,
640 2004 90 37 neces

185 2037 70 46 se
220 2037 93 46 est.
278 2037 70 46 nm
313 2037 70 46 vt
348 2037 105 46 sicut
418 2037 163 46 materialia
546 2037 58 46 a
569 2037 116 46 mixtis
651 2037 81 46 cum
685 2037 47 46 ma

181 2072 118 50 teria
260 2072 197 50 generantur.
417 2072 92 50 ita
470 2072 131 50 imixta
561 2072 131 50 quoquo
640 2072 92 50 modo,

733 176 186 64 dependeant
879 176 67 64 a
906 176 93 64 non
959 176 120 64 mixto
1039 176 213 64 simpliciter.
1212 176 67 64 &
1225 176 67 64 lo-

731 230 127 55 quitur
820 230 114 55 etiam
896 230 89 55 ibi
947 230 76 55 de
985 230 177 55 intellectu
1124 230 139 55 agente.
1213 230 76 55 Vnde

738 262 116 41 formo
816 262 103 41 hanc
880 262 168 41 rationem.
1009 262 116 41 Sicut
1086 262 77 41 se
1125 262 116 41 habet
1190 262 90 41 agens

729 300 163 46 materiae
852 300 149 46 iunctum
960 300 81 46 ad
1001 300 163 46 effectum
1110 300 176 46 materialem,

732 330 81 55 ita
779 330 174 55 intellectus
918 330 116 55 agens,
1000 330 81 55 qui
1046 330 81 55 est
1093 330 58 55 a
1116 330 128 55 materia
1198 330 81 55 abiun

737 362 104 55 ctus
802 362 78 55 ad
841 362 156 55 effectum
958 362 156 55 imixtum,
1074 362 104 55 puta
1139 362 169 55 veritatem

731 402 173 51 abstractam
867 402 87 51 per
916 402 124 51 ipsum,
1003 402 87 51 sed
1052 402 111 51 agens
1126 402 148 51 materiae
1225 402 62 51 iun

729 430 103 56 ctum
794 430 90 56 non
845 430 103 56 agit
909 430 77 56 ad
948 430 167 56 effectum,
1077 430 103 56 nisi
1141 430 77 56 vt
1167 430 116 56 mensura

737 462 91 57 tum
789 462 91 57 per
841 462 117 57 artem
919 462 130 57 taquam
1010 462 143 57 organum
1114 462 143 57 ipsius;
1205 462 78 57 ergo

728 499 63 45 &
754 499 189 45 intellectus
905 499 113 45 agens
980 499 88 45 non
1031 499 164 45 concurrit
1157 499 76 45 ad
1182 499 101 45 abstra

737 529 134 58 ctionem
834 529 159 58 veritatis
956 529 98 58 nisi
1018 529 73 58 vt
1054 529 171 58 mensuratum
1188 529 85 58 per
1225 529 61 58 pri

732 564 99 58 mam
788 564 198 58 veritatem,
944 564 156 58 tanquam
1057 564 99 58 per
1114 564 156 58 quandam
1213 564 71 58 ar-

736 596 105 58 tem,
801 596 118 58 cuius
880 596 92 58 est
932 596 157 58 organum.
1050 596 105 58 Min.
1115 596 131 58 potest
1193 596 92 58 habe-

735 630 74 42 ri
772 630 74 42 ex
808 630 111 42 eodem
882 630 111 42 Auer.
956 630 98 42 xij.
1018 630 111 42 meth.
1091 630 98 42 com.
1153 630 86 42 10.
1202 630 86 42 vbi
1239 630 49 42 di

738 666 86 52 cit
787 666 98 52 quod
848 666 135 52 colores
947 666 172 52 generantes
1082 666 135 52 species
1168 666 123 52 inferio-

735 697 88 59 res
786 697 125 59 vltimo
873 697 150 59 mouentur
986 697 75 59 ab
1023 697 100 59 arte
1086 697 125 59 diuina
1161 697 125 59 intelle-

740 730 141 52 ctuali
839 730 155 52 tanquam
952 730 71 52 a
980 730 155 52 mensura
1079 730 113 52 quadam

776 761 126 46 Arist.
865 761 114 46 etiam
941 761 101 46 xij.
1004 761 114 46 Meth.
1079 761 114 46 vult,
1155 761 101 46 quod
1206 761 88 46 prima

736 798 106 57 causa
807 798 82 57 sit
854 798 129 57 dignior
948 798 106 57 alijs
1019 798 129 57 entibus
1113 798 106 57 quoad
1183 798 106 57 esse,
1254 798 59 57 &

745 831 176 55 veritatem,
884 831 63 55 &
909 831 101 55 quod
972 831 113 55 omnia
1048 831 164 55 acquirant
1174 831 113 55 esse,
1249 831 63 55 &

744 863 157 58 veritatem
864 863 84 58 per
913 863 96 58 eam,
973 863 60 58 &
997 863 84 58 ibi
1045 863 145 58 loquitur
1154 863 72 58 de
1178 863 108 58 verita-

745 896 77 58 te
784 896 206 58 speculatiua;
952 896 142 58 dixerat
1055 896 103 58 enim
1119 896 155 58 antequam
1222 896 65 58 con

742 931 162 55 sideratio
866 931 162 55 veritatis
991 931 162 55 causetur,
1116 931 87 55 vno
1166 931 100 55 modo
1216 931 75 55 dif-

739 967 132 56 ficilis,
838 967 88 56 alio
893 967 88 56 modo
948 967 121 56 facilis
1037 967 88 56 est,
1092 967 121 56 oportet
1180 967 88 56 ergo
1224 967 66 56 quod

744 999 73 52 de
780 999 146 52 veritate
890 999 158 52 abstracta
1011 999 85 52 por
1059 999 182 52 intellectum
1193 999 97 52 inten-

742 1031 95 54 dat:
801 1031 95 54 quia
861 1031 107 54 prima
932 1031 130 54 veritas
1027 1031 107 54 recte
1098 1031 107 54 cadit
1169 1031 83 54 sub
1204 1031 95 54 ratio-

736 1065 72 47 ne
772 1065 155 47 scientiae
891 1065 203 47 speculatiuae,
1059 1065 72 47 si
1095 1065 96 47 ergo
1155 1065 132 47 volumus
1238 1065 60 47 sal

743 1097 113 42 uare,
819 1097 100 42 quod
881 1097 113 42 entia
956 1097 163 42 acquirant
1081 1097 163 42 veritatem
1206 1097 63 42 a
1219 1097 75 42 pri-

737 1133 77 47 ma
776 1133 128 47 causa,
865 1133 140 47 oportet
967 1133 140 47 dicere,
1069 1133 102 47 quod
1133 1133 166 47 concurrat
1248 1133 51 47 ad

738 1166 125 44 istam
821 1166 194 44 veritatem,
974 1166 97 44 per
1029 1166 125 44 modum
1113 1166 125 44 artis
1182 1166 111 44 mensu-

742 1204 129 55 rantis;
836 1204 176 55 intellectus
977 1204 94 55 vero
1036 1204 165 55 abstrahens
1166 1204 118 55 illam,
1236 1204 59 55 tan

738 1233 105 54 quam
804 1233 145 54 organum
909 1233 171 54 praefatae
1028 1233 105 54 artis.

772 1255 92 69 Est
824 1255 118 69 etiam
903 1255 131 69 opinio
994 1255 78 69 D.
1033 1255 78 69 P.
1073 1255 144 69 August.
1164 1255 131 69 pluribus

741 1292 71 63 in
777 1292 107 63 locis
848 1292 83 63 sed
895 1292 154 63 praecipue
1014 1292 71 63 9.
1050 1292 71 63 de
1085 1292 83 63 Tri
1133 1292 95 63 c.5.
1192 1292 83 63 vbi
1228 1292 71 63 vult

751 1335 96 52 quod
811 1335 72 52 ad
847 1335 145 52 iudicium
956 1335 169 52 vreritatis
1088 1335 157 52 concurrat
1209 1335 84 52 non
1245 1335 48 52 so

750 1367 76 59 um
788 1367 191 59 intellectus
941 1367 204 59 abstrahendo,
1107 1367 89 59 sed
1158 1367 115 59 etiam
1222 1367 76 59 veri

740 1402 93 48 tas
793 1402 120 48 prima
873 1402 146 48 desuper
979 1402 200 48 assistendo,
1139 1402 67 48 &
1153 1402 146 48 mensuran-

740 1434 92 57 do,
792 1434 79 57 eo
832 1434 105 57 quod
897 1434 92 57 per
950 1434 118 57 modum
1029 1434 118 57 artis
1107 1434 171 57 contineat
1225 1434 66 57 re-

746 1469 114 61 gulas
822 1469 126 61 illas,
911 1469 126 61 quibus
999 1469 189 61 mensurantur
1150 1469 164 61 veritates
1264 1469 38 61 a

738 1501 193 41 sensibilibus
882 1501 157 41 abstractae.

777 1522 71 74 Ex
813 1522 83 74 his
860 1522 95 74 tres
920 1522 190 74 conclusiones
1075 1522 131 74 elicio:
1170 1522 107 74 Prima
1229 1522 60 74 est

744 1569 81 59 vt
784 1569 162 59 habeamus
906 1569 122 59 verum
987 1569 162 59 iudicium
1108 1569 81 59 de
1149 1569 122 59 rebus
1216 1569 81 59 cor-

743 1605 202 53 ruptibilibus,
910 1605 166 53 concurrunt
1040 1605 83 53 ibi
1088 1605 95 53 duae
1147 1605 143 53 regulae,
1243 1605 59 53 qui

746 1636 90 55 bus
798 1636 193 55 mediantibus
952 1636 180 55 iudicamus,
1094 1636 103 55 quae
1158 1636 103 55 sunt
1210 1636 90 55 veri-

749 1669 84 59 tas
797 1669 72 59 ab
833 1669 84 59 eis
881 1669 143 59 seiucta,
988 1669 60 59 &
1012 1669 132 59 veritas
1108 1669 132 59 diuinae
1203 1669 108 59 artis
1263 1669 60 59 de-

745 1703 113 57 super
821 1703 201 57 mensurantis.
984 1703 100 57 Haec
1047 1703 163 57 conclusio
1172 1703 113 57 satis
1235 1703 63 57 pa-

748 1737 97 55 tet;
808 1737 84 55 nam
857 1737 72 55 si
893 1737 84 55 vna
941 1737 133 55 veritas
1038 1737 181 55 sufficeret,
1182 1737 84 55 vel
1219 1737 84 55 esset

752 1771 141 58 diuina,
855 1771 90 58 vel
906 1771 180 58 abstracta,
1048 1771 90 58 non
1099 1771 129 58 prima,
1189 1771 103 58 quia
1241 1771 64 58 cum

749 1805 105 55 illam
820 1805 105 55 clare
890 1805 82 55 non
937 1805 152 55 intueatur
1054 1805 176 55 intellectus
1195 1805 129 55 noster,

752 1837 88 55 non
803 1837 125 55 posset
890 1837 113 55 illam
966 1837 163 55 applicare
1091 1837 88 55 per
1141 1837 75 55 se
1179 1837 113 55 ipsam
1241 1837 63 55 im-

757 1870 134 57 mediate
854 1870 73 57 ad
891 1870 97 57 ipsa
951 1870 182 57 sensibilia,
1097 1870 85 57 ita
1146 1870 73 57 vt
1182 1870 109 57 verum
1243 1870 61 57 iu-

755 1904 120 56 dicium
839 1904 72 56 de
875 1904 108 56 ipsis
948 1904 145 56 haberet;
1056 1904 84 56 nec
1104 1904 145 56 sufficit
1201 1904 108 56 veritas

751 1935 163 58 abstracta
877 1935 75 58 ab
914 1935 100 58 eis,
977 1935 88 58 cum
1027 1935 88 58 non
1077 1935 125 58 habeat
1165 1935 100 58 esse
1215 1935 88 58 immu-

747 1972 148 53 tabiles;
858 1972 136 53 mutatur
956 1972 99 53 enim
1018 1972 111 53 simul
1092 1972 86 53 cum
1142 1972 99 53 eis;
1203 1972 62 53 &
1216 1972 86 53 licet

752 2005 172 54 abstracta
884 2005 106 54 sit,
950 2005 145 54 mutatur
1055 2005 119 54 tamen
1134 2005 158 54 secundum
1240 2005 66 54 va-

749 2039 171 53 riationem
880 2039 223 53 phantasmatum:
1064 2039 197 53 relinquitur
1209 2039 92 53 ergo;

753 2071 104 53 quod
818 2071 130 53 habeat
909 2071 104 53 esse
974 2071 195 53 inuariabile
1130 2071 117 53 solum
1208 2071 78 53 ex
1234 2071 65 53 eo,
