1500 2327
209 148 161 52 naturam,
329 148 94 52 sed
383 148 121 52 etiam
463 148 161 52 secundum
584 148 174 52 rationem:
705 148 67 52 nul

207 193 75 51 lo
245 193 100 51 ergo
308 193 100 51 modo
371 193 125 51 potest
458 193 88 51 ibi
509 193 151 51 inueniri
621 193 113 51 ratio
684 193 88 51 prio-

214 226 90 46 ris,
270 226 56 46 &
281 226 158 46 posterioris.

247 260 119 44 Hanc
322 260 193 44 opinionem
470 260 134 44 credo
560 260 179 44 veriorem
679 260 89 44 pro-

213 294 108 45 pter
266 294 81 45 tria

242 325 126 43 Primo,
331 325 101 43 quia
394 325 114 43 magis
470 325 164 43 conformis
596 325 88 43 est
647 325 114 43 fidei
710 325 63 43 vni

209 364 159 34 uersalis
328 364 185 34 Ecclesiae,
474 364 106 34 quam
540 364 79 34 in
580 364 146 34 Svmbolo
672 364 93 34 Atha-

210 393 112 48 nasij
284 393 187 48 profitemur,
434 393 75 48 in
471 393 87 48 quo
521 393 199 48 simpliciter,
683 393 62 48 &
695 393 75 48 sine

210 432 131 33 aliqua
302 432 236 33 determinatione
498 432 144 33 negatur
603 432 131 33 prius,
694 432 65 33 &
708 432 65 33 po-

211 465 134 36 sterius
309 465 61 36 a
333 465 134 36 diuinis
431 465 159 36 personis.
553 465 147 36 Secundo,
663 465 98 36 quia
712 465 61 36 fun

206 497 158 42 damentum,
327 497 85 42 cui
376 497 170 42 innititur,
510 497 85 42 ita
558 497 134 42 videtur
643 497 122 42 efficax,

205 531 105 39 quod
270 531 118 39 nullo
349 531 105 39 modo
414 531 131 39 potest
506 531 131 39 tolli.
598 531 144 39 Tertio,
689 531 79 39 quia

206 565 150 35 Doctores
318 565 137 35 plures,
418 565 62 35 &
443 565 187 35 antiquiores
592 565 75 35 in
630 565 75 35 ea
655 565 112 35 concor-

204 600 113 36 dant,
280 600 113 36 verum
355 600 100 36 quia
417 600 150 36 rationes
530 600 150 36 alterius
630 600 138 36 opinionis

205 637 151 34 videntur
319 637 189 34 aliqualiter
469 637 138 34 cogere,
570 637 138 34 idcirco
670 637 75 34 in
696 637 75 34 isto

206 665 156 46 articulo
323 665 91 46 sic
362 665 143 46 procedam.

241 697 114 44 Primo
317 697 177 44 distinguam
457 697 76 44 de
495 697 139 44 priori,
596 697 63 44 &
608 697 165 44 posteriori.

236 734 150 46 Secundo
346 734 178 46 ostendam,
482 734 109 46 quod
550 734 137 46 prius,
646 734 68 46 &
660 734 109 46 poste-

196 765 111 48 rius
266 765 153 48 proprie
377 765 153 48 accepta
488 765 139 48 omnino
585 765 111 48 sunt
640 765 125 48 neganda

203 802 62 43 a
227 802 135 43 diuinis
314 802 135 43 personis.

235 832 137 44 Tertio
331 832 178 44 ostendam,
468 832 109 44 quod
536 832 82 44 si
577 832 192 44 extendatur
714 832 55 44 ad

207 872 146 46 personas
316 872 97 46 diu,
377 872 122 46 natura
463 872 146 46 prioris,
572 872 61 46 &
597 872 195 46 posterioris,

205 906 89 41 hoc
256 906 89 41 est
307 906 114 41 valde
383 906 127 41 large,
472 906 63 41 &
497 906 89 41 per
548 906 89 41 hoc
599 906 127 41 soluam
675 906 89 41 ratio

206 938 81 45 nes
253 938 139 45 alterius
346 938 139 45 opinionis,

223 966 152 51 Propter
334 966 138 51 primum
431 966 97 51 est
486 966 249 51 intelligendum,
680 966 83 51 quod

210 1006 123 42 prius,
296 1006 62 42 &
321 1006 160 42 posterius
444 1006 148 42 videntur
555 1006 111 42 primo
629 1006 136 42 inuenta
716 1006 49 42 es

203 1040 76 36 se
241 1040 76 36 in
279 1040 152 36 tempore,
393 1040 101 36 quod
456 1040 127 36 patet,
545 1040 101 36 quia
608 1040 152 36 ponuntur
709 1040 51 36 in

208 1069 182 40 definitione
353 1069 133 40 ipsius,
450 1069 133 40 tanquam
547 1069 97 40 suae
595 1069 170 40 differentiae

205 1107 157 46 propriae,
325 1107 108 46 sicut
398 1107 108 46 patet
470 1107 72 46 4.
506 1107 96 46 phy.
566 1107 96 46 vnde
627 1107 60 46 &
651 1107 96 46 Com.
699 1107 60 46 di-

208 1135 89 46 cit
259 1135 89 46 ibi
310 1135 89 46 Com
360 1135 89 46 ij.
411 1135 101 46 quod
474 1135 139 46 numerus
576 1135 152 46 ponuntur
690 1135 76 46 in
715 1135 51 46 de

204 1173 163 42 finitione
330 1173 163 42 temporis,
455 1173 138 42 tanquam
555 1173 125 42 genus,
642 1173 63 42 &
655 1173 100 42 poste-

202 1207 100 42 rius
264 1207 138 42 tanquam
364 1207 200 42 differentia:
527 1207 138 42 constat
627 1207 113 42 aute,
689 1207 75 42 quod

204 1244 129 44 prius,
294 1244 65 44 &
320 1244 168 44 posterius
449 1244 194 44 inueniuntur
604 1244 77 44 in
630 1244 129 44 tempore,

207 1277 126 40 ratione
298 1277 195 40 suceessionis.
459 1277 69 40 Et
494 1277 92 40 ideo
551 1277 103 40 ratio
620 1277 126 40 prioris
701 1277 57 40 non

198 1308 136 48 videtur
297 1308 111 48 posse
371 1308 173 48 transferri
507 1308 149 48 proprie,
619 1308 99 48 nisi
681 1308 74 48 ad
705 1308 50 48 ea

199 1340 76 47 in
237 1340 127 47 quibus
327 1340 166 47 inuenitur
454 1340 140 47 aliquis
556 1340 115 47 modus
620 1340 140 47 suceessio

204 1376 97 41 nis,
264 1376 60 41 &
289 1376 97 41 hinc
349 1376 97 41 est,
409 1376 97 41 quod
470 1376 109 41 omnes
542 1376 109 41 modi,
615 1376 145 41 prioris,
724 1376 60 41 &

205 1408 189 48 posterioris,
358 1408 94 48 quos
417 1408 106 48 ponit
488 1408 118 48 Arist.
570 1408 71 48 5.
606 1408 118 48 Metaph
677 1408 82 48 videm

198 1441 87 44 tur
247 1441 99 44 esse
309 1441 136 44 accepti
408 1441 111 44 penes
483 1441 149 44 diuersos
594 1441 111 44 modos
656 1441 99 44 succes

201 1472 134 56 sionis,
299 1472 73 56 si
335 1472 98 56 quis
396 1472 98 56 bene
457 1472 183 56 consideret,
604 1472 98 56 quae
665 1472 86 56 ibi
702 1472 61 56 di

185 1513 134 45 cuntur.

235 1547 81 36 Ad
275 1547 122 36 cuius
356 1547 149 36 maiorem
464 1547 189 36 euidentiam
613 1547 95 36 est
653 1547 108 36 aduer-

202 1576 135 40 tendum,
300 1576 98 40 quod
361 1576 110 40 omnis
435 1576 172 40 suceessio,
570 1576 86 40 vel
619 1576 86 40 est
656 1576 98 40 sucees

197 1613 86 42 sio
246 1613 184 42 durationis,
393 1613 86 42 vel
442 1613 147 42 cuiusdam
540 1613 221 42 subordinationis:

194 1650 94 38 hae
247 1650 120 38 autem
327 1650 107 38 duae
394 1650 214 38 suceessiones
568 1650 80 38 in
608 1650 94 38 hoc
648 1650 107 38 conue-

197 1679 134 50 niunt,
291 1679 108 50 quod
358 1679 175 50 quaelibet
492 1679 188 50 attenditur
627 1679 134 50 secundum

196 1713 135 37 diuersa
294 1713 123 37 signa,
380 1713 98 37 quae
441 1713 111 37 habet
515 1713 160 37 mensurare
638 1713 111 37 illas
700 1713 61 37 res

196 1747 69 45 in
230 1747 114 45 quibus
310 1747 80 45 est
356 1747 103 45 talis
424 1747 149 45 successio
539 1747 172 45 durationis;
665 1747 92 45 diffe-

197 1777 100 41 runt
260 1777 113 41 tamen
335 1777 75 41 in
373 1777 113 41 alio,
448 1777 100 41 quia
511 1777 113 41 signa
586 1777 100 41 illa
637 1777 125 41 secundum

195 1817 102 35 quae
259 1817 178 35 attenditur
399 1817 165 35 suceessio
526 1817 191 35 durationis,
666 1817 89 35 penes

198 1847 91 49 duo
250 1847 170 49 instantia
381 1847 170 49 temporis,
511 1847 117 49 nullo
589 1847 104 49 modo
642 1847 117 49 possunt

201 1881 106 40 esse
254 1881 92 40 simul

230 1910 72 48 Et
266 1910 97 48 ideo
326 1910 157 48 suceessio
447 1910 145 48 prioris,
556 1910 60 48 &
580 1910 181 48 posterioris
713 1910 48 48 in

194 1947 170 46 duratione
325 1947 131 46 omnino
416 1947 157 46 excludit
534 1947 196 46 simultatem;
678 1947 78 46 illa

201 1982 105 44 vero
266 1982 131 44 signa,
358 1982 157 44 secundum
476 1982 105 44 quae
541 1982 183 44 attenditur
672 1982 79 44 suc-

201 2020 121 36 cessio
285 2020 241 36 subordinationis,
491 2020 97 36 puta
551 2020 84 36 duo
599 2020 157 36 instantia
708 2020 48 36 na

200 2050 117 57 turae,
282 2050 129 57 possunt
376 2050 105 57 esse,
446 2050 58 57 &
469 2050 94 57 sunt
528 2050 117 57 simul,
610 2050 70 57 vt
633 2050 117 57 inferius

798 147 145 59 patebit,
907 147 133 59 propter
1003 147 97 59 quod
1064 147 157 59 suceessio
1185 147 145 59 prioris,
1294 147 60 59 &
1306 147 48 59 po

792 194 162 41 sterioris
916 194 75 41 in
953 194 224 41 subordinatione
1140 194 87 41 non
1190 194 149 41 excludit
1290 194 62 41 si-

785 233 174 38 multatem,
918 233 107 38 immo
985 233 94 38 eam
1039 233 174 38 includit.
1172 233 147 38 Videmus
1266 233 80 38 nam-

793 266 105 41 que,
859 266 105 41 quod
925 266 184 41 subiectum,
1069 266 66 41 &
1096 266 145 41 propria
1201 266 132 41 passio
1280 266 66 41 nul

789 297 92 38 lam
841 297 131 38 habent
933 297 210 38 suceessionem
1103 297 79 38 in
1142 297 183 38 duratione,
1273 297 79 38 quia

788 331 110 34 sunt
857 331 83 34 in
898 331 124 34 eodem
981 331 124 34 signo
1064 331 207 34 durationis,
1215 331 138 34 secundum

790 366 158 36 quandam
905 366 187 36 mensuram,
1048 366 144 36 habent
1149 366 129 36 tamen
1221 366 129 36 sucees-

790 397 130 39 sionem
881 397 260 39 subordinationis,
1101 397 65 39 &
1127 397 208 39 dependentiae
1283 397 65 39 se-

791 432 121 39 cundum
876 432 97 39 suas
936 432 146 39 naturas,
1046 432 97 39 quia
1106 432 133 39 passio,
1191 432 158 39 naturaliter

791 465 151 37 dependet
905 465 63 37 a
930 465 164 37 subiecto,
1056 465 63 37 &
1081 465 88 37 non
1132 465 63 37 e
1157 465 164 37 conuerso;
1270 465 76 37 ideo

797 500 85 36 est
845 500 182 36 subordinata
991 500 133 36 naturae
1088 500 158 36 subiecti,
1209 500 61 36 &
1234 500 85 36 non
1282 500 61 36 e
1294 500 61 36 con

787 532 131 41 uerso,
879 532 66 41 &
905 532 92 41 per
958 532 197 41 consequens,
1115 532 92 41 non
1168 532 92 41 est
1221 532 118 41 simul
1286 532 66 41 cum

794 568 162 39 subiecto,
918 568 87 39 sed
968 568 162 39 posterius
1093 568 75 39 eo
1130 568 150 39 secundum
1230 568 125 39 naturam,

794 600 60 45 &
818 600 96 45 quia
878 600 155 45 suceessio
997 600 143 45 prioris,
1105 600 60 45 &
1129 600 179 45 posterioris
1272 600 84 45 non
1308 600 48 45 po

790 636 98 39 test
851 636 98 39 esse
913 636 147 39 secundum
1023 636 98 39 idem
1085 636 135 39 signum;
1183 636 135 39 idcirco
1269 636 86 39 aliud

787 671 94 41 est
840 671 135 41 signum
935 671 108 41 quod
1002 671 175 41 respondet
1137 671 175 41 subiecto,
1271 671 67 41 &
1285 671 67 41 est

789 702 146 36 mensura
895 702 106 36 suae
962 702 160 36 naturae,
1081 702 66 36 &
1108 702 120 36 aliud
1187 702 133 36 signum
1267 702 80 36 quod

785 736 166 34 respondet
913 736 102 34 suae
977 736 166 34 passioni;
1104 736 140 34 quamuis
1206 736 102 34 ergo
1257 736 102 34 passio

789 767 88 39 non
840 767 88 39 sit
890 767 163 39 posterior
1015 767 163 39 subiecto,
1141 767 88 39 nec
1191 767 88 39 ibi
1229 767 125 39 succedat

780 802 166 39 secundum
904 802 207 39 durationem,
1070 802 166 39 succedit
1194 802 124 39 tamen
1263 802 83 39 sibi

784 836 174 49 secundum
914 836 174 49 naturam,
1044 836 72 49 &
1073 836 101 49 per
1131 836 203 49 consequens
1276 836 72 49 ha-

783 870 100 37 bent
846 870 125 37 aliud,
934 870 63 37 &
959 870 113 37 aliud
1034 870 125 37 signum
1122 870 151 37 naturae,
1235 870 100 37 quia
1285 870 63 37 su-

782 903 146 37 biectum
888 903 93 37 est
941 903 200 37 independens
1101 903 67 37 a
1128 903 173 37 passione,
1248 903 106 37 passio

788 942 107 35 vero
855 942 161 35 dependet
975 942 80 35 ab
1016 942 94 35 eo,
1069 942 148 35 propter
1177 942 107 35 quod
1244 942 94 35 ibi
1284 942 67 35 est

784 972 175 44 suceessio
918 972 161 44 cuiusdam
1039 972 228 44 dependentiae,
1227 972 67 44 &
1240 972 108 44 subor-

788 1005 166 40 dinationis,

812 1037 166 47 Redeundo
937 1037 111 47 ergo
1006 1037 83 47 ad
1047 1037 193 47 propositum
1199 1037 124 47 dico,
1268 1037 83 47 quod

791 1071 137 35 prius,
887 1071 68 35 &
914 1071 177 35 posterius
1051 1071 96 35 cum
1105 1071 177 35 importent
1228 1071 123 35 quandam

784 1109 215 42 suceessionem
958 1109 202 42 inueniuntur
1120 1109 81 42 in
1160 1109 161 42 tempore,
1267 1109 81 42 quod

788 1139 95 41 est
843 1139 150 41 mensura
952 1139 136 41 omnium
1047 1139 245 41 suceessiuorum:
1238 1139 109 41 conse-

782 1174 144 43 quenter
887 1174 105 43 vero
952 1174 144 43 possunt
1057 1174 183 43 transferri
1201 1174 79 43 ad
1227 1174 118 43 quaecun

785 1209 99 49 quae
847 1209 112 49 alia,
921 1209 74 49 in
958 1209 124 49 quibus
1045 1209 161 49 inuenitur
1169 1209 137 49 aliquis
1256 1209 87 49 modus

780 1239 192 49 suceessiuus,
936 1239 72 49 vt
972 1239 120 49 patere
1056 1239 120 49 potest
1139 1239 84 49 per
1187 1239 120 49 Arist.
1271 1239 72 49 5.
1295 1239 48 49 Me

783 1279 107 39 taph
849 1279 93 39 vbi
903 1279 160 39 enumerat
1023 1279 120 39 omnes
1103 1279 120 39 modos
1170 1279 173 39 prioritatis

787 1308 171 47 Concludo
915 1308 114 47 ergo
986 1308 114 47 quod
1057 1308 100 47 cum
1114 1308 128 47 omnis
1185 1308 157 47 suceessio

780 1343 94 37 sit,
839 1343 82 37 vel
886 1343 176 37 durationis,
1027 1343 82 37 vel
1074 1343 235 37 subordinationis,
1274 1343 94 37 sola

781 1378 155 37 suceessio
900 1378 166 37 durationis
1031 1378 83 37 est
1078 1378 190 37 proprijssime
1233 1378 119 37 dicta,
1304 1378 36 37 &

781 1410 176 40 inuenitur
917 1410 81 40 in
958 1410 109 40 solo
1026 1410 163 40 tempore,
1148 1410 68 40 &
1175 1410 122 40 motu,
1243 1410 95 40 penes

780 1450 115 38 quam
852 1450 230 38 suceessionem
1039 1450 158 38 sumitur
1154 1450 144 38 primus
1240 1450 101 38 modus

780 1480 153 42 prioris,
895 1480 64 42 &
921 1480 192 42 posterioris
1074 1480 153 42 secundum
1189 1480 140 42 tempus,
1278 1480 64 42 qui

782 1514 85 41 est
831 1514 220 41 proprijssimus,
1014 1514 61 41 &
1038 1514 134 41 primus,
1136 1514 73 41 ab
1172 1514 171 41 Aristotele
1294 1514 49 41 in

780 1543 114 46 litera
848 1543 114 46 positus.

812 1576 122 46 Omnes
894 1576 108 46 vero
962 1576 108 46 alij
1029 1576 108 46 modi
1097 1576 163 46 videntur
1219 1576 108 46 sumi
1273 1576 68 46 pe-

773 1608 97 42 nes
829 1608 222 42 suceessionem
1009 1608 278 42 subordinationis,
1246 1608 70 42 &
1260 1608 83 42 quia

776 1650 87 36 sex
825 1650 112 36 modis
900 1650 124 36 potest
987 1650 137 36 aliquid
1086 1650 186 36 subordinari
1223 1650 112 36 alteri;

780 1683 99 39 ideo
842 1683 74 39 ex
879 1683 124 39 Arist.
966 1683 136 39 possunt
1065 1683 124 39 haberi
1151 1683 87 39 sex
1201 1683 99 39 alij
1251 1683 74 39 modi

785 1717 98 39 Nam
841 1717 98 39 vno
897 1717 112 39 modo
967 1717 140 39 potest
1066 1717 154 39 aliquid
1164 1717 168 39 subordinat

773 1747 126 46 alteri
862 1747 151 46 secundum
975 1747 126 46 locum,
1064 1747 76 46 vt
1101 1747 139 46 dicatur
1202 1747 126 46 prius,
1278 1747 63 46 vel

777 1785 170 40 posterius
908 1785 183 40 localiter.
1052 1785 105 40 Alio
1117 1785 105 40 modo
1183 1785 157 40 secundum
1288 1785 52 40 mo

776 1820 116 35 tum.
848 1820 144 35 Tertio
949 1820 173 35 secundum
1079 1820 202 35 potentiam.
1223 1820 116 35 Quarto

780 1851 159 38 secundum
899 1851 132 38 gradum
991 1851 185 38 dignitatis
1137 1851 172 38 alicuius,
1269 1851 66 38 &
1282 1851 53 38 e-

772 1888 180 43 minentiae,
914 1888 77 43 in
952 1888 90 43 quo
1004 1888 77 43 ab
1043 1888 103 43 ipso
1107 1888 180 43 exceditur.
1236 1888 103 43 Quinto

775 1922 169 40 secundum
902 1922 225 40 cognitionem.
1085 1922 127 40 Sexto
1169 1922 169 40 secundum
1282 1922 56 40 na

775 1953 122 45 turam,
860 1953 97 45 siue
921 1953 97 45 illa
982 1953 158 45 ordinatio
1104 1953 158 45 proueniat
1225 1953 73 45 ex
1250 1953 85 45 prio-

779 1986 124 39 ritate
865 1986 161 39 originis,
989 1986 111 39 sicut
1064 1986 111 39 forma
1138 1986 198 39 subordinatur
1286 1986 50 39 ma

775 2021 126 42 teriae,
866 2021 92 42 quia
924 2021 80 42 est
970 2021 149 42 posterior
1084 2021 69 42 ea
1119 2021 80 42 via
1165 2021 149 42 originis,
1268 2021 69 42 siue

778 2055 166 54 proueniat:
908 2055 71 54 ex
944 2055 166 54 prioritate
1074 2055 201 54 perfectionis,
1239 2055 106 54 sicut
1299 2055 35 54 e
