1500 2382
101 162 155 57 conuerso
218 162 143 57 materia
321 162 207 57 subordinatur
490 162 130 57 formae
580 162 91 57 via
619 162 78 57 pro-

102 209 180 41 fectionis,
243 209 103 41 quia
308 209 90 41 est
359 209 167 41 posterior
487 209 77 41 ea
526 209 154 41 secundum
629 209 64 41 per

107 245 185 38 fectionem,
252 245 66 38 &
278 245 119 38 penes
357 245 119 38 istam
436 245 145 38 vltimam
529 245 158 38 subordina-

111 281 135 46 tionem
205 281 175 46 accipitur
339 281 148 46 vltimus
447 281 121 46 modus
528 281 161 46 prioris,
649 281 67 46 &

98 312 210 47 posterioris,
269 312 79 47 ex
308 312 145 47 quibus,
413 312 145 47 quantum
518 312 79 47 in
545 312 145 47 praesenti

108 353 164 47 sufficit,
234 353 151 47 habemus,
347 353 101 47 quod
410 353 126 47 prius,
498 353 63 47 &
523 353 164 47 posterius
637 353 50 47 de

101 385 97 38 suo
157 385 111 38 modo
226 385 236 38 significandi,
421 385 125 38 prout
504 385 167 38 traditur
615 385 70 38 no-

105 418 93 39 bis
158 418 80 39 ab
198 418 199 39 Aristotele,
357 418 133 39 semper
450 418 173 39 important
569 418 120 39 quandam

110 452 228 53 suceessionem,
298 452 94 53 vel
351 452 201 53 durationis,
512 452 94 53 vel
553 452 134 53 subordi

90 491 152 45 nationis.

138 519 75 43 Si
176 519 100 43 vero
239 519 125 43 prius,
326 519 63 43 &
351 519 163 43 posterius
476 519 188 43 accipiantur
614 519 75 43 com-

107 548 161 59 muniter,
227 548 67 59 &
254 548 134 59 large,
348 548 121 59 prout
429 548 188 59 abstrahunt
577 548 81 59 ab
603 548 81 59 omni

107 592 218 47 suceessione,
284 592 68 47 &
312 592 177 47 important
448 592 191 47 simplicem,
598 592 68 47 &
611 592 82 47 debi

104 626 95 49 tam
159 626 245 49 coordinationem
363 626 177 49 aliquorum
485 626 204 49 distinctorum,

102 662 185 43 habentium
244 662 156 43 aliquam
358 662 242 43 similitudinem
557 662 100 43 cum
600 662 85 43 prio

105 700 89 40 ri,
156 700 64 40 &
182 700 179 40 posteriori
322 700 140 40 proprie
424 700 115 40 dicti
501 700 153 40 secundum
603 700 77 40 suc.

107 731 182 41 cessionem,
250 731 91 41 hoc
302 731 104 41 modo
367 731 91 41 non
419 731 130 41 potest
510 731 156 41 inueniri
614 731 65 41 eo-

106 769 85 41 rum
154 769 109 41 ratio
227 769 73 41 in
263 769 121 41 aliqua
348 769 157 41 creatura,
469 769 109 41 cuius
542 769 109 41 ratio
614 769 97 41 est,

104 807 109 42 quia
172 807 82 42 in
213 807 177 42 creaturis
350 807 95 42 non
404 807 150 42 possunt
513 807 163 42 inueniri
622 807 68 42 duo

102 840 105 44 esse
167 840 79 44 ad
207 840 144 44 inuicem
311 840 170 44 ordinata,
442 840 92 44 ita
495 840 170 44 aequalia,
612 840 79 44 quin

104 876 93 35 vel
157 876 106 35 vnum
223 876 212 35 subordinetur
395 876 146 35 alteri,
501 876 93 35 vel
554 876 106 35 ambo
607 876 80 35 cui-

106 910 94 47 dam
159 910 148 47 tertio,
267 910 67 47 &
294 910 94 47 per
348 910 202 47 consequens,
510 910 135 47 semper
591 910 94 47 serua

108 942 98 48 bunt
169 942 110 48 veram
242 942 196 48 suceessionem
402 942 184 48 posterioris
548 942 73 48 ad
585 942 122 48 prius,

101 980 109 42 siue
169 980 95 42 per
224 980 258 42 subordinationem
441 980 122 42 vnius
522 980 95 42 sub
563 980 122 42 altero,

110 1013 114 41 siue
181 1013 100 41 per
238 1013 270 41 subordinationem
465 1013 156 41 amborum
579 1013 100 41 sub
622 1013 71 41 ter

112 1052 99 41 tio.
173 1052 74 41 Et
210 1052 99 41 ideo
272 1052 123 41 prius,
359 1052 62 41 &
383 1052 161 41 posterius
507 1052 86 41 sic
556 1052 136 41 accepta
643 1052 49 41 vi

108 1082 134 43 dentur
202 1082 121 43 valde
282 1082 161 43 extranea
403 1082 67 43 a
430 1082 107 43 modo
484 1082 201 43 significandi,

100 1116 70 48 a
128 1116 97 48 quo
184 1116 125 48 dicta
267 1116 139 48 nomina
365 1116 111 48 sunt
434 1116 181 48 imposita,
560 1116 125 48 propter

104 1149 110 47 quod
173 1149 97 47 nec
228 1149 124 47 etiam
311 1149 83 47 ab
352 1149 193 47 Aristotele
504 1149 110 47 sunt
559 1149 138 47 conside-

105 1186 120 45 rata:
184 1186 120 45 patet
264 1186 120 45 ergo,
344 1186 106 45 quod
410 1186 106 45 erat
477 1186 120 45 primo
543 1186 146 45 explican-

108 1226 105 45 dum
168 1226 135 45 circa
258 1226 120 45 hunc
332 1226 209 45 articulum.

132 1258 157 40 Quantum
246 1258 86 40 ad
289 1258 172 40 secundum
418 1258 129 40 dico,
504 1258 115 40 quod
575 1258 143 40 prius,

114 1295 71 42 &
142 1295 184 42 posterius
283 1295 155 42 accepta
396 1295 155 42 proprie
509 1295 170 42 secundum
622 1295 71 42 mo-

108 1326 97 37 dum
164 1326 236 37 significandi,
358 1326 69 37 a
386 1326 97 37 quo
441 1326 125 37 dicta
524 1326 139 37 nomina
608 1326 83 37 sunt

108 1361 166 38 imposita,
236 1361 64 38 &
262 1361 77 38 ab
300 1361 128 38 Arist.
389 1361 153 38 tradita,
504 1361 128 38 omnino
594 1361 102 38 sunt
645 1361 51 38 ne

114 1399 116 43 ganda
191 1399 64 43 a
217 1399 142 43 diuinis
320 1399 168 43 personis.
449 1399 103 43 Quae
514 1399 168 43 conclusio
630 1399 64 43 con

115 1432 118 40 cessa
194 1432 92 40 est
246 1432 79 40 ab
286 1432 145 40 omnibus
391 1432 145 40 quantum
497 1432 79 40 ad
523 1432 171 40 prioritaten

113 1471 165 39 temporis,
240 1471 89 39 vel
291 1471 153 39 naturae,
406 1471 64 39 &
431 1471 102 39 ideo
495 1471 114 39 solum
571 1471 127 39 restat
647 1471 51 39 mi

111 1502 84 43 hi
153 1502 98 43 eam
209 1502 153 43 probare
320 1502 153 43 quantum
432 1502 84 43 ad
474 1502 209 43 prioritatem
627 1502 70 43 ori

111 1535 127 45 ginis,
200 1535 101 45 quod
263 1535 89 45 ibi
314 1535 89 45 non
365 1535 190 45 reperiatur,
517 1535 76 45 vt
555 1535 114 45 dicit
618 1535 76 45 opin

112 1572 149 44 superius
223 1572 161 44 recitata,
347 1572 124 44 contra
434 1572 112 44 quam,
508 1572 136 44 praeter
595 1572 99 44 ratio-

112 1604 99 40 nem
168 1604 183 40 adductam,
309 1604 113 40 quae
379 1604 141 40 optima
478 1604 113 40 mihi
548 1604 169 40 videtur,

110 1639 129 49 adduco
200 1639 103 49 tres
264 1639 116 49 alias
329 1639 141 49 rationes.

142 1676 122 39 Prima,
227 1676 73 39 Si
264 1676 110 39 pater
337 1676 73 39 in
374 1676 134 39 diuinis
471 1676 110 39 esset
545 1676 110 39 prior
606 1676 85 39 silio

108 1707 174 43 secundum
239 1707 189 43 originem,
385 1707 218 43 sequeretur,
559 1707 116 43 quod
617 1707 73 43 ibi

119 1742 109 41 esset
191 1742 133 41 aliquis
288 1742 109 41 modus
360 1742 205 41 suceessionis,
529 1742 84 41 ita
577 1742 97 41 quod
626 1742 60 41 fi-

115 1781 101 45 lius
178 1781 176 45 succederet
317 1781 101 45 ipsi
380 1781 113 45 patri
455 1781 151 45 secundum
556 1781 138 45 originem:

109 1813 209 45 Consequens
273 1813 104 45 est
333 1813 164 45 falsum,
452 1813 119 45 ergo
527 1813 104 45 &c.
572 1813 119 45 Conse-

123 1851 132 45 quentia
219 1851 108 45 patet
291 1851 72 45 ex
327 1851 120 45 dictis
412 1851 156 45 superius,
532 1851 84 45 vbi
568 1851 120 45 ostensum

117 1882 103 49 est,
182 1882 103 49 quod
246 1882 129 49 prius,
336 1882 64 49 &
362 1882 168 49 posterius
491 1882 142 49 accepta
581 1882 116 49 proprie

111 1917 173 38 secundum
240 1917 130 38 modum
327 1917 245 38 signisicandi,
528 1917 72 38 a
557 1917 101 38 quo
600 1917 101 38 dicta

111 1951 143 55 nomina
211 1951 214 55 imponuntur,
382 1951 143 55 semper
481 1951 185 55 important
610 1951 86 55 ali-

122 1992 104 43 quam
187 1992 222 43 suceessionem,
370 1992 117 43 sicut
448 1992 117 43 patet
526 1992 78 43 ex
566 1992 117 43 modo,
631 1992 65 43 quo

115 2025 138 41 vtitur
212 2025 97 41 eis
267 2025 221 41 Aristoteles,
447 2025 207 41 distinguens
598 2025 97 41 modos

116 2057 150 46 prioris,
228 2057 62 46 &
253 2057 200 46 posterioris.
415 2057 175 46 Falsitatem
552 2057 125 46 probo,
627 2057 75 46 quia

106 2089 160 44 vbicunque
229 2089 86 44 est
278 2089 123 44 aliqua
365 2089 173 44 suceessio,
501 2089 86 44 ibi
550 2089 86 44 est
587 2089 111 44 aliquis

104 2127 139 56 exitus
201 2127 83 56 de
243 2127 166 56 potentia
367 2127 83 56 ad
409 2127 139 56 actum,
506 2127 97 56 cum
561 2127 97 56 hoc
603 2127 97 56 videa

700 167 87 55 tur
749 167 100 55 esse
812 167 75 55 de
849 167 137 55 ratione
949 167 112 55 omnis
1024 167 212 55 suceessionis,
1186 167 112 55 exitus.

700 217 128 43 autem
785 217 85 43 de
827 217 170 43 potentia
955 217 85 43 ad
998 217 128 43 actum
1083 217 184 43 quocunque
1210 217 71 43 mo-

700 247 86 43 do
743 247 144 43 omnino
843 247 172 43 repugnat
973 247 158 43 diuinis
1088 247 187 43 personis,
1217 247 86 43 ergo

709 280 121 55 nullo
789 280 107 55 modo
856 280 94 55 est
910 280 94 55 ibi
963 280 121 55 ratio
1044 280 161 55 prioris,
1164 280 67 55 &
1178 280 107 55 poste-

707 313 123 50 rioris
793 313 135 50 proprie
879 313 123 50 accepti.

736 351 87 46 Et
780 351 218 46 confirmatur
954 351 102 46 per
1012 351 189 46 Riccardum
1158 351 116 46 (cui
1216 351 87 46 opi-

700 391 93 45 nio
753 391 173 45 contraria
886 391 133 45 maxime
979 391 186 45 innititur)
1126 391 160 45 dicentem
1232 391 67 45 ter

703 421 85 47 tio
751 421 73 47 de
788 421 170 47 Trinitate,
921 421 97 47 cap.
982 421 73 47 8.
1018 421 146 47 oportuit
1127 421 146 47 aeternam
1224 421 61 47 per

701 454 129 40 sonam
787 454 157 40 alteram
901 454 200 40 coaeternam
1058 454 157 40 habere,
1173 454 100 40 nec
1216 454 72 40 po-

706 490 105 48 tuit
772 490 92 48 vna
824 490 145 48 alteram
930 490 198 48 praecedere,
1088 490 92 48 nec
1141 490 92 48 vna
1181 490 105 48 alteri

684 523 173 50 succedere,

737 533 116 75 Neque
814 533 116 75 valet
892 533 77 75 si
930 533 155 75 dicatur,
1046 533 103 75 quod
1111 533 180 75 intelligit
1240 533 64 75 de;

707 597 209 43 processione,
877 597 65 43 &
903 597 196 43 suceessione
1060 597 157 43 secundum
1164 597 118 43 aeterni

708 631 118 38 tatem
787 631 197 38 durationis,
944 631 92 38 non
996 631 118 38 autem
1075 631 79 38 de
1101 631 184 38 processione,

699 666 73 37 &
729 666 220 37 suceessione
905 666 309 37 secundumoriginem,
1169 666 103 37 quo
1214 666 73 37 mo-

700 701 81 40 do
740 701 134 40 potest
834 701 148 40 concedi
941 701 81 40 in
982 701 148 40 diuinis
1089 701 175 40 personis:
1223 701 94 40 Nam
1264 701 40 40 e

704 735 146 39 quaero,
810 735 120 39 vtrum
890 735 186 39 processio,
1036 735 67 39 &
1063 735 173 39 suceessio
1183 735 106 39 secun-

697 772 103 43 dum
756 772 177 43 originem
889 772 221 43 mensurentur
1066 772 133 43 eodem
1154 772 133 43 signo
1228 772 59 43 in

704 800 191 50 diuisibili,
857 800 89 50 vel
908 800 115 50 alio,
985 800 64 50 &
1010 800 115 50 alio:
1087 800 89 50 non
1138 800 128 50 eodem,
1214 800 77 50 quia

703 838 126 52 nulla
787 838 126 52 esset
871 838 182 52 proportio
1011 838 168 52 mensurae
1137 838 84 52 ad
1165 838 140 52 mensura-

702 878 107 45 tum,
769 878 107 45 ergo
836 878 121 45 alio,
916 878 67 45 &
943 878 107 45 alio
1010 878 134 45 signo,
1104 878 80 45 ea
1144 878 134 45 autem,
1225 878 80 45 quae

697 904 145 54 habent
798 904 160 54 diuersa
914 904 145 54 signa,
1016 904 145 54 quorum
1117 904 116 54 vnum
1175 904 116 54 alteri

702 941 185 46 succedit,
844 941 157 46 quamuis
959 941 157 46 habeant
1073 941 143 46 eandem
1158 941 143 46 duratio-

700 976 105 39 nem,
766 976 198 39 impossibile
924 976 92 39 est
977 976 132 39 tamen,
1069 976 105 39 quod
1135 976 79 39 se
1161 976 132 39 habeant.

707 1012 85 42 ad
749 1012 127 42 illam
834 1012 198 42 durationem
990 1012 127 42 eodem
1075 1012 127 42 modo,
1160 1012 113 42 quia
1230 1012 99 42 non

705 1048 188 47 coaptantur
852 1048 107 47 illi
919 1048 188 47 durationi,
1067 1048 107 47 nisi
1121 1048 174 47 mediantibus

708 1076 111 50 illis
782 1076 136 50 signis,
880 1076 111 50 sicut
954 1076 136 50 videmus
1053 1076 74 50 de
1090 1076 160 50 subiecto,
1213 1076 62 50 &
1225 1076 74 50 pas-

710 1115 145 52 sione.
812 1115 102 52 Nam
870 1115 131 52 dato,
957 1115 116 52 quod
1030 1115 160 52 aliquod
1132 1115 174 52 subiectum,

709 1154 70 48 &
737 1154 98 48 sua
793 1154 140 48 passio
891 1154 140 48 essent
989 1154 168 48 aeterna,
1101 1154 196 48 quantumcunqu

711 1187 139 39 haberent
816 1187 93 39 idem
874 1187 116 39 instas
955 1187 197 39 aeternitatis,
1117 1187 58 39 &
1140 1187 174 39 durationis,

708 1229 189 39 mediantibus
860 1229 151 39 diuersis
973 1229 189 39 instantibus
1124 1229 151 39 naturae,
1225 1229 63 39 quo

707 1257 95 51 rum
762 1257 108 51 vnum
829 1257 136 51 alteri
924 1257 203 51 succederet,
1087 1257 203 51 impossibile
1236 1257 68 51 es-

705 1291 104 44 set,
770 1291 104 44 quod
835 1291 78 44 se
875 1291 157 44 haberent
992 1291 78 44 ad
1031 1291 117 44 illud
1109 1291 143 44 instans
1201 1291 104 44 aeter-

713 1325 155 49 nitatis
826 1325 127 49 eodem
896 1325 99 49 modo.

744 1363 87 45 Et
787 1363 116 45 ideo
859 1363 130 45 adhuc
946 1363 130 45 esset
1033 1363 130 45 verum
1119 1363 159 45 dicere,
1220 1363 87 45 quod

709 1392 169 51 subiectum
839 1392 143 51 haberet
943 1392 208 51 aeternitatem
1113 1392 91 51 per
1165 1392 130 51 prius,
1256 1392 65 51 &

719 1429 140 44 passio
817 1429 98 44 per
873 1429 196 44 posterius;
1028 1429 98 44 Nam
1084 1429 154 44 quamuis
1196 1429 98 44 non
1238 1429 70 44 es-

717 1460 86 50 set
766 1460 159 50 suceessio
888 1460 134 50 prioris
986 1460 61 50 &
1010 1460 183 50 posterioris
1157 1460 73 50 in
1193 1460 98 50 ipso
1242 1460 49 50 in

718 1505 141 43 nstanti
821 1505 218 43 aeternitatis,
1000 1505 115 43 esset
1077 1505 115 43 tamen
1153 1505 77 43 in
1179 1505 128 43 habenti-

706 1535 97 38 bus
762 1535 235 38 aeternitatem,
955 1535 69 38 &
983 1535 83 38 in
1024 1535 111 38 modo
1094 1535 152 38 habendi
1190 1535 111 38 illam:

715 1565 112 51 mmo
779 1565 144 51 istum
875 1565 144 51 modum
971 1565 176 51 dicendi
1098 1565 144 51 omnes
1178 1565 128 51 conce-

709 1606 122 40 dunt,
791 1606 163 40 siquidem
913 1606 122 40 omnes
995 1606 149 40 dicunt,
1103 1606 109 40 quod
1171 1606 81 40 si
1198 1606 109 40 aliqua

712 1644 164 41 creatura
835 1644 123 41 esset
918 1644 178 41 coaeterna
1054 1644 109 41 Deo,
1123 1644 123 41 adhuc
1191 1644 96 41 tamen

713 1676 118 44 esset
792 1676 118 44 verum
871 1676 145 44 dicere,
976 1676 105 44 Deum
1042 1676 118 44 prius
1121 1676 132 44 habere
1200 1676 105 44 aeter.

714 1712 158 41 nitatem,
832 1712 105 41 quam
898 1712 105 41 illa
964 1712 171 41 creatura,
1096 1712 79 41 in
1136 1712 119 41 cuius
1202 1712 105 41 signum

709 1746 230 43 quemadmodnm
893 1746 169 43 dicimus
1016 1746 92 43 de
1062 1746 184 43 futuris,
1200 1746 123 43 quod

712 1780 112 39 Deus
782 1780 169 39 regnabit
909 1780 84 39 in
951 1780 183 39 aeternum,
1091 1780 70 39 &
1119 1780 141 39 vltra,
1204 1780 84 39 quia

715 1813 122 44 habet
797 1813 177 44 creaturam
933 1813 191 44 coaeternam
1083 1813 82 44 ex
1124 1813 122 44 parte
1192 1813 95 44 post.

710 1845 94 43 ita
763 1845 174 43 diceremus
897 1845 80 43 de
937 1845 201 43 praeterito,
1098 1845 107 43 quod
1165 1845 107 43 Deus
1218 1845 67 43 re-

715 1884 138 43 gnauit
812 1884 83 43 in
853 1884 179 43 aeternum,
991 1884 69 43 &
1019 1884 138 43 vltra,
1116 1884 110 43 quia
1171 1884 124 43 haberet

710 1920 186 40 creaturam
853 1920 186 40 coeternam
996 1920 86 40 ex
1039 1920 129 40 parte
1125 1920 129 40 ante,
1196 1920 86 40 quod

717 1954 86 39 non
766 1954 110 39 esset
839 1954 135 39 propter
937 1954 123 39 aliud,
1023 1954 98 39 nisi
1085 1954 98 39 quia
1146 1954 135 39 instans
1232 1954 61 39 na-

713 1993 113 38 turae
789 1993 150 38 diuinae,
901 1993 150 38 mediante
1014 1993 88 38 quo
1064 1993 188 38 coaptaretur
1201 1993 88 38 aeter

719 2022 128 48 nitati,
812 2022 105 48 esset
882 2022 105 48 prius
952 2022 140 48 instanti
1057 2022 128 48 naturae
1150 2022 116 48 illius
1220 2022 81 48 crea-

713 2061 111 41 turae,
790 2061 77 41 ita
835 2061 88 41 quod
890 2061 88 41 quis
945 2061 77 41 non
989 2061 100 41 esset
1056 2061 144 41 suceessio
1166 2061 133 41 prioris,
1266 2061 55 41 &

722 2091 161 42 posterioris
851 2091 64 42 in
883 2091 86 42 ipsa
937 2091 172 42 aeternitate,
1076 2091 97 42 esset
1141 2091 97 42 tamen
1205 2091 64 42 in
1227 2091 64 42 Deo,

713 2126 65 52 &
739 2126 155 52 creatura
855 2126 168 52 habentibs
984 2126 207 52 aeternitate,
1152 2126 65 52 &
1178 2126 65 52 i
1204 2126 77 52 mo
1229 2126 65 52 ha
