1500 2343
184 171 80 47 le
224 171 80 47 de
264 171 174 47 nominibus
398 171 134 47 primi,
491 171 67 47 &
518 171 161 47 secundi,
639 171 67 47 &
665 171 80 47 de
692 171 67 47 non

183 214 141 36 minibus
286 214 154 36 prioris,
401 214 64 36 &
427 214 205 36 posterioris,
594 214 103 36 quia
645 214 103 36 nomina

190 244 125 40 primi,
277 244 62 40 &
302 244 137 40 secundi
401 244 100 40 sunt
464 244 149 40 imposita
576 244 75 40 ad
601 244 149 40 significam

181 281 97 35 dum
237 281 236 35 principaliter
431 281 125 35 ipsum
514 281 167 35 ordinem,
625 281 125 35 propter

176 317 108 40 quod
244 317 149 40 possunt
352 317 189 40 transferri
501 317 81 40 ad
541 317 149 40 diuinas
636 317 108 40 perso-

177 352 101 38 nas,
241 352 152 38 fortasse
355 352 114 38 etiam
431 352 140 38 poprie.
532 352 127 38 Nomina
621 352 101 38 vero
672 352 76 38 prio

174 382 96 35 ris,
234 382 60 35 &
258 382 180 35 posterioris
402 382 84 35 non
450 382 96 35 sic,
511 382 72 35 vt
547 382 144 35 superius
643 382 108 35 patuit.

177 417 89 40 Cum
228 417 101 40 ergo
291 417 152 40 dicitur,
406 417 101 40 quod
469 417 127 40 simile
558 417 89 40 est
609 417 76 40 de
634 417 114 40 vtrisqu

167 451 125 39 nego,
250 451 69 39 &
278 451 97 39 cum
333 451 180 39 probatur,
472 451 111 39 quia
541 451 125 39 sicut
610 451 139 39 secundum

175 484 157 43 sequitur
293 484 78 43 ad
332 484 144 43 primum,
436 484 91 43 ita
489 484 170 43 posterius
619 484 78 43 ad
645 484 105 43 prius.

203 519 108 41 Dico
270 519 108 41 quod
337 519 108 41 ista
404 519 148 41 sequela
512 519 94 41 non
566 519 94 41 est
620 519 121 41 eodem
687 519 67 41 mo-

178 552 98 41 do,
234 552 112 41 quia
304 552 153 41 sequela
415 552 153 41 secundi
527 552 84 41 ad
569 552 140 41 primum
652 552 98 41 dicit

181 586 172 36 simplicem
313 586 146 36 ordinem
419 586 106 36 sine
486 586 212 36 successione.
645 586 106 36 Seque-

181 622 76 35 ia
219 622 101 35 vero
282 622 164 35 posterius
409 622 76 35 ad
447 622 114 35 prius
523 622 114 35 dicit
598 622 139 35 ordinem
687 622 63 35 cum

169 654 235 43 suceessione,
360 654 73 43 &
390 654 132 43 eodem
478 654 117 43 modo
551 654 176 43 dicendum
669 654 73 43 est

175 691 87 44 ad
219 691 131 44 aliam
307 691 233 44 probationem.
496 691 102 44 Nam
554 691 175 44 secundum
671 691 73 44 ita

179 722 145 46 dicitur
285 722 172 46 relatiue.
417 722 79 46 ad
456 722 132 46 primum
549 722 106 46 quod
615 722 119 46 tamen
681 722 66 46 nul

181 758 75 43 la
218 758 162 43 suceessio
342 758 186 43 neccessario
491 758 87 43 ibi
541 758 186 43 supponitur,
678 758 62 43 sed

179 793 158 45 posterius
300 793 85 45 ita
349 793 134 45 dicitut
446 793 146 45 relatiue
556 793 73 45 ad
592 793 122 45 prius,
677 793 97 45 quod

171 828 116 43 tamen
248 828 180 43 necessario
390 828 180 43 supponitur
531 828 90 43 ibi
583 828 167 43 suceessio
699 828 51 43 si

163 860 160 54 proprie
265 860 204 54 accipiantur.

204 896 80 41 Ad
244 896 214 41 auctoritatem
418 896 107 41 vero
485 896 161 41 Riccardi
605 896 174 41 dicentis,

176 940 103 35 quod
241 940 77 35 in
279 940 167 35 Trinitate
408 940 129 35 potest
498 940 103 35 esse
563 940 142 35 aliquid
653 940 90 35 prius

169 968 101 39 alio
233 968 190 39 causaliter,
385 968 139 39 quamuis
486 968 89 39 non
537 968 215 39 temporaliter,
701 968 51 39 di

173 999 89 45 co,
224 999 102 45 quod
288 999 165 45 Riccardus
415 999 178 45 intelligit
554 999 76 45 de
593 999 127 45 priori
669 999 76 45 val-

178 1031 83 41 de
220 1031 139 41 large,
317 1031 167 41 secundum
442 1031 111 41 quem
511 1031 125 41 modum
594 1031 125 41 prius
664 1031 83 41 idem

168 1070 112 36 est,
238 1070 112 36 quod
308 1070 211 36 principium;
477 1070 70 36 &
505 1070 155 36 dicitur
604 1070 141 36 secundum

174 1102 85 45 hoc
222 1102 85 45 ibi
271 1102 97 45 esse
331 1102 121 45 prius,
416 1102 85 45 vel
464 1102 181 45 principium,
609 1102 85 45 non
657 1102 60 45 a
669 1102 73 45 prae

172 1131 172 51 cedendo,
301 1131 100 51 sed
358 1131 72 51 a
387 1131 244 51 principiando.
587 1131 115 51 Quod
645 1131 100 51 autem

167 1170 101 42 ista
231 1170 89 42 sit
281 1170 101 42 eius
345 1170 165 42 intentio,
471 1170 127 42 potest
560 1170 127 42 haberi
649 1170 76 42 ex
674 1170 76 42 his,

169 1201 95 46 quae
228 1201 107 46 dicit
300 1201 83 46 ix.
347 1201 95 46 cap.
407 1201 131 46 eiusdem
502 1201 107 46 libri
573 1201 71 46 de
597 1201 142 46 Trinitate,

174 1244 105 44 vnde
239 1244 157 44 praefata
357 1244 183 44 auctoritas
501 1244 91 44 est
553 1244 183 44 dessumpta,
684 1244 65 44 vbi

171 1271 105 47 ait,
237 1271 105 47 quod
303 1271 171 47 quaelibet
435 1271 145 47 persona
540 1271 132 47 posset
619 1271 132 47 accipere

174 1307 83 38 ab
216 1307 110 38 alia
284 1307 179 38 quacunque
422 1307 151 38 persona
532 1307 138 38 pienum
614 1307 124 38 sapere,

173 1344 66 42 &
199 1344 92 42 per
252 1344 185 42 consequens
397 1344 132 42 plenum
489 1344 119 42 esse,
569 1344 79 42 si
608 1344 119 42 ipsum
674 1344 66 42 non

168 1373 159 45 haberet
283 1373 174 45 aliunde.
413 1373 87 45 Et
457 1373 116 45 ideo
529 1373 188 45 (secundum
659 1373 87 45 viam

177 1412 114 43 eius)
253 1412 76 43 si
291 1412 114 43 pater
367 1412 88 43 non
417 1412 139 43 haberet
519 1412 101 43 esse
582 1412 139 43 diuinum
683 1412 63 43 a
695 1412 51 43 se

171 1444 133 45 posset
264 1444 120 45 ipsum
343 1444 159 45 accipere
463 1444 66 45 a
490 1444 133 45 filio,
569 1444 173 45 quemadmodum

177 1482 125 42 lilius
265 1482 138 42 accipit
365 1482 113 42 ipsum
440 1482 63 42 a
466 1482 125 42 patre,
553 1482 100 42 quod
616 1482 113 42 nullo
678 1482 63 42 mo-

168 1513 73 48 do
204 1513 134 48 haberet
302 1513 171 48 veritatem,
436 1513 73 48 si
473 1513 110 48 pater
546 1513 110 48 esset
619 1513 110 48 prior
680 1513 61 48 fi-

166 1548 95 45 lio
221 1548 162 45 secundum
342 1548 176 45 originem,
478 1548 122 45 sicut
559 1548 189 45 imaginatur
694 1548 54 45 o-

171 1591 118 39 pinio
250 1591 105 39 quae
315 1591 105 39 eius
381 1591 197 39 auctoritati
538 1591 184 39 innititur.
682 1591 92 39 Nam

176 1615 106 40 dato
242 1615 93 40 per
295 1615 213 40 impossibile,
468 1615 106 40 quod
534 1615 120 40 pater
614 1615 93 40 non
654 1615 93 40 habe-

176 1652 83 42 ret
224 1652 95 42 esse
283 1652 130 42 diuinum
378 1652 59 42 a
401 1652 83 42 se,
449 1652 71 42 si
484 1652 107 42 tamen
555 1652 107 42 esset
626 1652 107 42 prior
686 1652 59 42 fi-

175 1685 98 43 lio
231 1685 168 43 secundum
357 1685 182 43 originem,
496 1685 126 43 nullo
580 1685 112 43 modo
636 1685 112 43 posset

175 1724 152 41 accipere
290 1724 140 41 diuinum
391 1724 102 41 esse
455 1724 64 41 a
480 1724 127 41 filio,
569 1724 102 41 quia
633 1724 140 41 nunquam

174 1757 121 43 prius,
259 1757 73 43 in
295 1757 133 43 quantum
392 1757 121 43 prius,
477 1757 133 43 accipit
573 1757 97 43 esse
634 1757 61 43 a
646 1757 97 43 poste-

172 1787 124 47 riori.
258 1787 74 47 Et
295 1787 99 47 ideo
357 1787 173 47 oporteret,
493 1787 99 47 quod
555 1787 161 47 reciperet
666 1787 74 47 esse

174 1819 74 50 ab
211 1819 123 50 aliqua
297 1819 99 50 alia
359 1819 136 50 persona
445 1819 111 50 priori.

210 1858 128 43 Cuius
295 1858 128 43 tamen
381 1858 200 43 contrarium
538 1858 171 43 expresse
652 1858 86 43 vvli

178 1893 183 39 Riccardus,
321 1893 117 39 sicut
400 1893 117 39 patet
478 1893 78 39 in
517 1893 104 39 loco
569 1893 170 39 supradicto,

176 1924 110 37 dicit
249 1924 122 37 nanque
335 1924 73 37 in
371 1924 159 37 principio
494 1924 122 37 illius
579 1924 98 37 cap.
640 1924 98 37 quod
689 1924 49 37 in

175 1957 86 39 Deo
224 1957 98 39 idem
285 1957 86 39 est
334 1957 110 39 esse,
408 1957 61 39 &
432 1957 135 39 sapere,
530 1957 61 39 &
555 1957 86 39 per
592 1957 147 39 consequens

169 1991 97 45 illa
230 1991 146 45 persona,
339 1991 97 45 quae
399 1991 73 45 ex
436 1991 133 45 aspectu
533 1991 146 45 alterius
630 1991 109 45 accipit

173 2027 132 36 sapere,
269 2027 132 36 accipit
365 2027 108 36 etiam
437 2027 72 36 ab
473 2027 72 36 ea
509 2027 108 36 esse,
581 2027 60 36 &
605 2027 120 36 statim
677 2027 60 36 du-

173 2063 106 35 bitat
244 2063 117 35 contra
326 2063 70 35 se
361 2063 129 35 dicens;
455 2063 106 35 sicut
526 2063 129 35 persona
608 2063 129 35 procedens

176 2095 123 43 videt
258 2095 219 43 producentem,
436 2095 96 43 ita
491 2095 150 43 persona
587 2095 150 43 producens

771 165 119 49 videt
850 165 185 49 productam,
996 165 93 49 cur
1049 165 106 49 ergo
1115 165 93 49 non
1168 165 119 49 eadem
1234 165 119 49 ratione

775 211 178 36 conuincitur
917 211 107 36 illam
989 211 95 36 esse
1048 211 71 36 ab
1083 211 107 36 ista:
1154 211 107 36 sicut
1226 211 154 36 probatur,

772 241 66 39 &
798 241 198 39 conuincitur
957 241 119 39 istam
1036 241 106 39 esse
1102 241 79 39 ab
1142 241 119 39 illa:
1221 241 119 39 quasi
1287 241 66 39 di-

767 280 109 39 cat,
835 280 82 39 si
876 280 150 39 persona
985 280 163 39 producta
1108 280 109 39 puta
1176 280 136 39 Filius
1271 280 82 39 ex
1299 280 54 39 eo

771 314 103 42 quod
835 314 141 42 aspicit
938 314 154 42 personam
1054 314 205 42 producentem,
1208 314 128 42 scilicet

768 346 134 44 patrem
861 346 147 44 accipit
969 346 80 44 ab
1009 346 80 44 eo
1049 346 147 44 sapere,
1156 346 67 44 &
1183 346 121 44 esse;
1263 346 94 44 qua
1303 346 54 44 de

766 383 120 35 causa
846 383 147 35 persona
953 383 174 35 producens
1086 383 160 35 scilicet
1206 383 133 35 pater,
1286 383 67 35 cum

763 416 151 40 aspiciat
877 416 151 40 personam
990 416 126 40 filij,
1078 416 126 40 sapere
1166 416 63 40 &
1191 416 101 40 esse
1254 416 88 40 non
1292 416 63 40 ac-

763 451 121 42 cipit
843 451 81 42 ab
884 451 81 42 ea
924 451 67 42 :
951 451 67 42 &
978 451 175 42 respondet
1113 451 148 42 dicens,
1221 451 108 42 quod
1275 451 81 42 quae

762 481 111 36 libet
836 481 136 36 persona
935 481 74 36 ex
972 481 136 36 aspectu
1070 481 148 36 alterius
1181 481 136 36 accipit
1268 481 74 36 ple-

763 522 91 38 num
815 522 144 38 sapere,
920 522 65 38 &
946 522 144 38 diuinum
1050 522 118 38 esse,
1129 522 105 38 nisi
1194 522 131 38 habeat
1273 522 78 38 ali-

765 552 120 35 unde,
845 552 67 35 &
871 552 147 35 subdit,
978 552 147 35 necesse
1085 552 107 35 enim
1152 552 93 35 est
1205 552 80 35 vt
1245 552 107 35 inde
1299 552 53 35 ha

762 585 103 41 beat
827 585 77 41 si
865 585 142 41 aliunde
968 585 90 41 non
1020 585 129 41 habet,
1110 585 90 41 sed
1162 585 77 41 si
1200 585 116 41 habet
1278 585 77 41 ex
1303 585 52 41 se

760 623 92 38 non
813 623 145 38 necesse
918 623 92 38 est
971 623 105 38 inde
1037 623 145 38 habere.
1142 623 79 38 Ex
1182 623 132 38 quibus
1261 623 92 38 colli

766 657 130 39 gitur,
857 657 104 39 quod
922 657 78 39 si
961 657 117 39 pater
1039 657 91 39 non
1090 657 143 39 haberet
1194 657 143 39 diuinum
1285 657 52 39 es

764 692 73 41 se
800 692 60 41 a
824 692 85 41 se,
873 692 73 41 ab
909 692 97 41 alio
969 692 157 41 acciperet
1090 692 121 41 illud,
1175 692 97 41 puta
1235 692 73 41 ab
1259 692 85 41 ipso-

763 728 93 40 met
816 728 133 40 filio,
909 728 66 40 &
935 728 93 40 per
988 728 186 40 consequens
1134 728 119 40 esset
1213 728 93 40 ibi
1253 728 93 40 mutua

766 758 156 41 habitudo
883 758 78 41 in
922 758 182 41 acceptione
1065 758 130 41 diuini
1156 758 117 41 esse;
1234 758 104 41 haec
1286 758 65 41 ta-

764 796 91 36 men
816 796 169 36 conuersio
946 796 91 36 non
998 796 130 36 posset
1089 796 156 36 saluari,
1206 796 104 36 quia
1258 796 91 36 inclu

767 825 108 39 deret
839 825 217 39 incomposibilia
1020 825 72 39 si
1056 825 108 39 patet
1128 825 108 39 esset
1200 825 108 39 prior
1261 825 84 39 filio

758 860 173 47 secundum
887 860 187 47 originem,
1031 860 86 47 vt
1074 860 130 47 ponit
1161 860 144 47 opinio
1247 860 101 47 supe-

765 896 103 38 rius
830 896 168 38 recitata,
958 896 116 38 Patet
1036 896 103 38 ergo
1100 896 103 38 quod
1165 896 168 38 Riccardus
1281 896 64 38 non

764 931 191 36 imaginatur
914 931 122 36 inter
996 931 150 36 patrem,
1105 931 68 36 &
1132 931 136 36 filium
1214 931 122 36 ordinem

771 971 154 36 prioris,
886 971 128 36 sicuti
976 971 128 36 quidam
1066 971 77 36 ab
1104 971 77 36 eo
1142 971 166 36 assumunt,
1270 971 102 36 sed,

769 998 105 46 quod
835 998 92 46 ibi
887 998 92 46 sit
940 998 131 46 prius,
1032 998 66 46 &
1058 998 171 46 posterius
1189 998 118 46 valde
1255 998 92 46 large

769 1035 110 42 modo
838 1035 97 42 quo
893 1035 166 42 superius
1018 1035 193 42 declaratum
1170 1035 124 42 fuit,
1252 1035 69 42 &
1266 1035 83 42 ideo

763 1072 140 40 profert
865 1072 115 40 ipsum
941 1072 89 40 non
992 1072 204 40 simpliciter,
1158 1072 89 40 sed
1209 1072 89 40 cum
1247 1072 89 40 deter

759 1099 165 48 minatione
886 1099 139 48 dicens,
987 1099 101 48 quod
1051 1099 89 48 est
1101 1099 89 48 ibi
1152 1099 114 48 prius
1215 1099 127 48 causali-

765 1138 104 39 ter,
830 1138 117 39 quasi
908 1138 130 39 dicat,
999 1138 104 39 quod
1064 1138 117 39 illud
1142 1138 117 39 prius
1220 1138 91 39 est
1259 1138 78 39 idem

759 1171 118 45 quod
833 1171 222 45 principium,
1011 1171 74 45 &
1040 1171 192 45 posterius
1188 1171 118 45 idem
1247 1171 89 45 quod

769 1202 239 42 principiatum,
966 1202 70 42 &
994 1202 112 42 haec
1064 1202 84 42 de
1106 1202 112 42 tota
1162 1202 183 42 quaestione.

795 1243 330 39 ADRATIONES
1031 1243 307 39 PRINCIPALES

845 1273 65 41 D
871 1273 131 41 primam
963 1273 118 41 dico,
1041 1273 105 41 quod
1107 1273 78 41 si
1146 1273 92 41 per
1185 1273 157 41 disparita-

762 1282 112 71 tem
826 1282 256 71 intelligamus
1034 1282 176 71 quandam
1145 1282 192 71 distinctio

762 1350 102 38 nem,
826 1350 102 38 tunc
890 1350 115 38 Maior
967 1350 89 38 est
1018 1350 115 38 vera,
1094 1350 77 38 si
1133 1350 102 38 vero
1184 1350 153 38 intelliga-

758 1378 89 40 mus
809 1378 242 40 inaequalitatem,
1013 1378 102 40 tunc
1076 1378 191 40 simpliciter
1229 1378 89 40 est
1267 1378 76 40 fal-

766 1409 79 39 sa
805 1409 79 39 in
845 1409 158 39 diuinis,
963 1409 66 39 &
989 1409 79 39 ad
1029 1409 197 39 probationem
1186 1409 79 39 ex
1213 1409 118 39 Augusti

759 1446 77 44 no
798 1446 115 44 dico,
874 1446 102 44 quod
938 1446 89 44 ibi
989 1446 179 44 Augustinus
1130 1446 166 44 describit
1245 1446 89 44 ordi-

759 1478 101 40 nem
816 1478 129 40 prout
902 1478 172 40 includit
1031 1478 244 40 successionem,
1218 1478 115 40 quomo-

761 1517 70 44 do
796 1517 151 44 reperitur
913 1517 70 44 in
947 1517 163 44 creaturis;
1075 1517 93 44 illa
1133 1517 105 44 tamen
1192 1517 140 44 descriptio

761 1549 94 35 non
814 1549 134 35 tangi:
908 1549 147 35 ordinis
1014 1549 174 35 essentiam
1148 1549 147 35 quantum
1255 1549 80 35 ad
1282 1549 53 35 to

760 1581 104 49 tum,
825 1581 182 49 quapropter
968 1581 78 49 in
1007 1581 143 49 diuinis
1112 1581 143 49 ponitur
1216 1581 104 49 ordo
1268 1581 65 49 pro

763 1619 72 43 ut
799 1619 157 43 abstrahit
920 1619 60 43 a
944 1619 193 43 disparitate,
1100 1619 60 43 &
1124 1619 72 43 vt
1160 1619 145 43 includit
1257 1619 72 43 prae

770 1652 183 47 tessionem,
914 1652 92 47 vel
966 1652 118 47 quasi
1045 1652 210 47 suceessionem
1202 1652 131 47 secundum

744 1684 233 46 dependentiam

785 1721 86 41 Ad
828 1721 172 41 secundam
957 1721 115 41 dico
1028 1721 244 41 consequentiam
1229 1721 100 41 non
1272 1721 57 41 va

762 1753 106 39 lere,
833 1753 94 39 quia
891 1753 82 39 pot
938 1753 82 39 ibi
985 1753 94 39 esse
1044 1753 94 39 ordo
1103 1753 94 39 sine
1162 1753 129 39 priori,
1256 1753 59 39 &
1267 1753 59 39 po-

761 1786 138 48 steriori
854 1786 115 48 naturae.

792 1858 383 42 DISTINCTIONIS
1085 1858 203 42 DECIMAE

826 1892 341 44 QV.AESTIO
1062 1892 184 44 VNICA

770 1921 124 56 Vtrum
853 1921 165 56 Spiritus
976 1921 151 56 Sanctus
1086 1921 165 56 procedat
1210 1921 96 56 per
1251 1921 69 56 mo-

926 1958 102 45 dum
970 1958 189 45 voluntatis.
