1500 2363
240 170 152 47 Secundo
351 170 165 47 probant,
475 170 110 47 quod
544 170 165 47 Spiritus
654 170 124 47 Sanctus

208 216 88 41 est
259 216 101 41 Deus
322 216 76 41 in
360 216 101 41 esse
423 216 101 41 dato
486 216 88 41 per
537 216 88 41 vim
587 216 152 41 infiniti
701 216 101 41 amo¬

204 240 99 49 ris,
266 240 62 49 &
291 240 87 49 hoc
340 240 186 49 dupliciter,
489 240 112 49 primo
551 240 75 49 sic-

222 282 67 34 1
248 282 134 34 Illud,
342 282 107 34 quod
409 282 174 34 inuenitur
542 282 80 34 in
583 282 147 34 imagine
676 282 107 34 creata

202 307 258 41 intentionaliter,
422 307 116 41 debet
499 307 155 41 inueniri
615 307 77 41 in
641 307 142 41 Trinitate

207 345 150 41 increata
319 345 162 41 realiter,
443 345 75 41 si
481 345 87 41 non
531 345 112 41 dicat
605 345 137 41 aliquam
693 345 87 41 imper

207 380 194 39 fectionem,
359 380 97 39 sed
415 380 111 39 esse
484 380 124 39 datum
567 380 97 39 per
622 380 97 39 vim
663 380 111 39 amoris

207 414 166 37 inuenitur
335 414 77 37 in
373 414 141 37 imagine
476 414 128 37 creata
553 414 217 37 intentionaliter

208 447 107 48 quia
274 447 120 48 amans
354 447 93 48 dat
408 447 80 48 se
448 447 120 48 ipsum
528 447 253 48 intentionaliter
728 447 53 48 a-

209 481 114 49 mato,
286 481 102 49 ergo
349 481 102 49 esse
413 481 114 49 datum
489 481 152 49 realiter
603 481 89 49 per
654 481 89 49 vim
692 481 89 49 infi-

203 524 101 32 niti
267 524 126 32 amoris
355 524 164 32 inuenitur
481 524 76 32 in
519 524 164 32 Trinitate
633 524 139 32 increata.

204 556 93 40 hoc
257 556 120 40 autem
337 556 93 40 non
390 556 133 40 potest
484 556 173 40 competere
617 556 107 40 nisi
670 556 107 40 Spiri-

202 590 94 43 tui
255 590 148 43 Sancto;
363 590 108 43 ergo
430 590 161 43 procedit
551 590 81 43 vt
592 590 121 43 datum
672 590 94 43 per
713 590 67 43 im-

203 621 132 53 pulsum
295 621 158 53 infiniti
400 621 119 53 amoris.

239 654 71 41 2
267 654 114 41 Ille
338 654 128 41 modus
423 654 199 41 procedendi
565 654 213 41 conuenientius

205 692 198 38 attribuitur
363 692 159 38 Spiritui
482 692 145 38 Sancto,
588 692 93 38 qui
641 692 93 38 non
681 692 93 38 addit

202 720 149 43 aliquam
311 720 231 43 perfectionem,
501 720 95 43 sed
541 720 231 43 solamrelationem

204 763 123 36 supra
286 763 150 36 diuinam
395 763 191 36 essentiam,
545 763 95 36 sed
600 763 177 36 procedere
722 763 55 36 vt

205 792 114 41 datus
281 792 89 41 per
332 792 89 41 vim
383 792 152 41 infiniti
497 792 127 41 amoris
586 792 114 41 addit
662 792 114 41 solam
725 792 51 41 re

202 825 165 42 lationem,
329 825 76 42 si
367 825 114 42 autem
443 825 177 42 procederet
582 825 76 42 vt
620 825 114 42 amor,
683 825 89 42 vide-

196 863 125 39 retur
279 863 139 39 addere
377 863 153 39 aliquam
488 863 180 39 spetialem
612 863 167 39 perfectio-

196 899 126 47 nem,
275 899 126 47 ergo
338 899 79 47 &c.

239 901 105 70 lste
305 901 119 70 modus
384 901 145 70 dicendi
489 901 105 70 mihi
555 901 145 70 videtur
647 901 132 70 deficere

203 963 204 47 tripliciter.
369 963 127 47 Primo,
458 963 102 47 quia
521 963 115 47 ponit
598 963 153 47 Spiritum
700 963 76 47 San-

201 996 109 47 ctum
270 996 96 47 non
324 996 191 47 proncedere
475 996 82 47 vt
516 996 123 47 amor,
598 996 109 47 quod
666 996 96 47 est
707 996 55 47 ab

199 1031 152 43 surdum;
309 1031 96 43 Nam
365 1031 124 43 sicut
447 1031 83 43 se
489 1031 124 43 habet
571 1031 138 43 verbum
668 1031 83 43 ad
695 1031 69 43 fi-

202 1068 117 38 lium,
280 1068 91 38 ita
332 1068 169 38 charitas,
462 1068 65 38 &
488 1068 104 38 amor
552 1068 78 38 ad
591 1068 156 38 Spiritum
695 1068 78 38 San-

202 1101 110 38 ctum,
275 1101 86 38 per
324 1101 135 38 August.
422 1101 147 38 superius
532 1101 171 38 allegatum,
667 1101 86 38 sed
704 1101 61 38 fi-

201 1137 103 39 lius
265 1137 154 39 procedit
381 1137 77 39 vt
419 1137 141 39 verbum;
522 1137 103 39 ergo
586 1137 154 39 Spiritus
688 1137 77 39 San-

201 1174 101 39 ctus
264 1174 151 39 procedit
378 1174 76 39 vt
415 1174 113 39 amor.
491 1174 164 39 Praeterea
617 1174 88 39 hoc
655 1174 113 39 videtur

201 1203 156 44 expresse
318 1203 130 44 contra
409 1203 78 44 P.
448 1203 143 44 August.
552 1203 91 44 15.
604 1203 78 44 de
643 1203 104 44 Trin
695 1203 78 44 cap.

202 1236 86 52 17.
251 1236 86 52 vbi
300 1236 135 52 quaerit
398 1236 110 52 istam
472 1236 196 52 quaestionem,
631 1236 110 52 vtrum
692 1236 74 52 dile

204 1270 116 45 ctio,
281 1270 103 45 quae
345 1270 90 45 est
397 1270 116 45 Deus,
474 1270 64 45 &
499 1270 77 45 ex
538 1270 103 45 Deo,
602 1270 90 45 sit
653 1270 128 45 Pater,
730 1270 39 45 &

203 1310 141 43 Filius,
306 1310 64 43 &
331 1310 154 43 Spiritus
447 1310 154 43 Sanctus,
562 1310 64 43 &
588 1310 179 43 determinat
716 1310 51 43 in

200 1347 114 37 eodem
276 1347 101 37 cap.
339 1347 101 37 quod
402 1347 88 37 est
453 1347 151 37 Spiritus
566 1347 139 37 Sanctus
667 1347 126 37 solus,

197 1378 115 39 talis
274 1378 115 39 autem
350 1378 153 39 quaestio
465 1378 89 39 non
515 1378 140 39 haberet
617 1378 127 39 locum,
694 1378 76 39 nisi

199 1413 74 48 in
236 1413 135 48 diuinis
334 1413 111 48 esset
408 1413 123 48 aliqua
494 1413 147 48 persona,
604 1413 98 48 quae
653 1413 111 48 procede

197 1446 91 42 ret
249 1446 78 42 vt
288 1446 117 42 amor,
367 1446 65 42 &
393 1446 170 42 dilectio,
523 1446 117 42 neque
601 1446 91 42 sua
641 1446 130 42 determi-

197 1478 111 45 natio
271 1478 99 45 vera
332 1478 123 45 esset,
419 1478 99 45 nisi
480 1478 148 45 Spiritus
591 1478 136 45 Sanctus
678 1478 86 45 essei

192 1519 101 41 illa
256 1519 152 41 persona,
370 1519 89 41 cui
420 1519 114 41 talis
496 1519 114 41 modus
572 1519 177 41 procedendi
699 1519 63 41 sib

192 1547 196 46 competeret,
349 1547 65 46 &
375 1547 105 46 hinc
441 1547 105 46 est,
506 1547 105 46 quod
572 1547 79 46 in
611 1547 105 46 cap.
663 1547 105 46 sequen

193 1587 82 40 ti
234 1587 137 40 volens
330 1587 192 40 concludere
481 1587 260 40 determinationem
686 1587 82 40 quae

196 1614 99 43 siti
258 1614 124 43 dicit:
344 1614 149 43 Dilectio
456 1614 111 43 ergo,
530 1614 99 43 quae
592 1614 87 43 est
641 1614 74 43 ex
678 1614 99 43 Deo,
728 1614 37 43 &

193 1652 115 47 Deus,
270 1652 141 47 proprie
372 1652 153 47 Spiritus
487 1652 141 47 Sanctus
589 1652 102 47 est,
653 1652 89 47 per
691 1652 77 47 quen

196 1692 191 36 diffunditur
349 1692 76 36 in
387 1692 153 36 cordibus
502 1692 140 36 nostris
604 1692 165 36 charitas,
731 1692 64 36 &

201 1723 93 47 per
254 1723 106 47 quam
320 1723 106 47 tota
386 1723 93 47 nos
439 1723 172 47 inhabitat
572 1723 172 47 Trinitas.
691 1723 80 47 Acce

194 1751 105 45 dit,
260 1751 105 45 quod
326 1751 79 45 si
365 1751 119 45 verum
444 1751 158 45 diceret,
563 1751 105 45 tunc
628 1751 119 45 ratio
694 1751 66 45 don

190 1783 91 49 non
242 1783 117 49 esset
320 1783 143 49 propria
424 1783 156 49 Spiritui
541 1783 143 49 Sancto,
645 1783 104 49 quod
697 1783 65 49 est

192 1826 147 41 falsum,
299 1826 80 41 vt
339 1826 121 41 patet
419 1826 94 41 per
473 1826 107 41 Aug.
540 1826 94 41 vbi
594 1826 121 41 supra
674 1826 94 41 15.
714 1826 54 41 de

198 1857 118 46 Trin.
276 1857 92 46 Non
329 1857 144 46 dicitur
433 1857 157 46 (inquit)
551 1857 131 46 verbum
642 1857 92 46 Dei
682 1857 78 46 nisi

192 1896 143 40 filius,
296 1896 117 40 neque
374 1896 117 40 donum
452 1896 104 40 Dei,
516 1896 104 40 nisi
581 1896 156 40 Spiritus
685 1896 78 40 San-

194 1927 125 40 ctus.
277 1927 235 40 Consequentiam
471 1927 125 40 probo
554 1927 97 40 per
610 1927 139 40 eundem
693 1927 69 40 ibi

198 1958 92 48 dem
250 1958 105 48 cap.
316 1958 92 48 18.
368 1958 170 48 probantem
499 1958 157 48 rationem
616 1958 105 48 doni
669 1958 92 48 conm-

187 1994 130 48 petere
278 1994 156 48 Spiritui
395 1994 130 48 Sancto
485 1994 91 48 per
537 1994 104 48 hoc,
602 1994 104 48 quod
667 1994 91 48 est
706 1994 52 48 a-

190 2028 103 45 mor,
254 2028 64 45 &
280 2028 167 45 dilectio.
408 2028 103 45 Vnde
473 2028 154 45 postquam
588 2028 154 45 dixerat,
691 2028 77 45 quod

196 2062 88 46 est
247 2062 151 46 dilectio
360 2062 76 46 ex
398 2062 101 46 Deo,
461 2062 176 46 subiunxit:
599 2062 151 46 quocirca
700 2062 63 46 re-

188 2108 154 43 ctissime
304 2108 154 43 Spiritus
419 2108 154 43 Sanctus,
534 2108 90 43 cum
586 2108 90 43 sit
637 2108 115 43 Deus,
701 2108 64 43 do

801 172 94 49 num
854 172 94 49 Dei
908 172 161 49 dicitur.
1028 172 107 49 Vult
1096 172 107 49 ergo
1163 172 188 49 Augustinus
1297 172 80 49 quod

801 209 154 40 Spiritus
917 209 141 40 Sanctus
1019 209 90 40 sit
1070 209 115 40 donum
1147 209 103 40 Dei,
1211 209 103 40 quia
1275 209 90 40 est
1314 209 64 40 di-

791 243 145 39 lectio
892 243 72 39 &
921 243 116 39 amor
993 243 87 39 ex
1022 243 72 39 Deo

839 278 170 45 Probatur
966 278 127 45 etiam
1051 278 99 45 hoc
1107 278 113 45 idem
1178 278 170 45 ratione,
1291 278 85 45 quia

802 311 137 43 primum
898 311 124 43 donum
981 311 206 43 cuiuscunque
1146 311 151 43 amantis
1255 311 96 43 est
1297 311 82 43 ipse

799 353 108 34 amor,
871 353 108 34 cuius
943 353 120 34 signum
1027 353 96 34 est,
1087 353 96 34 quia
1147 353 72 34 si
1183 353 144 34 tollatur
1279 353 84 34 amor.

791 378 178 42 tollitur
925 378 134 42 etiam
1014 378 119 42 omne
1089 378 149 42 donum,
1193 378 74 42 &
1222 378 104 42 per
1267 378 104 42 ipsum

798 414 115 44 omne
870 414 129 44 donum
956 414 201 44 confertur.
1114 414 115 44 Illa
1186 414 115 44 ergo
1244 414 129 44 persona

801 451 173 39 indiuinis,
937 451 87 39 cui
986 451 136 39 proprie
1085 451 148 39 competit
1196 451 111 39 ratio
1270 451 111 39 doni,
1332 451 62 39 ne:

802 485 154 42 cessario
918 485 154 42 procedit
1034 485 77 42 vt
1072 485 116 42 amor,
1150 485 90 42 hic
1201 485 116 42 autem
1278 485 90 42 est
1317 485 77 42 Spi-

797 516 120 47 ritus
876 516 160 47 Sanctus,
983 516 93 47 ergo.

825 543 147 49 Deficit
932 543 147 49 secundo
1039 543 107 49 iste
1106 543 120 49 modus
1186 543 161 49 dicendi,
1293 543 80 49 quia

801 584 129 40 ponit,
891 584 103 40 quod
956 584 155 40 Spiritus
1072 584 142 40 Sanctus
1175 584 155 40 procedat
1292 584 77 40 vt
1317 584 52 40 ca

795 623 111 41 piens
869 623 98 41 esse
930 623 111 41 datum
1004 623 86 41 per
1053 623 86 41 vim
1102 623 148 41 infiniti
1213 623 135 41 amoris,
1299 623 74 41 quod

793 659 77 41 si
832 659 115 41 esset
908 659 115 41 verum
985 659 102 41 tria
1049 659 192 41 sequerentur
1190 659 179 41 inconuenien-

795 689 102 45 tia,
859 689 128 45 primo,
948 689 102 45 quod
1012 689 140 45 relatio
1114 689 115 45 esset
1191 689 153 45 terminus
1293 689 77 45 suae

792 730 210 41 processionis,
965 730 99 41 quod
1026 730 86 41 est
1076 730 136 41 falsum,
1174 730 74 41 vt
1211 730 111 41 patet
1286 730 86 41 per
1323 730 49 41 ea

802 760 98 44 quae
863 760 110 44 dicta
936 760 134 44 fuerunt
1034 760 73 44 in
1071 760 73 44 s.
1107 760 159 44 distinct.
1230 760 86 44 vbi
1266 760 98 44 osten-

789 794 92 36 sum
841 794 105 36 fuit
907 794 184 36 relationem
1052 794 92 36 non
1104 794 118 36 posse
1183 794 105 36 esse
1236 794 131 36 terminum

797 834 204 38 generationis
963 834 128 38 filij,
1052 834 64 38 &
1078 834 102 38 pari
1142 834 140 38 ratione
1244 834 89 38 nec
1282 834 89 38 posse

794 865 104 38 esse
859 865 156 38 terminum
976 865 208 38 productionis
1144 865 156 38 Spiritus
1248 865 117 38 Sancti,

798 896 223 40 Consequentiam
982 896 131 40 probo,
1074 896 118 40 quia,
1153 896 118 40 illud
1232 896 92 40 est
1271 896 92 40 termi

792 931 93 41 nus
845 931 212 41 productionis
1017 931 159 41 Spiritus
1136 931 146 41 Sancti,
1242 931 106 41 quod
1295 931 66 41 ac-

796 965 147 39 quiritur
906 965 98 39 sibi
967 965 86 39 per
1016 965 110 39 illam
1089 965 208 39 processionem:
1260 965 73 39 si
1285 965 73 39 ergo

798 1004 158 39 opiritus
917 1004 145 39 Sanctus
1022 1004 92 39 per
1075 1004 119 39 talem
1154 1004 211 39 processionem
1312 1004 53 39 ac

788 1032 111 42 cipit
862 1032 98 42 esse
923 1032 123 42 datum,
1009 1032 86 42 cum
1058 1032 98 42 tale
1120 1032 98 42 esse
1181 1032 86 42 sit
1231 1032 98 42 esse
1280 1032 86 42 rela-

789 1067 129 49 tiuum,
880 1067 78 49 vt
918 1067 142 49 ipsimet
1022 1067 142 49 dicunt,
1125 1067 103 49 tunc
1190 1067 142 49 relatio
1280 1067 91 49 esset

786 1103 155 46 terminus
902 1103 103 46 suae
954 1103 193 46 processionis.

822 1138 153 40 Secundo
933 1138 209 40 sequeretur,
1101 1138 111 40 quod
1170 1138 167 40 Spiritus
1281 1138 84 40 San-

793 1173 101 44 ctus
857 1173 203 44 referreretur
1022 1173 152 44 realiter
1136 1173 76 44 ad
1174 1173 140 44 amorem,
1275 1173 89 44 hoc
1313 1173 51 44 at

797 1211 87 39 est
846 1211 136 39 falsum,
945 1211 99 39 quia
1007 1211 99 39 tunc
1069 1211 223 39 distingueretur
1242 1211 124 39 realiter

789 1239 81 42 ab
830 1239 135 42 amore,
925 1239 68 42 &
952 1239 95 42 per
1006 1239 190 42 consequens
1155 1239 68 42 a
1182 1239 135 42 diuina
1263 1239 95 42 essen

788 1279 109 45 tia.
856 1279 95 45 Nam
911 1279 177 45 (secundum
1047 1279 136 45 illos)
1142 1279 109 45 amor
1210 1279 82 45 in
1238 1279 122 45 diuinis

789 1307 91 49 non
841 1307 130 49 potest
932 1307 117 49 sumi,
1010 1307 104 49 nisi
1075 1307 130 49 tantum
1153 1307 208 49 essentialiter,

792 1347 253 35 Consequentiam
1001 1347 149 35 probo:
1105 1347 104 35 Nam
1164 1347 119 35 quod
1224 1347 149 35 Spiritus

782 1385 156 39 Sanctus
895 1385 142 39 capiat
994 1385 113 39 esse
1065 1385 127 39 datum
1150 1385 99 39 per
1206 1385 142 39 amorem
1291 1385 71 39 non

795 1415 132 36 videtur
891 1415 108 36 posse
964 1415 169 36 intelligi,
1096 1415 96 36 nisi
1156 1415 120 36 altero
1241 1415 120 36 duorum
1313 1415 48 36 mo

790 1447 122 45 dorum,
875 1447 110 45 puta,
948 1447 85 45 vel
997 1447 98 45 quia
1058 1447 195 45 constituitur
1217 1447 73 45 in
1253 1447 98 45 esse
1302 1447 61 45 da-

787 1484 81 41 to
827 1484 189 41 formaliter
975 1484 94 41 per
1029 1484 148 41 amorem,
1137 1484 94 41 vel
1191 1484 108 41 quia
1245 1484 121 41 produci

790 1522 93 32 tur
843 1522 80 32 ab
883 1522 107 32 ipso
949 1522 133 32 amore:
1043 1522 93 32 Non
1096 1522 133 32 potest
1189 1522 107 32 dici
1242 1522 107 32 primum

793 1552 108 43 quia
861 1552 189 43 principium
1010 1552 149 43 formale
1118 1552 216 43 constituendi
1280 1552 81 43 sem-

794 1587 84 46 per
842 1587 168 46 includitur
974 1587 72 46 in
1010 1587 180 46 constituto;
1155 1587 108 46 esset
1227 1587 120 46 igitur
1299 1587 60 46 (se

788 1626 127 39 cundum
877 1626 127 39 istos)
966 1626 153 39 Spiritus
1081 1626 140 39 Sanctus
1183 1626 178 39 formaliter
1310 1626 38 39 a

783 1663 105 33 mor,
848 1663 65 33 &
875 1663 92 33 sic
927 1663 157 33 haberent
1045 1663 170 33 oppositum
1176 1663 183 33 propositi,
1307 1663 52 33 ne

780 1690 163 39 cessario
902 1690 108 39 ergo
970 1690 135 39 habent
1065 1690 149 39 qicere,
1173 1690 108 39 quod
1228 1690 135 39 Spiritus

787 1724 142 37 Sanctus
891 1724 130 37 capiat
981 1724 104 37 esse
1046 1724 91 37 per
1098 1724 142 37 amorem,
1202 1724 104 37 quia
1253 1724 104 37 produm

790 1760 121 40 citur
870 1760 81 40 ab
911 1760 135 40 amore,
1005 1760 67 40 &
1032 1760 94 40 per
1086 1760 188 40 consequens
1220 1760 135 40 refertur

784 1796 164 35 realiter
907 1796 82 35 ad
948 1796 150 35 amorem,
1057 1796 82 35 eo
1098 1796 109 35 quod
1166 1796 136 35 semper
1248 1796 109 35 produ-

787 1830 106 45 ctum
853 1830 173 45 referatur
986 1830 160 45 realiter
1106 1830 80 45 ad
1133 1830 146 45 producens

816 1861 135 45 Tertio
911 1861 203 45 sequeretur,
1074 1861 162 45 Spiritum
1196 1861 149 45 Sanctum
1290 1861 68 45 non

789 1896 103 40 esse
853 1896 180 40 distinctam
995 1896 154 40 personam
1111 1896 64 40 a
1136 1896 129 40 patre,
1226 1896 64 40 &
1252 1896 129 40 filio,

783 1935 119 43 quod
857 1935 104 43 est
917 1935 148 43 omnino
1021 1935 163 43 falsum;
1139 1935 252 43 Consequentiam

780 1970 137 44 probo,
876 1970 96 44 Nam
931 1970 179 44 (secundum
1069 1970 110 44 eos)
1137 1970 137 44 illud,
1233 1970 110 44 quod
1288 1970 69 44 ca-

786 2004 94 41 pit
839 2004 107 41 esse
906 2004 120 41 datum
986 2004 94 41 per
1040 2004 147 41 amorem,
1147 2004 94 41 est
1200 2004 160 41 ipsummet
1307 2004 40 41 a

780 2039 122 40 mans
856 2039 152 40 habens
962 2039 137 40 illum
1054 2039 152 40 amorem
1160 2039 107 40 per
1221 2039 122 40 quem
1282 2039 76 40 im-

789 2070 173 43 pellitur,
922 2070 66 43 &
948 2070 173 43 egreditur
1081 2070 80 43 ad
1121 2070 120 43 ipsum
1201 2070 146 43 amatum,
1294 2070 66 43 con

780 2109 115 45 stat
852 2109 129 45 autem
938 2109 115 45 quod
1010 2109 129 45 amor,
1096 2109 101 45 per
1154 2109 115 45 quem
1211 2109 144 45 Spiritus
