1500 2316
146 162 99 61 Quod
208 162 87 61 non
257 162 99 61 sint
319 162 161 61 principia
443 162 112 61 sicut
518 162 186 61 petitiones,
654 162 50 61 pa

142 222 100 38 tet.
205 222 88 38 Nam
255 222 125 38 (sicut
343 222 175 38 tangebatur
481 222 163 38 superius)
593 222 113 38 petitio

140 251 84 45 est
188 251 157 45 contraria
309 251 145 45 opinioni
417 251 181 45 adiscentis,
562 251 60 45 &
586 251 97 45 ideo
635 251 72 45 peti

150 288 87 33 tur
199 288 99 33 eius
261 288 174 33 concessio;
398 288 149 33 Articuli
510 288 112 33 autem
585 288 112 33 fidei
647 288 62 33 non

142 318 101 40 sunt
205 318 164 40 contrarij
331 318 164 40 adiscenti
457 318 189 40 Theologiam;
608 318 101 40 quia
659 318 50 40 si

144 349 124 41 essent
231 349 174 41 contrarij,
367 349 87 41 non
417 349 124 41 posset
504 349 124 41 adisci
578 349 137 41 scientia,

151 389 91 41 cum
203 389 91 41 non
255 389 142 41 possint
358 389 155 41 probari;
474 389 103 41 ergo
539 389 129 41 debent
617 389 91 41 suppo

145 417 78 41 ni
184 417 117 41 sicut
262 417 91 41 per
313 417 78 41 se
352 417 117 41 nota,
430 417 65 41 &
456 417 142 41 tanquam
560 417 104 41 vera
611 417 91 41 prin

135 453 97 45 cipia.

184 486 87 40 Ad
228 486 189 40 argumenta
374 486 131 40 eorum
461 486 175 40 superius
577 486 131 40 inducta

75 524 623 42 respondetur.

186 555 77 37 Ad
225 555 128 37 primum
314 555 90 37 cum
365 555 154 37 dicitur,
481 555 154 37 scientia
596 555 90 37 non
634 555 77 37 que-

149 588 85 40 rit
197 588 73 40 de
234 588 97 40 suis
294 588 182 40 principijs,
440 588 85 40 cum
488 588 145 40 supponat
597 588 73 40 ea
633 588 97 40 esse

144 622 167 38 verissima,
275 622 83 38 hoc
323 622 119 38 potest
406 622 155 38 intelligi
525 622 178 38 dupliciter.
656 622 59 38 Vno

146 654 116 40 modo,
224 654 77 40 ut
262 654 168 40 dubitetur
391 654 77 40 de
430 654 116 40 eorum
507 654 168 40 ueritate,
637 654 65 40 &
649 654 65 40 sic

148 686 107 47 nulla
219 686 142 47 scientia
326 686 130 47 quaerit
421 686 83 47 sua
468 686 166 47 principia,
598 686 83 47 sed
634 686 71 47 sup-

150 723 122 45 ponit
232 723 190 45 uerissima,
381 723 95 45 sic
435 723 122 45 etiam
516 723 176 45 Theologia
638 723 68 45 non

152 764 131 38 quaerit
247 764 71 38 de
283 764 95 38 suis
342 764 178 38 principijs,
484 764 83 38 sed
532 764 142 38 supponit
639 764 71 38 ea
663 764 47 38 ha

150 792 104 41 bere
215 792 208 41 infallibilem
384 792 182 41 ueritatem.
527 792 104 41 Alio
592 792 104 41 modo
644 792 65 41 po-

153 821 88 39 test
208 821 154 39 intelligi,
329 821 88 39 quod
384 821 88 39 fiat
440 821 132 39 quaestio
539 821 66 39 de
572 821 165 39 principijs,

148 858 93 38 non
201 858 107 38 quia
268 858 173 38 dubitetur
401 858 80 38 de
441 858 120 38 eorum
521 858 173 38 ueritate,
640 858 67 38 sed

152 892 76 43 de
190 892 101 43 modo
253 892 202 43 apprehedendi
418 892 114 43 illam
493 892 164 43 ueritatem
620 892 76 43 in
645 892 63 43 spe

153 925 128 42 ciali,
243 925 128 42 potest
332 925 102 42 enim
396 925 115 42 bene,
472 925 64 42 &
498 925 102 42 male
549 925 166 42 apprehendi;

154 957 81 40 si
195 957 135 40 namque
290 957 108 40 bene
357 957 135 40 semper
452 957 284 40 apprehenderentur,

154 993 128 37 nuquam
244 993 128 37 fieret
334 993 193 37 svllogismus
488 993 218 37 falsigraphus,
655 993 64 37 qui

154 1024 142 48 procedit
261 1024 71 48 ex
296 1024 166 48 principijs
427 1024 95 48 male
486 1024 190 48 intellectis,
628 1024 83 48 sicut

155 1056 95 44 ergo
214 1056 71 44 in
250 1056 154 44 scientijs
368 1056 130 44 humanis
463 1056 118 44 potest
545 1056 130 44 aliquod
628 1056 83 44 prin-

154 1095 115 38 cipium
235 1095 69 38 in
270 1095 138 38 speciali
373 1095 104 38 male,
442 1095 81 38 uel
489 1095 92 38 bene
546 1095 161 38 intelligi;
661 1095 58 38 ita

158 1133 125 35 euenit
246 1133 75 35 in
284 1133 163 35 Theologia
409 1133 75 35 de
446 1133 163 35 articulis
572 1133 125 35 fidei:
659 1133 88 35 nam

152 1162 144 39 quamuis
257 1162 79 39 in
296 1162 157 39 generali
414 1162 144 39 veritas
519 1162 118 39 vnius
584 1162 131 39 articuli

150 1197 83 36 ab
192 1197 152 36 omnibus
302 1197 194 36 catholicis
454 1197 235 36 apprehendatur
634 1197 83 36 sine

150 1228 142 41 errore,
253 1228 65 41 &
279 1228 206 41 dubitatione,
447 1228 77 41 in
486 1228 129 41 aliquo
576 1228 116 41 tamen
640 1228 65 41 spe

154 1266 112 35 ciali
228 1266 125 35 potest
315 1266 187 35 diuersimode
465 1266 187 35 apprehendi,
614 1266 62 35 &
639 1266 100 35 sic,

153 1298 90 40 uel
204 1298 115 40 bene,
281 1298 90 40 uel
332 1298 115 40 male,
409 1298 64 40 &
435 1298 102 40 ideo
499 1298 128 40 cadunt
588 1298 90 40 ibi
626 1298 90 40 dubi-

153 1329 167 40 tationes,
282 1329 64 40 &
307 1329 167 40 formantur
436 1329 205 40 quaestiones,
602 1329 90 40 per
641 1329 77 40 qua-

156 1360 90 51 rum
208 1360 181 51 solutiones
350 1360 142 51 ueritas
453 1360 194 51 articulorum
608 1360 77 51 in
634 1360 77 51 spe-

163 1396 107 40 ciali
223 1396 154 40 declaratur.

190 1431 220 38 Intelligendum
371 1431 129 38 tamen,
462 1431 103 38 quod
526 1431 78 38 in
565 1431 103 38 tali
617 1431 103 38 discur

160 1456 83 47 su,
208 1456 83 47 qui
255 1456 95 47 fit:
314 1456 95 47 ipse
373 1456 154 47 Articulus
492 1456 118 47 semper
575 1456 83 47 est
610 1456 107 47 princi-

160 1499 128 43 pium,
245 1499 100 43 nam
302 1499 157 43 quamuis
416 1499 142 43 aliqua
516 1499 199 43 assumantur
658 1499 57 43 ad

157 1538 206 34 declarationem
327 1538 158 34 articuli,
448 1538 133 34 ueritas
545 1538 109 34 tamen
618 1538 97 34 eius
666 1538 49 34 in

164 1561 166 50 generali,
292 1561 153 50 secundum
406 1561 102 50 quod
470 1561 89 50 est
521 1561 115 50 nobis
585 1561 127 50 proposi-

158 1596 75 42 ta
195 1596 87 42 per
245 1596 124 42 sacras
332 1596 186 42 scripturas,
481 1596 137 42 tanquam
580 1596 137 42 regula,
680 1596 62 42 &

157 1632 150 42 mensura
267 1632 177 42 permanet.
403 1632 123 42 Cuius
485 1632 137 42 signum
581 1632 109 42 est,
635 1632 82 42 quia

161 1664 123 42 quando
247 1664 136 42 uolumus
346 1664 197 42 certificari,
506 1664 74 42 an
543 1664 173 42 explicatio
667 1664 49 42 fa

162 1705 79 39 cta
207 1705 68 39 de
241 1705 113 39 aliquo
320 1705 136 39 articulo
422 1705 68 39 in
456 1705 136 39 speciali
558 1705 79 39 sit
604 1705 102 39 uera,
660 1705 57 39 sta

157 1730 87 47 tim
206 1730 161 47 aspicimus
330 1730 74 47 ad
367 1730 161 47 ueritatem
490 1730 148 47 articuli
589 1730 124 47 proposi-

162 1765 87 39 tam
211 1765 112 39 nobis
286 1765 74 39 in
323 1765 149 39 generali
435 1765 87 39 per
484 1765 124 39 sacram
559 1765 161 39 scripturam,

160 1800 107 45 quae
227 1800 80 45 si
267 1800 187 45 concordat,
414 1800 228 45 apprehendimus
601 1800 147 45 tanquam

166 1831 131 41 Veram:
258 1831 92 41 sin
310 1831 118 41 autem
389 1831 105 41 non,
455 1831 118 41 illam
521 1831 197 41 declarationem

165 1868 200 42 reprobamus;
325 1868 80 42 Et
365 1868 160 42 quaerere
485 1868 80 42 de
525 1868 187 42 principijs
658 1868 67 42 hoc

161 1899 103 51 modo
226 1899 91 51 non
277 1899 142 51 negatur
381 1899 194 51 Theologiae,
536 1899 103 51 quia
588 1899 129 51 caeteris

160 1934 112 49 etiam
234 1934 149 49 competit
333 1934 149 49 scientijs.

200 1967 80 46 Ad
240 1967 160 46 secundum
359 1967 160 46 negatur,
479 1967 107 46 quod
546 1967 160 46 scientia
652 1967 67 46 non

164 2001 168 41 ordinetur
294 2001 78 41 ad
332 2001 194 41 desensionem
488 2001 130 41 suorum
566 2001 155 41 principio-

167 2035 100 46 rum,
230 2035 100 46 quia
293 2035 188 46 Metaphysica
443 2035 150 46 defendit
556 2035 100 46 sua,
619 2035 63 46 &
631 2035 88 46 alia-

160 2077 87 49 rum
209 2077 186 49 scientiarum
358 2077 173 49 principia,
494 2077 74 49 ut
531 2077 111 49 patet
606 2077 74 49 ex
630 2077 87 49 quar

722 176 74 44 to
759 176 124 44 Metap.
845 176 87 44 ubi
895 176 111 44 totus
969 176 99 44 vnus
1031 176 161 44 tractatus
1142 176 136 44 ordinatur

718 217 75 37 ad
755 217 100 37 hoc.
817 217 87 37 Imo
867 217 162 37 quaelibet
992 217 162 37 scientia,
1117 217 87 37 dum
1154 217 125 37 defendit

723 252 98 38 suas
784 252 196 38 conclusiones
943 252 147 38 deductas
1053 252 73 38 ex
1090 252 184 38 principijs,
1225 252 61 38 ui-

724 287 114 43 detur
800 287 127 43 saltem
889 287 164 43 implicite
1015 287 164 43 desendere
1129 287 152 43 principia,

726 320 98 42 quia
787 320 73 42 si
824 320 98 42 quis
885 320 110 42 negat
958 320 208 42 conclusiones,
1129 320 110 42 negat
1202 320 110 42 etiam

715 353 346 47 principia
955 353 320 47 implicite.

735 386 94 36 Vel
788 386 134 36 dicas,
882 386 107 36 quod
949 386 107 36 illa
1016 386 174 36 proposito
1150 386 94 36 est
1190 386 94 36 solum

720 416 192 40 intelligenda
876 416 72 40 de
912 416 156 40 scientijs
1032 416 192 40 specialibus,
1188 416 120 40 quarum

724 455 197 39 consideratio
884 455 86 39 est
933 455 86 39 ita
982 455 160 39 limitata,
1105 455 98 39 quod
1167 455 74 39 si
1192 455 98 39 negen-

726 488 83 40 tur
774 488 107 40 illis
845 488 166 40 principia,
976 488 83 40 non
1023 488 119 40 habent
1107 488 143 40 ulterius
1214 488 95 40 viam

726 521 80 47 ad
766 521 147 47 aliquid
873 521 187 47 probandum.
1020 521 174 47 Scientiae
1153 521 120 47 tamen
1220 521 67 47 com

723 554 124 36 munes
806 554 124 36 sicut
889 554 152 36 logica,
999 554 69 36 &
1027 554 138 36 Metaph
1123 554 138 36 quarum
1206 554 83 36 con-

730 588 158 38 sideratio
852 588 85 38 sic
900 588 85 38 est
949 588 122 38 ampla,
1034 588 97 38 quod
1095 588 73 38 si
1132 588 134 38 negetur
1217 588 73 38 ali-

734 621 100 43 quod
797 621 188 43 principium,
948 621 126 43 semper
1036 621 151 43 ulterius
1149 621 163 43 relinqui

734 661 86 39 tur
783 661 86 39 uia
832 661 74 39 ad
869 661 98 39 illa
930 661 160 39 probanda,
1053 661 135 39 possunt
1139 661 148 39 defendere,

733 692 64 37 &
759 692 166 37 declarare
886 692 102 37 sua,
950 692 64 37 &
976 692 140 37 aliarum
1078 692 179 37 principia:
1205 692 77 37 modo

732 725 171 39 Theologia
864 725 92 39 est
916 725 184 39 amplissima
1061 725 211 39 scientiarum,
1219 725 66 39 nam

732 758 170 43 considerat
865 758 73 43 de
901 758 97 43 toto
962 758 109 43 ente,
1035 758 73 43 ut
1071 758 145 43 deseruit
1180 758 73 43 ad
1204 758 85 43 cogni

731 793 136 40 tionem
827 793 109 40 Dei,
895 793 68 40 &
922 793 82 40 ad
963 793 204 40 defensionem
1126 793 136 40 eorum,
1207 793 82 40 quae

734 822 95 37 sunt
794 822 119 37 fidei;
877 822 60 37 &
901 822 95 37 ideo
960 822 119 37 quauis
1044 822 83 37 non
1091 822 119 37 possit
1175 822 83 37 sua
1211 822 71 37 prin

737 858 109 46 cipia
809 858 133 46 probare
906 858 60 46 a
930 858 133 46 priori,
1027 858 109 46 sicut
1100 858 85 46 nec
1148 858 121 46 Metaph
1233 858 60 46 a
1245 858 48 46 po

735 890 141 44 steriori
841 890 106 44 tamen
911 890 129 44 potest,
1005 890 94 44 quia
1064 890 70 44 ex
1099 890 106 44 nulla
1170 890 106 44 parte
1228 890 59 44 est

734 923 93 50 sibi
793 923 116 50 clausa
862 923 70 50 via.

746 988 371 50 ARTICVLVS
1003 988 286 50 SECVNDVS

742 1058 117 39 Vtrum
820 1058 170 39 certitudo
951 1058 170 39 veritatis
1081 1058 196 39 Theologicae
1225 1058 65 39 de-

741 1098 163 34 pendeat
859 1098 74 34 a
889 1098 192 34 superiori
1037 1098 177 34 scientia
1170 1098 133 34 sicut
1244 1098 44 34 a

898 1124 216 53 subalternante

814 1328 68 38 D
842 1328 95 38 hoc
896 1328 190 38 respondent
1045 1328 136 38 quidam
1127 1328 163 38 affirmati-

739 1340 102 68 ue,
798 1340 73 68 &
827 1340 131 68 ratio
914 1340 116 68 est,
987 1340 116 68 quia
1059 1340 189 68 certitudo
1190 1340 102 68 ueri-

733 1393 103 49 tatis
801 1393 69 49 in
836 1393 138 49 scientia
939 1393 138 49 dependet
1042 1393 69 49 ex
1077 1393 92 49 suis
1134 1393 172 49 principijs.

734 1428 61 48 &
758 1428 74 48 ab
795 1428 86 48 eis
844 1428 86 48 est
893 1428 184 48 accipienda;
1041 1428 86 48 sed
1090 1428 160 48 certitudo
1200 1428 86 48 prin-

736 1460 147 46 cipiorum
846 1460 110 46 huius
920 1460 160 46 scientiae
1043 1460 147 46 dependet
1153 1460 61 46 a
1165 1460 123 46 scientia

743 1495 107 44 Dei,
809 1495 67 44 &
836 1495 160 44 beatorum
956 1495 147 44 tanquam
1062 1495 67 44 a
1076 1495 213 44 subalternante,

732 1530 112 37 ergo:
806 1530 112 37 Maior
881 1530 87 37 est
930 1530 75 37 de
968 1530 75 37 se
1005 1530 112 37 nota.
1080 1530 112 37 Minor
1154 1530 162 37 probatur,

742 1559 95 50 quia
801 1559 142 50 articuli
908 1559 107 50 fidei
979 1559 95 50 sunt
1038 1559 166 50 principia,
1169 1559 59 50 &
1192 1559 83 50 non
1228 1559 59 50 ha-

733 1595 98 44 bent
794 1595 172 44 euidentiam
929 1595 74 44 in
966 1595 147 44 scientia
1076 1595 135 44 nostra,
1174 1595 98 44 ergo
1236 1595 86 44 eo

741 1630 83 41 rum
789 1630 155 41 certitudo
908 1630 131 41 pedebit
1003 1630 71 41 ab
1039 1630 95 41 alia
1098 1630 155 41 superiori
1206 1630 83 41 scien

739 1665 91 45 tia,
795 1665 68 45 in
829 1665 79 45 qua
875 1665 91 45 sint
932 1665 159 45 euidentes,
1057 1665 91 45 haec
1113 1665 102 45 autem
1181 1665 79 45 est
1216 1665 79 45 scie-

737 1696 88 51 tia
788 1696 101 51 Dei,
851 1696 63 51 &
876 1696 164 51 beatorum,
1002 1696 101 51 ergo
1065 1696 113 51 illis
1128 1696 164 51 subalterna-

740 1728 77 53 ri
766 1728 90 53 debet

779 1760 167 52 Confirmatur
912 1760 67 52 ex
946 1760 134 52 superius
1046 1760 122 52 dictis;
1135 1760 134 52 scilicet
1224 1760 67 52 quod

740 1797 213 49 suppositiones
916 1797 138 49 possunt
1017 1797 188 49 demonstrari
1167 1797 75 49 in
1193 1797 100 49 scien-

733 1835 89 41 tia
784 1835 177 41 superiori,
923 1835 190 41 accipiuntur
1075 1835 114 41 tamen
1151 1835 139 41 tanquam
1239 1835 51 41 vc

735 1872 87 40 rae
784 1872 74 40 in
821 1872 148 40 scientia
932 1872 148 40 propria.
1044 1872 87 40 Hoc
1093 1872 124 40 stante
1167 1872 124 40 arguitur

741 1901 86 47 sic.
795 1901 86 47 llla
849 1901 140 47 scientia,
956 1901 86 47 quae
1010 1901 118 47 accipit
1096 1901 75 47 sua
1139 1901 140 47 principia
1236 1901 54 47 tan

735 1931 100 47 quam
798 1931 201 47 suppositones
961 1931 63 47 a
987 1931 151 47 scientia
1100 1931 163 47 superiori
1213 1931 75 47 sub-

733 1969 190 45 alternatur
883 1969 122 45 illi,
964 1969 176 45 Theologia
1100 1969 122 45 nosta
1168 1969 122 45 accipit

738 1999 153 42 articulos
856 1999 106 42 sidei
926 1999 82 42 pro
973 1999 176 42 principijs,
1114 1999 153 42 supposita
1231 1999 82 42 eo

745 2037 89 39 rum
796 2037 152 39 ueritate
910 2037 63 39 a
936 2037 152 39 scientia
1050 2037 89 39 Dei
1101 2037 178 39 reuelante,
1228 2037 63 39 er-

743 2069 80 54 go
769 2069 107 54 &caet.
