1500 2368
194 165 74 55 ne
231 165 99 55 eius
293 165 136 55 spirari
392 165 62 55 a
417 165 124 55 patre,
503 165 87 55 hoc
553 165 112 55 autem
627 165 87 55 est
664 165 112 55 falsur-

195 208 101 52 ergo
258 208 88 52 &c.
309 208 113 52 quia,
384 208 75 52 si
422 208 88 52 non
472 208 113 52 esset
548 208 75 52 de
585 208 176 52 intrinseca
711 208 63 52 ra-

192 250 108 45 tione
264 250 144 45 Spiritus
372 250 120 45 Sancti
456 250 132 45 spirari
551 250 84 45 tam
599 250 60 45 a
623 250 120 45 patre,
695 250 72 45 quam

194 276 62 49 a
218 276 125 49 filio,
306 276 125 49 posset
393 276 125 49 habere
481 276 112 49 totum
556 276 100 49 quod
618 276 150 49 pertinet
718 276 50 49 ad

185 313 107 48 suam
252 313 255 48 personalitatem,
466 313 121 48 dato,
546 313 94 48 per
586 313 188 48 impossibile,

188 346 101 52 quod
252 346 127 52 pater,
340 346 63 52 &
366 346 127 52 filius
454 346 89 52 non
505 346 177 52 spirarent,
644 346 63 52 &
670 346 89 52 sic
708 346 63 52 ha-

191 383 113 48 beret
267 383 100 48 esse
329 383 63 48 a
354 383 88 48 se,
405 383 100 48 quod
467 383 88 48 est
517 383 163 48 abiurdum:
630 383 138 48 Consequen

190 428 111 38 tiam,
264 428 124 38 probo,
350 428 99 38 quia
412 428 99 38 pari
474 428 148 38 ratione,
585 428 62 38 &
598 428 173 38 necessitate,

196 456 91 45 qua
248 456 155 45 Spiritus
364 456 142 45 Sanctus
468 456 65 45 a
494 456 117 45 patre
572 456 168 45 spiratur,
688 456 78 45 eade

196 493 62 41 &
220 493 62 41 a
245 493 112 41 filio
320 493 112 41 etiam
395 493 162 41 procedit,
520 493 62 41 &
545 493 100 41 ideo
608 493 75 41 si
645 493 87 41 est
683 493 87 41 extra

188 520 145 49 rationem
296 520 96 49 eius
357 520 132 49 spirari
453 520 60 49 a
477 520 120 49 filio,
561 520 96 49 erit
621 520 108 49 etiam
682 520 84 49 extra

196 558 101 43 eius
260 558 152 43 rationem
374 558 139 43 spirari
475 558 63 43 a
500 558 127 43 patre;
589 558 177 43 quapropter
715 558 51 43 si

196 589 124 47 stante
282 589 87 47 sua
332 589 211 47 personalitate
506 589 124 47 posset
592 589 87 47 per
630 589 136 47 impossibi

199 622 71 48 le
235 622 143 48 remoueri
342 622 143 48 spiratio
449 622 119 48 filij,
533 622 95 48 pari
592 622 131 48 ratione
676 622 95 48 stante

194 656 118 43 eadem
272 656 223 43 personalitate
456 656 144 43 poterit
561 656 157 43 remoueri
665 656 105 43 spira-

194 694 90 51 tio
233 694 116 51 patris.

213 705 117 72 Neque
291 705 117 72 valet
370 705 78 72 si
409 705 157 72 dicatur,
526 705 104 72 quod
591 705 91 72 non
644 705 91 72 est
683 705 91 72 simi-

198 760 79 44 e,
237 760 106 44 quia
304 760 212 44 principalius
476 760 159 44 spiratur
595 760 66 44 a
621 760 119 44 patre
688 760 79 44 quam

195 800 62 43 a
219 800 124 43 filio:
306 800 87 43 Nam
356 800 112 43 talis
431 800 211 43 principalitas
605 800 87 43 non
654 800 112 43 facit
716 800 50 43 a-

197 831 100 52 ctum
259 831 149 52 spirandi
371 831 149 52 priorem,
483 831 87 52 vel
533 831 112 52 magis
595 831 174 52 necessarium,

199 869 67 37 &
225 869 174 37 perfectum
359 869 80 37 ex
399 869 121 37 parte
480 869 147 37 patris,
587 869 107 37 quam
654 869 80 37 ex
681 869 80 37 par-

185 908 78 40 te
224 908 130 40 filij;
315 908 104 40 immo
379 908 130 40 simul,
470 908 65 40 &
496 908 117 40 aeque
574 908 194 40 necessario,
729 908 65 40 &

187 936 164 49 perfecte
310 936 151 49 spirant
420 936 109 49 ambo
488 936 164 49 Spiritum
611 936 164 49 Sanctum,
721 936 41 49 &

182 970 104 54 ideo
247 970 78 54 si
286 970 130 54 stante
376 970 220 54 personalitate
558 970 155 54 Spiritus
661 970 104 54 Sancti

196 1011 116 40 potest
278 1011 93 40 iste
336 1011 105 40 actus
406 1011 186 40 circunscribi
557 1011 58 40 a
581 1011 116 40 filio,
662 1011 93 40 pari
709 1011 58 40 ra-

197 1041 114 44 tione
273 1041 140 44 poterit
375 1041 203 44 circunscribi
540 1041 63 44 a
565 1041 127 44 patre,
654 1041 63 44 &
679 1041 76 44 si
705 1041 63 44 non

198 1074 132 55 poterit
294 1074 192 55 circunscribi
450 1074 60 55 a
474 1074 120 55 patre,
559 1074 96 55 pari
619 1074 132 55 ratione
703 1074 60 55 nec

187 1107 53 50 a
209 1107 107 50 filio.

191 1116 162 76 Secundo
309 1116 220 76 sequeretur,
485 1116 117 76 quod
558 1116 176 76 Spiritus
676 1116 88 76 San-

187 1180 104 36 ctus
252 1180 104 36 alia
317 1180 169 36 relatione
447 1180 195 36 refereretur
602 1180 78 36 ad
641 1180 143 36 patrem,
732 1180 39 36 &

188 1216 100 46 alia
250 1216 75 46 ad
287 1216 137 46 filium,
387 1216 87 46 hoc
437 1216 112 46 autem
512 1216 87 46 est
562 1216 137 46 falsum,
662 1216 100 46 quia
712 1216 50 46 in

189 1248 147 41 diuinis
296 1248 134 41 essent
389 1248 134 41 plures
483 1248 187 41 relationes
629 1248 107 41 quam
683 1248 80 41 qua-

194 1275 122 44 tuor:
276 1275 217 44 Consequentia
452 1275 176 44 probatur,
588 1275 95 44 nam
642 1275 81 44 si
669 1275 95 44 dica-

195 1316 101 44 tur,
259 1316 101 44 quod
322 1316 114 44 eadem
398 1316 165 44 relatione
525 1316 152 44 refertur
639 1316 76 44 ad
665 1316 101 44 patre,

191 1355 61 42 &
215 1355 73 42 ad
252 1355 121 42 filium
336 1355 133 42 habetur
433 1355 182 42 propositum,
579 1355 158 42 scilicet,
688 1355 73 42 quod

189 1384 111 44 sicut
262 1384 86 44 est
312 1384 74 44 de
348 1384 172 44 intrinseca
484 1384 135 44 ratione
582 1384 135 44 referri
680 1384 74 44 ad
705 1384 61 44 pa-

198 1424 112 41 trem,
272 1424 62 41 &
297 1424 75 41 ad
334 1424 137 41 filium,
434 1424 87 41 ita
484 1424 100 41 erit
546 1424 75 41 de
583 1424 174 41 intrinseca
708 1424 62 41 ra-

193 1457 114 42 tione
269 1457 165 42 procedere
396 1457 76 42 ab
434 1457 152 42 vtroque,
548 1457 63 42 &
574 1457 89 42 per
612 1457 152 42 consequens

192 1484 120 44 actus
272 1484 160 44 spirandi
392 1484 94 44 non
445 1484 134 44 potest
539 1484 214 44 circunscribi
699 1484 67 44 ma-

194 1524 87 48 gis
243 1524 74 48 ab
280 1524 87 48 vna
330 1524 149 48 persona,
442 1524 99 48 quam
504 1524 74 48 ab
541 1524 112 48 alia;
615 1524 74 48 si
652 1524 112 48 autem
714 1524 50 48 di

189 1558 132 42 catur,
281 1558 105 42 quod
347 1558 92 42 non
399 1558 118 42 eadem
478 1558 171 42 relatione
610 1558 158 42 refertur
715 1558 53 42 ad

184 1593 186 41 vtrunque,
327 1593 115 41 tunc
399 1593 186 41 sequitur,
542 1593 115 41 quod
613 1593 86 41 in
642 1593 129 41 diuinis

190 1625 110 47 sint
259 1625 138 47 plures
356 1625 193 47 relationes
508 1625 110 47 quam
577 1625 166 47 quatuor,
687 1625 83 47 quod

191 1662 90 51 est
230 1662 115 51 falsum.

230 1669 137 76 Tertio,
329 1669 75 76 si
366 1669 87 76 non
416 1669 112 76 esset
491 1669 75 76 de
528 1669 174 76 intrinseca
652 1669 112 76 ratione

188 1726 157 49 Spiritus
306 1726 131 49 Sancti
397 1726 144 49 spirari
502 1726 92 49 tam
555 1726 65 49 a
581 1726 131 49 filio,
672 1726 105 49 quam
725 1726 39 49 a

191 1766 127 45 patre,
280 1766 190 45 sequeretur,
432 1766 101 45 quod
496 1766 114 45 pater
572 1766 140 45 haberet
661 1766 101 45 actun-

189 1802 152 45 spirandi
303 1802 76 45 in
342 1802 127 45 aliquo
430 1802 114 45 signo
506 1802 127 45 priori
595 1802 101 45 ante
646 1802 114 45 filium;

186 1836 197 40 Consequens
341 1836 99 40 est
397 1836 155 40 falsum,
510 1836 113 40 ergo
581 1836 99 40 &c.
623 1836 141 40 Conseque

187 1874 96 37 tia
242 1874 96 37 est
297 1874 124 37 nota,
380 1874 96 37 nam
435 1874 83 37 si
477 1874 152 37 ponatur
587 1874 110 37 quod
642 1874 124 37 habeant

189 1911 129 35 talem
275 1911 129 35 actum
361 1911 144 35 omnino
462 1911 86 35 in
505 1911 129 35 eodem
591 1911 144 35 signo,
678 1911 86 35 tunc

194 1934 83 46 non
241 1934 118 46 posset
324 1934 94 46 iste
383 1934 106 46 actus
454 1934 189 46 circunscribi
607 1934 71 46 ab
642 1934 94 46 vno,
689 1934 71 46 quod

189 1969 87 47 non
238 1969 261 47 circunscriberetur
462 1969 75 47 ab
499 1969 112 47 alio:
574 1969 112 47 Probo
636 1969 124 47 falsita.

197 2006 105 44 tem,
263 2006 105 44 quia
329 2006 79 44 si
368 2006 119 44 pater
447 2006 145 44 haberet
552 2006 79 44 in
592 2006 132 44 aliquo
671 2006 92 44 signo

206 2043 122 42 priori
291 2043 109 42 actum
364 2043 146 42 spirandi
473 2043 97 42 ante
534 2043 134 42 filium,
631 2043 97 42 tunc
680 2043 85 42 esset

197 2082 114 39 prior
273 2082 127 39 filio,
362 2082 127 39 saltem
451 2082 152 39 secundum
564 2082 165 39 originem,
691 2082 63 39 &
704 2082 63 39 per

197 2111 176 56 consequens
336 2111 113 56 esset
411 2111 88 56 ibi
461 2111 126 56 aliqua
549 2111 163 56 prioritas
675 2111 75 56 in
700 2111 63 56 ha

791 167 124 50 bendo
874 167 124 50 istum
956 167 138 50 actum,
1053 167 96 50 sed
1108 167 165 50 probatum
1231 167 96 50 est
1273 167 96 50 supra

795 215 81 35 in
835 215 107 35 nona
902 215 228 35 distinctione,
1090 215 107 35 quod
1157 215 121 35 inter
1238 215 148 35 patrem,
1332 215 40 35 &

796 248 112 50 filium
874 248 101 50 nulla
942 248 79 50 est
987 248 101 50 talis
1054 248 157 50 prioritas,
1178 248 79 50 vel
1223 248 169 50 distinctio:

792 284 131 43 ergo
857 284 66 43 &c

847 289 116 71 uarto.
929 289 70 71 Si
963 289 128 71 spirari
1056 289 58 71 a
1079 289 104 71 filio
1149 289 104 71 esset
1207 289 162 71 aduentitium,

790 346 65 42 &
816 346 196 42 accidentale
973 346 222 42 personalitati
1155 346 157 42 Spiritus
1260 346 91 42 Sacti

790 383 195 43 sequeretur,
946 383 104 43 quod
1011 383 143 43 spirare
1116 383 91 43 non
1168 383 195 43 praecederet
1311 383 52 43 ge

792 420 181 39 nerationem
934 420 103 39 nisi
999 420 194 39 aduentitie,
1154 420 65 39 &
1180 420 78 39 ex
1206 420 155 39 accidenti,

788 453 71 48 &
816 453 99 48 per
873 453 198 48 consequens
1029 453 113 48 ordo
1100 453 156 48 istarum
1199 453 170 48 productio-

789 487 92 51 num
841 487 118 51 esset
920 487 223 51 accidentalis,
1104 487 66 51 &
1130 487 210 51 aduentirius,
1287 487 79 51 quod

792 519 80 44 est
837 519 125 44 falsum,
928 519 125 44 igitur,
1020 519 103 44 talis
1088 519 91 44 ordo
1145 519 114 44 oritur
1214 519 148 44 radicaliter

785 557 170 50 secundum
912 557 240 50 consequentiam
1110 557 226 50 intellectus,
1293 557 71 50 &
1308 557 57 50 vo

796 595 164 52 luntatis,
923 595 101 52 quae
986 595 101 52 sunt
1049 595 177 52 principia,
1188 595 152 52 dictarum
1289 595 76 52 pro-

789 625 206 36 ductionum,
951 625 162 36 videtur
1068 625 117 36 ergo
1142 625 191 36 dicendum,
1274 625 88 36 quod

796 657 131 51 spirari
891 657 60 51 a
915 657 107 51 Filio
987 657 83 51 sit
1034 657 71 51 de
1070 657 167 51 intrinseca
1201 657 131 51 ratione
1285 657 83 51 Spiri

796 693 84 49 tus
844 693 131 49 Sancti,
939 693 84 49 nec
987 693 119 49 possit
1071 693 191 49 circunscribi
1226 693 60 49 a
1250 693 107 49 Filio
1309 693 60 49 vel

797 723 64 52 a
823 723 128 52 patre,
912 723 141 52 manente
1015 723 218 52 personalitate
1194 723 90 52 Sp.
1233 723 115 52 Sancti.

827 759 258 49 Intelligendum
1039 759 152 49 tamen,
1146 759 182 49 quodicum
1267 759 91 49 dico

787 781 197 64 spirationem
945 781 118 64 Filij
1023 781 105 64 esse
1089 781 79 64 de
1128 781 184 64 intrinseca
1260 781 118 64 ratione

793 830 153 48 Spiritus
908 830 140 48 Sancti,
1010 830 89 48 non
1061 830 179 48 intelligo,
1201 830 102 48 quod
1265 830 89 48 ita
1303 830 64 48 sit

786 871 77 39 de
825 871 90 39 sua
876 871 180 39 intrinseca
1017 871 154 39 ratione,
1133 871 103 39 quod
1197 871 90 39 sit
1248 871 90 39 sua
1287 871 64 39 pro

791 909 140 43 prietas
893 909 191 43 personalis,
1046 909 89 43 vel
1097 909 102 43 quod
1161 909 128 43 intret
1250 909 102 43 suam
1301 909 64 43 per

792 945 204 33 sonalitatem,
958 945 102 33 quia
1021 945 89 33 hoc
1072 945 89 33 non
1123 945 89 33 est
1174 945 178 33 possibile,
1301 945 64 33 cum

785 973 130 41 habeat
876 973 208 41 oppositionem
1045 973 78 41 ad
1085 973 130 41 ipsum,
1176 973 91 41 sed
1228 973 91 41 sic
1267 973 91 41 intel

792 1006 109 38 ligo,
865 1006 97 38 quod
926 1006 85 38 sit
974 1006 73 38 de
1011 1006 85 38 sua
1059 1006 170 38 intrinseca
1193 1006 146 38 ratione,
1290 1006 73 38 quia

789 1040 91 42 est
841 1040 195 42 necessarium
997 1040 182 42 principium
1140 1040 117 42 eius,
1218 1040 91 42 cum
1257 1040 104 42 Spiri-

791 1073 87 50 tus
840 1073 137 50 Sanctus
940 1073 125 50 capiat
1028 1073 100 50 esse
1090 1073 87 50 per
1140 1073 187 50 spirationem
1278 1073 87 50 acti-

783 1110 100 37 uam,
846 1110 88 37 non
896 1110 75 37 vt
934 1110 88 37 est
984 1110 176 37 abstractaa
1122 1110 126 37 patre,
1210 1110 63 37 &
1235 1110 63 37 a
1261 1110 126 37 Filio,

791 1149 106 42 neque
862 1149 71 42 vt
897 1149 83 42 est
945 1149 165 42 abstracta,
1075 1149 59 42 a
1098 1149 118 42 patre,
1181 1149 142 42 existens
1275 1149 83 42 auten

786 1180 72 42 in
822 1180 120 42 Filio,
906 1180 84 42 sed
954 1180 108 42 prout
1026 1180 168 42 necessario
1159 1180 132 42 existit
1255 1180 72 42 in
1279 1180 84 42 vtro-

790 1216 97 43 que,
851 1216 61 43 &
875 1216 97 43 ideo
936 1216 85 43 si,
984 1216 170 43 existentia
1118 1216 97 43 eaus
1179 1216 146 43 tollatur
1288 1216 61 43 a
1300 1216 61 43 pa-

785 1251 100 47 tre,
848 1251 63 47 &
873 1251 113 47 Filio
949 1251 126 47 simul,
1037 1251 88 47 uel
1087 1251 63 47 a
1112 1251 176 47 solopatre,
1250 1251 63 47 &
1263 1251 100 47 maneat

783 1285 76 35 in
821 1285 126 35 Filio,
909 1285 88 35 vel
960 1285 63 35 a
985 1285 101 35 solo
1048 1285 126 35 Filio,
1136 1285 63 35 &
1161 1285 113 35 aneat
1237 1285 76 35 in
1262 1285 101 35 patre,

790 1318 134 44 semper
883 1318 161 44 tollitur
1004 1318 80 44 id
1044 1318 107 44 quod
1111 1318 94 44 est
1165 1318 188 44 principium
1299 1318 67 44 Spi

780 1350 118 38 ritus
858 1350 144 38 Sancti,
963 1350 105 38 quia
1029 1350 105 38 dato
1094 1350 105 38 quod
1160 1350 131 38 maneat
1238 1350 131 38 spiratio

782 1388 148 45 actiua,
889 1388 94 45 non
943 1388 121 45 tamen
1023 1388 121 45 manet
1104 1388 121 45 subea
1184 1388 161 45 ratione,
1292 1388 67 45 sub

790 1422 93 39 qua
843 1422 93 39 est
896 1422 185 39 principium
1041 1422 159 39 Spiritus
1160 1422 146 39 Sancti;
1253 1422 106 39 Quicun

793 1453 88 41 que
844 1453 101 41 ergo
907 1453 126 41 dicat,
995 1453 101 41 quod
1058 1453 151 41 spiratio
1172 1453 126 41 actiua
1247 1453 114 41 abstra-

791 1494 90 40 cta
843 1494 90 40 per
894 1494 193 40 impossibile
1048 1494 64 40 a
1074 1494 116 40 filio
1151 1494 128 40 potest
1228 1494 128 40 remanere

787 1525 81 38 in
828 1525 122 38 patre
909 1525 176 38 complete,
1045 1525 122 38 ponit
1113 1525 244 38 incompossibilia;

792 1558 97 41 nam
848 1558 194 41 inquantum,
1000 1558 125 41 ponit
1083 1558 208 41 spirationem
1235 1558 125 41 actiuam

786 1593 148 44 manere,
893 1593 121 44 ponit
974 1593 108 44 quod
1042 1593 162 44 Spiritus
1163 1593 148 44 Sanctus
1257 1593 108 44 habeat

792 1628 105 44 esse
857 1628 92 44 per
910 1628 105 44 eam,
975 1628 170 44 inquantum
1106 1628 105 44 vero
1172 1628 118 44 ponit
1250 1628 92 44 eam
1290 1628 65 44 non

783 1661 126 48 manere
871 1661 88 48 sub
922 1661 75 48 ea
960 1661 151 48 ratione,
1073 1661 88 48 sub
1123 1661 88 48 qua
1173 1661 88 48 est
1211 1661 151 48 principium

788 1695 152 46 Spiritus
902 1695 140 46 Sancti,
1004 1695 140 46 videtur
1105 1695 140 46 dicere,
1207 1695 101 46 quod
1258 1695 101 46 Spiri-

788 1732 89 39 tus
839 1732 140 39 Sanctus
941 1732 89 39 non
992 1732 127 39 capiat
1081 1732 102 39 esse
1145 1732 89 39 per
1196 1732 102 39 cam:
1246 1732 115 39 Propter

793 1765 108 48 quod
860 1765 148 48 videtur
968 1765 175 48 dicendum,
1102 1765 108 48 quod
1170 1765 81 48 si
1210 1765 94 48 per
1250 1765 108 48 impos-

788 1800 123 45 sibile
874 1800 184 45 abstrahatur
1021 1800 61 45 a
1045 1800 123 45 Filio,
1131 1800 172 45 necessario
1254 1800 110 45 abstra-

789 1834 120 49 hatur
869 1834 120 49 etiam
949 1834 67 49 a
975 1834 133 49 patre,
1069 1834 67 49 &
1095 1834 93 49 per
1149 1834 187 49 consequens
1282 1834 80 49 sim-

796 1871 134 37 pliciter
896 1871 145 37 tolletur,
1008 1871 56 37 &
1031 1871 56 37 i
1053 1871 134 37 spiratio
1154 1871 112 37 actiua
1232 1871 145 37 tollatur,

791 1907 160 39 tollitur.
914 1907 148 39 Spiritus
1025 1907 148 39 Sanctus,
1135 1907 86 39 non
1185 1907 62 39 a
1197 1907 160 39 posteriori,

789 1940 69 38 &
817 1940 220 38 consecutiue,
996 1940 124 38 sicut
1078 1940 96 38 cum
1133 1940 165 38 tollitur
1243 1940 124 38 propria

800 1973 123 44 assio,
886 1973 86 44 sed
935 1973 61 44 a
959 1973 123 44 priori
1045 1973 61 44 &
1070 1973 221 44 principaliter,
1254 1973 98 44 quia
1303 1973 61 44 tol

786 2005 121 46 litur
866 2005 94 46 id,
920 2005 108 46 quod
988 2005 94 46 est
1042 2005 108 46 suum
1109 2005 202 46 principium.
1257 2005 108 46 Restat

788 2044 111 41 ergo,
862 2044 99 41 quod
924 2044 74 41 de
961 2044 173 41 intrinseca
1097 2044 136 41 ratione
1196 2044 149 41 Spititus
1295 2044 62 41 San

788 2073 78 51 cti
832 2073 78 51 sit
877 2073 100 51 ipsum
943 2073 122 51 spirari
1032 2073 55 51 a
1054 2073 111 51 hilio.

825 2110 159 52 Motiuum
940 2110 130 52 autem
1027 2110 87 52 in
1070 2110 202 52 contrarium
1215 2110 144 52 adductum
