1500 2397
109 180 84 65 ne
151 180 167 65 alicuius
276 180 98 65 ita
332 180 84 65 se
374 180 126 65 habet
458 180 223 65 adseinuicem,
625 180 84 65 quod

111 241 134 50 semper
205 241 188 50 communiora
352 241 107 50 sunt
419 241 134 50 priora
513 241 174 50 proprijs.
634 241 67 50 Tun

118 273 109 41 quia
186 273 95 41 non
241 273 95 41 fit
295 273 353 41 conuersioConsequentiae
608 273 82 41 ab
635 273 68 41 eis

120 310 105 39 Tum
180 310 135 39 etiam
270 310 120 39 quia
345 310 180 39 communia
481 310 120 39 sunt
541 310 150 39 fundamen

122 344 107 49 tum
168 344 199 49 propriorum.

129 379 65 44 3
155 379 78 44 Si
194 379 156 44 spitatio
311 379 130 44 actiua
402 379 117 44 esset
480 379 78 44 de
519 379 182 44 intrinseca
649 379 52 44 ra

114 415 115 40 tione
191 415 128 40 filij,
280 415 191 40 sequeretur,
433 415 89 40 vel
484 415 102 40 quod
548 415 128 40 filius
637 415 89 40 non

122 453 118 35 esset
201 453 184 35 suppositum
345 453 184 35 relatiuum,
490 453 92 35 vel
542 453 105 35 quod
595 453 105 35 essent

117 486 93 40 duo
170 486 173 40 supposita
303 486 173 40 relatiua.
437 486 227 40 Consequentias
610 486 80 40 pro-

119 519 87 42 bo,
168 519 87 42 nam
218 519 75 42 si
256 519 162 42 filiatio,
381 519 62 42 &
406 519 150 42 spiratio
518 519 175 42 concurrunt
643 519 50 42 ad

122 554 224 47 constituendam
306 554 237 47 personalitatem
504 554 118 47 filij
569 554 132 47 intrinse

118 590 93 33 ce,
171 590 67 33 &
198 590 120 33 simul
277 590 93 33 cum
331 590 173 33 essentia,
464 590 93 33 vel
517 590 186 33 concurrunt
650 590 53 33 vt

117 621 102 38 sunt
181 621 89 38 vna
232 621 89 38 res
283 621 115 38 inter
360 621 89 38 se,
411 621 64 38 &
437 621 89 38 cum
488 621 166 38 essentia,
616 621 89 38 vel
654 621 51 38 vt

115 657 100 43 sunt
177 657 174 43 distinctae
314 657 187 43 relationes,
463 657 75 43 si
501 657 137 43 dicatur
588 657 112 43 primum,

122 693 107 47 tunc
189 693 94 47 non
242 693 201 47 constituent
404 693 188 47 suppositum
538 693 161 47 relatiuum,

118 728 105 44 quia
183 728 78 44 Vt
222 728 105 44 sunt
288 728 91 44 vna
340 728 91 44 res
392 728 118 44 inter
471 728 91 44 se,
523 728 65 44 &
549 728 91 44 cum
588 728 105 44 essen-

124 763 97 34 tia,
184 763 157 34 transeunt
305 763 73 34 in
341 763 145 34 rationem
450 763 169 34 essentiae,
583 763 97 34 quia
632 763 60 34 so-

122 796 70 49 la
157 796 141 49 essentia
263 796 82 49 est
310 796 106 49 illa,
380 796 94 49 quae
439 796 106 49 facit
509 796 141 49 vnitatem
615 796 70 49 in
638 796 59 49 di-

133 828 132 47 tinis;
225 828 79 47 si
265 828 119 47 autem
344 828 145 47 dicatur
449 828 171 47 secundum,
581 828 106 47 tunc
634 828 66 47 con

126 867 159 39 stituent
245 867 93 39 duo
298 867 172 39 distincta
430 867 172 39 supposita
549 867 146 39 relatiua;

122 901 88 43 Nam
173 901 113 43 sicut
248 901 76 43 se
286 901 113 43 habet
362 901 139 43 relatio
463 901 76 43 ad
500 901 101 43 dare
563 901 101 43 esse
626 901 101 43 rela

122 936 100 39 tum,
185 936 88 39 ita
235 936 75 39 ad
273 936 188 39 constituere
423 936 175 39 suppositum
549 936 150 39 relatiuum,

121 971 87 37 sed
170 971 173 37 distinctae
306 971 173 37 relationes
442 971 124 37 habent
529 971 161 37 distincta
640 971 62 37 es-

124 1005 75 45 se
162 1005 164 45 relatiua,
288 1005 101 45 ergo
351 1005 189 45 constituent
502 1005 164 45 distincta
615 1005 88 45 suppo

123 1041 102 41 sita
174 1041 141 41 relatiua.

158 1068 176 46 Concludo
290 1068 132 46 ergo,
378 1068 117 46 quod
451 1068 161 46 spirare
554 1068 146 46 Spiritum

121 1104 146 47 Sanctum
227 1104 93 47 non
280 1104 93 47 est
333 1104 80 47 de
373 1104 199 47 intrinseca,
532 1104 66 47 &
546 1104 159 47 essentiali

123 1144 134 40 ratione
221 1144 122 40 filij,
306 1144 86 40 sed
355 1144 86 40 est
404 1144 98 40 sibi
465 1144 110 40 quasi
526 1144 171 40 extrinsecum,

121 1177 73 45 &
151 1177 219 45 accidentale
326 1177 88 45 eo
369 1177 131 45 modo,
457 1177 102 45 quo
515 1177 175 45 superius
632 1177 73 45 est

106 1215 185 48 expositum.

181 1246 142 48 Solutio
284 1246 155 48 rationum
401 1246 78 48 in
440 1246 181 48 contrarium
569 1246 129 48 adductae

157 1285 81 48 Ad
198 1285 149 48 primam,
306 1285 108 48 nego
374 1285 244 48 consequentiam,
577 1285 108 48 quia
631 1285 68 48 non

121 1310 153 57 oportet,
236 1310 102 57 quod
300 1310 77 57 si
338 1310 128 57 aliqua
427 1310 153 57 vniuntur
542 1310 89 57 per
580 1310 115 57 identi-

124 1360 141 38 tatem,
222 1360 113 38 quod
293 1360 113 38 vnum
363 1360 127 38 eorum
448 1360 99 38 sit
504 1360 84 38 de
532 1360 169 38 intrinseca

126 1393 135 44 ratione
224 1393 160 44 alterius,
347 1393 86 44 vel
396 1393 98 44 ambo
458 1393 135 44 tertij,
556 1393 74 44 vt
581 1393 123 44 superius

119 1425 142 42 dictum
204 1425 85 42 est.

159 1454 91 42 Ad
204 1454 181 42 secundam
340 1454 121 42 dico
415 1454 256 42 consequentiam
627 1454 106 42 non

131 1485 124 49 valere,
221 1485 90 49 quia
277 1485 68 49 in
311 1485 124 49 persona
402 1485 102 49 filij
469 1485 102 49 nihil
537 1485 79 49 est
571 1485 124 49 fruibile,

126 1534 103 41 quod
191 1534 91 41 sit
242 1534 116 41 extra
320 1534 103 41 suam
385 1534 233 41 personalitatem
579 1534 91 41 per
617 1534 78 41 rea-

128 1567 93 41 lem
181 1567 239 41 distinctionem,
380 1567 93 41 sed
433 1567 120 41 totum
513 1567 106 41 quod
579 1567 93 41 est
619 1567 80 41 ibi,

122 1595 91 48 est
174 1595 91 48 vna
226 1595 169 48 realitas,
356 1595 65 48 &
382 1595 91 48 per
434 1595 182 48 consequens
577 1595 91 48 est
616 1595 78 48 vnum

122 1633 157 37 fruibile;
243 1633 84 37 Nam
291 1633 72 37 si
327 1633 169 37 diuersitas
460 1633 145 37 rationis
556 1633 145 37 sufficeret

121 1670 76 36 ad
159 1670 164 36 faciendum
286 1670 177 36 distinctas
425 1670 228 36 fruibilitates,
602 1670 101 36 seque-

119 1704 128 43 retur,
209 1704 103 43 quod
273 1704 167 43 essentia,
401 1704 64 43 &
427 1704 141 43 relatio
529 1704 154 43 haberent
632 1704 64 43 di-

133 1736 135 42 stinctas
223 1736 180 42 fruibilitates.

161 1766 83 48 Ad
203 1766 151 48 tertiam
313 1766 124 48 dico,
395 1766 83 48 D.
437 1766 165 48 Anselmum
560 1766 96 48 non
602 1766 96 48 intel

119 1805 148 49 ligere,
226 1805 108 49 quod
294 1805 175 49 collectio
428 1805 162 49 dictorum
550 1805 121 49 trium
617 1805 81 49 con-

126 1840 135 45 currat
220 1840 81 45 ad
260 1840 243 45 personalitatem
463 1840 135 45 filij,
557 1840 121 45 quasi
625 1840 67 45 in-

127 1874 158 39 trinsece,
248 1874 61 39 &
272 1874 206 39 essentialiter
442 1874 206 39 constituendo,
612 1874 85 39 sed
648 1874 49 39 in

128 1912 183 48 telligere,
272 1912 105 48 quod
337 1912 157 48 praefata
455 1912 105 48 tria
520 1912 183 48 concurrant
651 1912 52 48 ad

122 1946 167 40 complete
248 1946 251 40 distinguendum,
457 1946 195 40 principium
596 1946 98 40 tamen

126 1984 176 39 proprium
258 1984 73 39 &
287 1984 249 39 constitutiuum
492 1984 190 39 includens
624 1984 73 39 om-

118 2015 106 38 nia,
184 2015 106 38 quae
251 2015 173 38 pertinent
384 2015 80 38 ad
424 2015 200 38 intrinsecam
570 2015 133 38 rationem

124 2051 117 39 filij,
206 2051 82 39 est
253 2051 94 39 vnum
312 2051 129 39 tantum,
406 2051 141 39 scilicet
511 2051 94 39 ipsa
570 2051 152 39 filiatio,

129 2084 100 51 quae
192 2084 163 51 includit,
318 2084 63 51 &
343 2084 113 51 quasi
418 2084 163 51 contrahit
543 2084 88 51 oia
581 2084 113 51 pdicata

125 2119 165 39 communia
249 2119 124 39 alijs
332 2119 165 39 personis
456 2119 83 39 ad
484 2119 220 39 personalitatem

120 2153 127 53 filij;
209 2153 153 53 spiratio
324 2153 102 53 ergo
388 2153 127 53 actiua
477 2153 89 53 non
528 2153 166 53 concurrit
642 2153 64 53 ibi

705 196 88 67 ad
749 196 265 67 constituendum,
970 196 103 67 sed
1029 196 132 67 solum
1117 196 88 67 ad
1147 196 147 67 complete

715 246 253 46 distinguendum;
926 246 112 46 quia
996 246 197 46 principium
1136 246 155 46 constitu-

721 280 116 45 tiuum,
803 280 93 45 quod
861 280 82 45 est
908 280 151 45 filiatio,
1024 280 82 45 non
1071 280 82 45 est
1117 280 163 45 sufficiens
1245 280 70 45 ad

710 315 230 51 distinguendum
900 315 135 51 filium
995 315 68 51 a
1022 315 176 51 quocunque
1158 315 122 51 alio;
1225 315 68 51 si-

715 352 89 47 cut
766 352 128 47 dictum
856 352 89 47 est
907 352 77 47 de
945 352 166 47 indiuiduo
1073 352 204 47 substantiae,
1226 352 64 47 cu-

716 384 89 54 ius
767 384 179 54 principium
908 384 204 54 intrinsecum,
1073 384 64 54 &
1099 384 179 54 essentiale
1226 384 64 54 est

717 420 106 49 vnum
783 420 146 49 tantum,
889 420 159 49 scilicet
1008 420 93 49 sua
1061 420 119 49 forma
1127 420 172 49 substantia-

715 451 103 44 lis,
779 451 167 44 concurrit
908 451 116 44 tamen
985 451 90 44 cum
1036 451 77 44 ea
1075 451 141 44 aliquod
1177 451 116 44 aliud
1242 451 51 44 in

718 495 160 36 trinsece
837 495 80 36 ad
877 495 173 36 faciendum
1011 495 173 36 completam
1130 495 160 36 distinctio

719 524 106 55 nem,
785 524 93 55 cum
838 524 119 55 forma
918 524 225 55 substantialis
1103 524 93 55 non
1143 524 146 55 sufficiat

714 559 79 47 ad
753 559 223 47 distinguendum
937 559 66 47 a
963 559 170 47 quocunque
1094 559 118 47 alio.

714 594 89 41 Ad
759 594 162 41 quartam
877 594 118 41 nego
950 594 177 41 maiorem,
1083 594 118 41 quia
1142 594 148 41 spiratio

720 626 142 46 actiua
819 626 99 46 non
876 626 227 46 communicatur
1061 626 128 46 Filio
1146 626 128 46 eodem
1217 626 71 46 mo-

717 662 95 49 do,
771 662 122 49 sicut
852 662 176 49 essentia.
987 662 95 49 Nam
1041 662 162 49 essentia
1149 662 149 49 communica

723 697 82 50 tur
770 697 82 50 sic
817 697 118 50 Filio,
900 697 94 50 quod
959 697 82 50 est
1006 697 129 50 praeuia
1100 697 165 50 filiationi
1217 697 71 50 con-

715 730 172 53 stituenti,
850 730 61 53 &
874 730 110 53 Filio
948 730 184 53 constituto,
1095 730 123 53 aliter
1181 730 123 53 tamen,
1254 730 37 53 &

720 764 132 49 aliter,
816 764 96 49 quia
876 764 168 49 filiationi
1008 764 96 49 est.
1067 764 132 49 praeuia
1163 764 72 49 in
1187 764 108 49 ratione

723 800 185 48 fundamenti:
871 800 111 48 Filio
945 800 99 48 vero
1007 800 173 48 constituto
1143 800 86 48 est
1180 800 111 48 praeuia

720 837 72 48 in
756 837 131 48 ratione
851 837 155 48 principij
971 837 155 48 elicitiui
1090 837 95 48 suae
1150 837 167 48 productio

717 870 101 46 nis,
780 870 151 46 spiratio
894 870 101 46 vero
956 870 126 46 actiua
1044 870 113 46 nullo
1120 870 101 46 modo
1183 870 88 46 est
1221 870 75 46 prae

717 911 79 44 uia
762 911 169 44 filiationi,
897 911 79 44 vel
942 911 113 44 Filio,
1021 911 90 44 quia
1078 911 68 44 si
1112 911 102 44 esset
1179 911 90 44 sibi
1224 911 68 44 prae

722 939 103 52 uia,
786 939 154 52 spiratus
902 939 115 52 esset
979 939 179 52 principium
1120 939 141 52 geniti,
1222 939 64 52 &
1235 939 64 52 non

722 975 66 48 e
748 975 171 48 conuerso,
879 975 105 48 quod
945 975 92 48 est
997 975 144 48 falsum,
1102 975 157 48 sequitur
1207 975 79 48 ergo

719 1011 118 46 quod
793 1011 133 46 magis
882 1011 236 46 communicetur
1074 1011 118 46 sibi
1147 1011 133 46 quasi
1221 1011 74 46 per

714 1045 134 43 modum
803 1045 238 43 consequentis
997 1045 149 43 Filium
1086 1045 209 43 constitutum:

721 1079 65 49 &
747 1079 91 49 sic
799 1079 130 49 patet,
891 1079 91 49 cur
943 1079 117 49 Filio
1021 1079 91 49 non
1073 1079 91 49 est
1112 1079 183 49 intrinsecum,

720 1114 72 46 &
748 1114 201 46 essentiale
906 1114 158 46 spirare
1021 1114 172 46 Spiritum
1136 1114 144 46 Sanctum.

747 1144 116 54 Neque
825 1144 90 54 hoc
876 1144 116 54 mirum
954 1144 103 54 esse
1019 1144 129 54 debet,
1109 1144 103 54 quia
1174 1144 78 54 in
1200 1144 90 54 Spiri

720 1185 76 50 tu
758 1185 127 50 Sancto
848 1185 89 50 est
898 1185 89 50 vna
949 1185 140 50 relatio
1051 1185 115 50 sola,
1128 1185 64 50 &
1153 1185 102 50 ideo
1204 1185 89 50 opor-

721 1221 101 35 tet,
785 1221 101 35 quod
848 1221 88 35 per
898 1221 114 35 illam
974 1221 114 35 solam
1050 1221 177 35 intrinsece
1176 1221 114 35 consti-

717 1253 144 43 tuatur,
822 1253 66 43 &
848 1253 66 43 a
874 1253 171 43 quocunque
1005 1253 105 43 alio
1071 1253 223 43 distinguatur,
1242 1253 52 43 in

718 1287 115 48 Filio
795 1287 102 48 vero
858 1287 102 48 sunt
922 1287 102 48 duae
986 1287 178 48 relationes
1126 1287 140 48 Poterit
1215 1287 76 48 ergo

722 1326 93 40 vna
775 1326 119 40 earum
854 1326 93 40 ibi
907 1326 185 40 concurrere
1053 1326 79 40 ad
1079 1326 212 40 constituendum;

713 1362 135 42 altera
807 1362 108 42 vero
875 1362 81 42 ad
915 1362 162 42 complete
1037 1362 243 42 distinguendum,
1226 1362 68 42 vbi

707 1392 242 49 altera
876 1392 170 49 non
949 1392 339 49 sufficiebat.

743 1460 377 58 ARTICVLVS
1004 1460 290 58 TERTIVS.

724 1528 124 58 Vtrum
807 1528 83 58 si
849 1528 166 58 Spiritus
973 1528 152 58 Sanctus
1084 1528 97 58 non
1125 1528 166 58 procederet

758 1567 67 56 a
784 1567 121 56 Filio
865 1567 243 56 distingueretur
1067 1567 81 56 ab
1108 1567 81 56 eo
1135 1567 148 56 realiter.

795 1702 66 53 D
821 1702 92 53 hoc
874 1702 158 53 dixerunt
992 1702 145 53 quidam,
1098 1702 105 53 quod
1163 1702 105 53 haec
1216 1702 79 53 quae

714 1712 118 69 stio
788 1712 103 69 non
847 1712 103 69 est
906 1712 221 69 admittenda,
1082 1712 118 69 quia
1141 1712 147 69 supponit

715 1775 117 45 illud
793 1775 104 45 quod
858 1775 156 45 repugnat
975 1775 143 45 rationi
1079 1775 195 45 terminorum,
1222 1775 65 45 sci

714 1807 139 52 licet,
811 1807 111 52 quod
881 1807 167 52 Spiritus
1006 1807 153 52 Sanctus
1117 1807 97 52 non
1159 1807 125 52 proceda

715 1843 65 52 a
741 1843 130 52 Filio,
832 1843 91 52 hoc
883 1843 117 52 autem
961 1843 155 52 repugnat
1078 1843 91 52 tam
1130 1843 130 52 Filio,
1207 1843 78 52 quam

714 1880 164 39 Spiritui
838 1880 151 39 Sancto,
947 1880 110 39 immo
1016 1880 151 39 dicunt,
1126 1880 110 39 quod
1194 1880 96 39 non
1235 1880 55 39 so

717 1914 90 39 lum
769 1914 180 39 supponitur
910 1914 206 39 impossibile,
1078 1914 90 39 sed
1129 1914 116 39 etiam
1194 1914 90 39 incon

730 1947 161 45 possibile:
857 1947 92 45 quod
915 1947 127 45 probant
1007 1947 92 45 tali
1064 1947 138 45 ratione.
1168 1947 104 45 lllud
1225 1947 58 45 est

721 1987 253 38 incompossibile,
934 1987 107 38 quod
1000 1987 93 38 est
1054 1987 120 38 summe
1120 1987 160 38 impossibi-

713 2019 93 43 le,
766 2019 93 43 sed
819 2019 160 43 Spiritum
939 2019 147 43 Sanctum
1046 2019 93 43 non
1099 2019 147 43 spitari
1206 2019 67 43 a
1219 2019 67 43 Fi-

715 2051 95 38 lio
770 2051 95 38 est
824 2051 123 38 summe
906 2051 218 38 impossibile,
1083 2051 109 38 ergo
1152 2051 95 38 &c.
1193 2051 95 38 Maior

717 2092 162 38 probatur,
841 2092 100 38 quia
904 2092 199 38 impossibile,
1066 2092 100 38 quod
1128 2092 150 38 includit
1228 2092 62 38 in-

720 2121 207 50 compossibile,
891 2121 85 50 est
939 2121 110 50 maius
1012 2121 98 50 illo
1073 2121 195 50 impossibili,
1220 2121 73 50 quod

716 2161 288 49 incompossibilitatem
967 2161 88 49 non
1017 2161 163 49 includit.
1143 2161 113 49 Minor
1205 2161 88 49 estam
