1500 2356
205 173 177 59 probatur,
341 173 109 59 quia
410 173 136 59 illud,
505 173 109 59 quod
573 173 177 59 opponitur
695 173 82 59 sum-

206 225 80 42 me
246 225 199 42 necessario,
405 225 93 42 est
458 225 120 42 summe
538 225 213 42 impossibile,
697 225 80 42 ergo

208 254 97 49 ipsi
268 254 145 49 Spiritui
377 254 121 49 Sancto
461 254 60 49 a
485 254 109 49 Filio
558 254 84 49 non
606 254 157 49 procedere
715 254 60 49 est

191 288 211 52 summe
308 288 327 52 impossibile.

215 324 120 46 Haec
290 324 149 46 opinio
394 324 209 46 communiter
559 324 105 46 non
619 324 164 46 tenetur
723 324 45 46 &

206 354 181 53 confutatur
348 354 233 53 rationabiliter
543 354 142 53 propter
633 354 78 53 duo.

205 392 135 50 Primo,
299 392 108 50 quia
366 392 162 50 quaestio
488 392 148 50 quaerit
596 392 121 50 talem
663 392 108 50 dubita

203 427 149 43 tionem,
312 427 108 43 quae
380 427 122 43 etiam
461 427 122 43 habet
542 427 136 43 locum,
637 427 108 43 dato
692 427 81 43 quod

204 460 94 49 non
257 460 135 49 fieret
352 460 175 49 huiusmodi
486 460 188 49 supposito,
634 460 135 49 tantum
715 460 54 49 nm

204 498 109 35 alet
273 498 177 35 quaerere,
409 498 123 35 vtrum
491 498 164 35 Spiritus
613 498 150 35 Sanctus
709 498 68 35 di-

209 533 199 45 tingueretur
368 533 66 45 a
394 533 132 45 Filio,
487 533 106 45 dato
553 533 106 45 quod
619 533 93 45 non
659 533 106 45 proce-

201 566 120 37 deret
281 566 80 37 ab
321 566 94 37 eo,
374 566 147 37 quantum
481 566 80 37 si
521 566 214 37 quaereretur,
682 566 94 37 vtrum

195 599 104 47 nunc
260 599 78 47 de
299 599 117 47 facto
377 599 130 47 filius
468 599 208 47 distinguatur
638 599 65 47 a
651 599 117 47 Spiritu

195 635 128 39 Sancto
285 635 154 39 praecise
400 635 90 39 per
452 635 192 39 spirationem
605 635 154 39 actiuam,
708 635 64 39 ita

195 668 108 41 quod
262 668 81 41 ea
302 668 135 41 remota
396 668 94 41 por
450 668 202 41 intellectum
612 668 94 41 non
652 668 108 41 distin

196 707 165 42 gueretur,
323 707 114 42 talis
400 707 102 42 ergo
463 707 165 42 supposito
590 707 89 42 non
641 707 89 42 fit
692 707 76 42 ad
717 707 51 42 ne

200 738 170 43 cessitatem
333 738 194 43 quaestionis,
491 738 85 43 sed
540 738 85 43 fit
588 738 73 43 ad
624 738 133 43 maiorem
709 738 61 43 eui

197 772 141 49 dentiam
300 772 206 49 dubitationis
467 772 219 49 principaliter
634 772 129 49 quaesite

194 807 76 43 in
220 807 165 43 quaestione.

189 838 158 42 Secundo,
307 838 119 42 nihil
387 838 132 42 obstat
479 838 105 42 quin
545 838 132 42 possit
637 838 119 42 fieri
703 838 66 42 ta-

192 875 92 37 lis
244 875 184 37 supposito,
389 875 158 37 siquidem
507 875 92 37 ois
560 875 184 37 supposito,
691 875 79 37 quae

189 911 92 42 non
241 911 132 42 tollit
334 911 171 42 formalem,
465 911 66 42 &
492 911 197 42 intrinsecam
636 911 132 42 rationem

189 942 135 41 termini
287 942 135 41 positi,
385 942 123 41 potest
471 942 197 41 conuenienter
631 942 111 41 fieri
692 942 74 41 sine

193 977 114 38 omni
264 977 258 38 inconueniente,
479 977 114 38 nunc
550 977 129 38 autem
622 977 143 38 praefata

181 1012 169 42 supposito
311 1012 91 42 non
363 1012 130 42 tollit
454 1012 169 42 formalem,
585 1012 65 42 &
598 1012 169 42 intrinsecam

188 1054 154 34 rationem
304 1054 128 34 ipsius
393 1054 128 34 filij,
483 1054 103 34 nam,
547 1054 77 34 vt
586 1054 154 34 superius
688 1054 77 34 fuit

196 1084 135 35 dictum,
294 1084 147 35 spiratio
405 1084 123 35 actiua
491 1084 86 35 est
540 1084 111 35 extra
614 1084 147 35 rationem
712 1084 49 35 Fi

189 1115 108 41 lij,
256 1115 108 41 ergo
323 1115 135 41 potest
417 1115 135 41 optime
511 1115 148 41 supponi
619 1115 135 41 Filium
700 1115 67 41 non

175 1148 148 51 spirare.

225 1186 148 44 Videmus
332 1186 162 44 insuper,
453 1186 108 44 quod
521 1186 135 44 saepe,
615 1186 135 44 Sancti
696 1186 67 44 fa-

188 1214 122 41 ciunt
270 1214 149 41 similes
379 1214 245 41 suppositiones.
582 1214 190 41 Augustinus
718 1214 41 41 S

191 1254 72 40 de
227 1254 132 40 Trinit.
323 1254 96 40 cap.
383 1254 72 40 8.
419 1254 72 40 si
455 1254 108 40 pater
527 1254 84 40 non
575 1254 168 40 genuisset,
695 1254 60 40 ni-

189 1291 95 38 hil
244 1291 189 38 prohiberet
392 1291 95 38 eum
446 1291 135 38 dicere
541 1291 189 38 ingenitum;
676 1291 81 38 sup-

184 1328 129 43 ponit
270 1328 115 43 ergo
341 1328 143 43 patrem
442 1328 100 43 non
499 1328 186 43 genuisse,
642 1328 72 43 &
657 1328 100 43 tamen

187 1356 94 45 hoc
240 1356 94 45 est
294 1356 134 45 omnino
388 1356 215 45 impossibile,
562 1356 148 45 licebat
656 1356 94 45 tamen

185 1395 82 31 ei
226 1395 95 31 hoc
281 1395 177 31 supponere
417 1395 82 31 ad
458 1395 205 31 ostendendum
622 1395 136 31 patrem
703 1395 55 31 es

186 1424 84 45 se
228 1424 196 45 ingenitum.
382 1424 98 45 Nam
438 1424 154 45 quamuis
549 1424 112 45 haec
605 1424 154 45 supposito

190 1457 117 43 tollat
272 1457 59 43 a
296 1457 106 43 patre
366 1457 94 43 esse
425 1457 129 43 patrem,
519 1457 94 43 ideo
578 1457 94 43 enim
637 1457 106 43 pater
695 1457 59 43 es,

189 1497 98 40 quia
250 1497 147 40 generat,
360 1497 86 40 non
410 1497 110 40 tamen
483 1497 123 40 tollit
569 1497 74 40 ab
606 1497 74 40 eo
643 1497 98 40 esse
692 1497 61 40 in-

191 1527 157 52 genitum,
309 1527 92 52 non
361 1527 105 52 enim
427 1527 92 52 est
480 1527 184 52 ingenitus,
624 1527 105 52 quia
676 1527 79 52 gene

185 1560 99 46 ret,
247 1560 87 46 sed
296 1560 99 46 quia
359 1560 87 46 non
408 1560 75 46 ab
446 1560 99 46 alio
495 1560 75 46 est.

223 1590 164 49 Similiter
349 1590 164 49 Riccardus
475 1590 113 49 primo
551 1590 76 49 de
588 1590 138 49 Trinit.
676 1590 76 49 cap.

189 1631 86 39 18.
238 1631 123 39 dicit,
324 1631 98 39 quod
386 1631 74 39 si
423 1631 86 39 vna
472 1631 98 39 sola
533 1631 135 39 persona
632 1631 74 39 in
657 1631 98 39 diuini

183 1663 101 44 tate
246 1663 126 44 esset,
335 1663 88 44 non
385 1663 113 44 minus
460 1663 201 44 plenitudinem
612 1663 139 44 potentia,

190 1700 65 41 &
216 1700 182 41 sapientiae
359 1700 156 41 haberet;
476 1700 104 41 haec
541 1700 117 41 autem
606 1700 143 41 supposito

185 1731 121 40 licet
265 1731 135 40 tollat
360 1731 67 40 a
386 1731 94 40 Deo
440 1731 188 40 Trinitatem
575 1731 175 40 personarum,

182 1769 90 39 non
234 1769 116 39 tamen
311 1769 128 39 tollit
400 1769 205 39 plenitudinem
567 1769 180 39 potentiae,
708 1769 64 39 &

187 1802 186 49 sapientiae,
335 1802 99 49 quia
397 1802 74 49 id
434 1802 149 49 competit
546 1802 99 49 sibi
607 1802 74 49 eo
645 1802 99 49 quod
694 1802 62 49 est

190 1833 123 47 trinus
276 1833 74 47 in
313 1833 160 47 personis,
436 1833 86 47 sed
485 1833 148 47 absolute
596 1833 99 47 sibi
645 1833 99 47 compe-

186 1868 97 44 tit,
247 1868 97 44 quia
308 1868 85 44 est
356 1868 110 44 Deus.
429 1868 85 44 Ita
478 1868 85 44 est
527 1868 97 44 modo
588 1868 73 44 in
612 1868 134 44 proposito

180 1898 94 49 nam
233 1898 80 49 si
273 1898 187 49 supponatur
420 1898 161 49 Spiritum
541 1898 147 49 Sanctum
648 1898 67 49 a
661 1898 94 49 filio

191 1939 93 43 non
244 1939 187 43 procedere,
391 1939 147 43 quamuis
498 1939 107 43 haec
564 1939 173 43 supposito
684 1939 67 43 tol

189 1974 84 43 lat
237 1974 60 43 a
261 1974 108 43 filio
333 1974 108 43 ipsam
404 1974 191 43 spirationem,
560 1974 96 43 quod
619 1974 120 43 vtique
691 1974 60 43 est

190 2007 190 36 impossibile;
344 2007 83 36 non
392 2007 107 36 tamen
463 2007 118 36 tollit
546 2007 71 36 ab
581 2007 71 36 eo
617 2007 154 36 filiatio

183 2038 100 45 nem,
246 2038 88 45 non
296 2038 100 45 enim
359 2038 88 45 est
409 2038 125 45 filius
497 2038 75 45 eo
534 2038 100 45 quod
597 2038 138 45 spiret,
684 2038 63 45 sed

185 2072 97 49 quia
246 2072 170 49 generatur,
379 2072 61 49 &
404 2072 97 49 ideo
464 2072 73 49 si
501 2072 85 49 per
550 2072 182 49 filiationem
683 2072 61 49 pro

182 2111 111 56 cise,
256 2111 62 56 &
280 2111 209 56 principaliter
453 2111 222 56 distingueretur
637 2111 62 56 a
650 2111 98 56 Spiri

787 172 173 61 tuSancto,
920 172 120 61 adhuc
999 172 133 61 remota
1092 172 186 61 spiratione
1225 172 146 61 distingue

791 224 129 41 retur,
881 224 64 41 &
907 224 103 41 quia
972 224 129 41 dubium
1062 224 103 41 est,
1126 224 116 41 vtrum
1203 224 155 41 praefata
1307 224 64 41 di-

790 255 146 50 stinctio
899 255 85 50 sit
948 255 85 50 per
996 255 194 50 filiationem,
1154 255 85 50 vel
1191 255 170 50 spirationem,

793 294 130 48 idcirco
888 294 189 48 relinquitur,
1042 294 95 48 quod
1101 294 142 48 quaestio
1207 294 95 48 ista
1266 294 83 48 sit
1302 294 59 48 ra-

794 325 198 44 tionabilis,
952 325 66 44 &
966 325 145 44 admitenda

820 360 157 46 Motiuum
934 360 129 46 autem
1020 360 171 46 alterius
1148 360 186 46 opinionis
1277 360 71 46 non

791 396 130 47 cogit.
882 396 91 47 Nam
934 396 91 47 cum
986 396 143 47 dicunt,
1090 396 117 47 quod,
1168 396 156 47 Spiritum
1272 396 78 47 San-

791 428 90 47 ctu
843 428 65 47 a
869 428 116 47 filio
946 428 90 47 non
998 428 181 47 procedere,
1140 428 90 47 est
1191 428 116 47 summe
1256 428 103 47 impos-

787 464 131 47 sibile;
883 464 95 47 Dico
942 464 95 47 quod
1002 464 119 47 falsum
1085 464 95 47 est,
1145 464 95 47 quia
1205 464 72 47 de
1241 464 107 47 filio
1300 464 60 47 ad-

781 495 88 50 huc
832 495 126 50 potest
920 495 139 50 supponi
1021 495 113 50 aliud
1096 495 265 50 incompossibilius,
1311 495 50 50 vt

781 528 80 45 si
821 528 187 45 supponatur
968 528 134 45 filium
1061 528 94 45 non
1115 528 107 45 esse
1181 528 160 45 genitum,
1288 528 67 45 vel

790 571 88 36 non
841 571 101 36 esse
904 571 138 36 filium,
1004 571 113 36 talis
1079 571 163 36 supposito
1193 571 163 36 incompossi-

791 605 133 39 biliora
888 605 145 39 poneret,
996 605 97 39 puta
1057 605 97 39 quod
1117 605 85 39 sit
1166 605 133 39 filius,
1262 605 60 39 &
1286 605 97 39 quod

790 635 80 42 non
835 635 80 42 sit
881 635 126 42 filius,
972 635 80 42 sic
1018 635 91 42 enim
1075 635 160 42 tolleretur
1201 635 148 42 formalis,
1315 635 57 42 &

790 671 160 43 ntrinseca
913 671 111 43 ratio
987 671 136 43 termini
1073 671 148 43 suppositi-

806 706 198 45 SVPPOSITO
958 706 122 45 ergo
1035 706 198 45 praefatam
1187 706 198 45 quaestio

782 740 93 40 nem
835 740 106 40 esse
901 740 225 40 rationabilem,
1086 740 93 40 duo
1139 740 106 40 sunt
1205 740 106 40 modi
1258 740 93 40 dicen

781 774 78 38 di
820 774 78 38 de
859 774 91 38 ea.
910 774 91 38 Nam
962 774 129 38 quidam
1053 774 142 38 volunt,
1156 774 103 38 quod
1221 774 78 38 si
1247 774 103 38 Spiri-

781 812 87 40 tus
830 812 137 40 Sanctus
930 812 62 40 a
954 812 112 40 filio
1029 812 87 40 non
1079 812 186 40 procederet,
1228 812 75 40 ab
1265 812 75 40 eo
1290 812 62 40 non

782 841 263 46 distingueretur.
1004 841 139 46 Quidam
1101 841 111 46 vero
1170 841 166 46 asserunt
1281 841 69 46 to-

783 874 104 48 tum
828 874 177 48 oppositum.

814 887 100 76 Pars
876 887 150 76 negatiua
988 887 87 76 est
1038 887 75 76 D.
1076 887 137 76 Thomae,
1175 887 62 76 &
1200 887 75 76 D.
1225 887 125 76 AEgidij;

789 949 128 39 quorum
879 949 154 39 rationes
994 949 167 39 praecipue
1123 949 103 39 sunt
1174 949 90 39 tres.

803 983 118 41 Prima,
886 983 106 41 omnis
957 983 165 41 distinctio
1086 983 118 41 realis
1169 983 71 41 in
1204 983 130 41 diuinis
1287 983 59 41 est

791 1017 81 41 per
838 1017 162 41 relationes
965 1017 81 41 sed
1011 1017 139 41 relatio,
1116 1017 69 41 vt
1150 1017 139 41 relatio,
1254 1017 81 41 non
1289 1017 58 41 di-

783 1050 145 45 stinguit
892 1050 97 45 nisi
952 1050 73 45 ab
988 1050 157 45 opposito,
1109 1050 97 45 ergo
1170 1050 85 45 vbi
1218 1050 109 45 nulla
1278 1050 73 45 oppo

781 1081 114 44 sitio,
861 1081 103 44 nulla
929 1081 114 44 potest
1010 1081 92 44 esse
1067 1081 114 44 realis
1147 1081 160 44 distinctio
1273 1081 103 44 Maior

778 1119 183 44 conceditur
922 1119 118 44 etiam
1001 1119 79 44 ab
1040 1119 210 44 aduersarijs.
1210 1119 118 44 Minor
1276 1119 65 44 pro

787 1154 122 45 patur,
872 1154 98 45 quia
933 1154 134 45 relatio
1031 1154 73 45 in
1067 1154 134 45 diuinis
1165 1154 146 45 secundum
1275 1154 98 45 esse

775 1184 144 48 transit
880 1184 79 48 in
919 1184 144 48 diuinam
1024 1184 183 48 essentiam,
1168 1184 65 48 &
1194 1184 92 48 per
1233 1184 105 48 conse-

786 1218 103 46 uens
851 1218 90 46 non
902 1218 129 46 potest
992 1218 206 46 distinguere,
1160 1218 103 46 nisi
1211 1218 129 46 secundum

784 1252 156 48 rationem
901 1252 208 48 quidditatis,
1070 1252 104 48 tota
1135 1252 117 48 autem
1200 1252 143 48 quidditas

781 1287 170 41 relationis
915 1287 158 41 consistit
1036 1287 73 41 in
1073 1287 182 41 oppositone,
1218 1287 61 41 &
1243 1287 73 41 in
1267 1287 73 41 esse

785 1318 75 52 ad
822 1318 125 52 aliud,
909 1318 87 52 vbi
959 1318 100 52 ergo
1021 1318 112 52 nulla
1096 1318 87 52 est
1146 1318 162 52 opposito,
1258 1318 87 52 nulla

776 1356 96 48 esse
836 1356 120 48 potest
920 1356 144 48 relatiua
1028 1356 180 48 distinctio:
1171 1356 180 48 confirmatur
1303 1356 36 48 p

774 1391 82 48 D.
815 1391 164 48 Anselmum
938 1391 164 48 superius
1061 1391 177 48 allegatum
1197 1391 82 48 in
1238 1391 82 48 de
1265 1391 82 48 pro-

774 1420 143 50 cessione
881 1420 143 50 Spititus
988 1420 131 50 Sancti,
1083 1420 83 50 vbi
1131 1420 119 50 dicit,
1214 1420 95 50 quod
1274 1420 71 50 in
1297 1420 48 50 di

770 1462 112 55 uinis
844 1462 87 55 non
894 1462 87 55 est
943 1462 186 55 distinctio,
1093 1462 87 55 vbi
1142 1462 87 55 non
1192 1462 124 55 obuiat
1266 1462 75 55 oppo

772 1495 130 45 sitionis
859 1495 108 45 relatio.

805 1507 143 68 Contra
905 1507 114 68 hanc
976 1507 171 68 rationem
1105 1507 143 68 quidam
1205 1507 157 68 dicunt,

769 1562 97 48 quod
830 1562 110 48 sicut
903 1562 134 48 transit
1000 1562 134 48 relatio
1098 1562 73 48 in
1134 1562 134 48 diuinis
1219 1562 122 48 secundum

779 1599 113 45 esse,
854 1599 88 45 ita
904 1599 113 45 etiam
979 1599 138 45 transit
1079 1599 150 45 secundum
1179 1599 163 45 quidditate;

772 1632 108 46 quia,
844 1632 108 46 sicut
916 1632 84 46 non
963 1632 108 46 habet
1035 1632 96 46 esse
1095 1632 143 46 realiter
1191 1632 143 46 distinctum

765 1666 75 54 ab
803 1666 163 54 essentia,
929 1666 88 54 ita
979 1666 113 54 etiam
1054 1666 88 54 nec
1104 1666 113 54 habet
1180 1666 188 54 quidditatem

773 1706 142 40 realiter
880 1706 166 40 distinctam
1010 1706 59 40 a
1034 1706 166 40 quidditate
1152 1706 142 40 essentiae.

803 1713 172 70 Praeterea,
938 1713 111 70 sicut
1011 1713 111 70 manet
1085 1713 86 70 ibi
1134 1713 135 70 reiatio
1220 1713 123 70 secundum

777 1774 215 43 quidditatem,
951 1774 94 43 ita
1005 1774 121 43 etiam
1086 1774 121 43 manet
1166 1774 161 43 secundum
1274 1774 67 43 es-

771 1803 87 43 te,
820 1803 87 43 nam
870 1803 161 43 quidditas
994 1803 174 43 relationis
1130 1803 87 43 non
1180 1803 87 43 est
1217 1803 124 43 formali-

771 1833 78 52 ter
815 1833 144 52 quidditas
926 1833 155 52 essentiae,
1048 1833 89 52 quia
1103 1833 89 52 ista
1159 1833 78 52 est
1203 1833 66 52 ad
1236 1833 78 52 se,
1270 1833 66 52 illa

771 1868 103 53 vero
836 1868 77 53 ad
874 1868 129 53 aliud,
964 1868 90 53 ita
1016 1868 103 53 ergo
1080 1868 116 53 eodem
1158 1868 103 53 modo
1222 1868 103 53 esse
1274 1868 64 53 re-

775 1905 137 47 lationis
878 1905 80 47 non
923 1905 80 47 est
969 1905 92 47 esse
1026 1905 160 47 essentiae,
1152 1905 92 47 quia
1209 1905 92 47 esse
1255 1905 80 47 esse-

771 1935 94 53 tiae
830 1935 83 53 est
877 1935 165 53 absolutum,
1007 1935 59 53 &
1031 1935 71 53 ad
1066 1935 83 53 se,
1114 1935 94 53 eise
1173 1935 94 53 vero
1220 1935 118 53 relatio-

764 1968 81 54 nis
811 1968 81 54 est
857 1968 185 54 respectiuum,
1008 1968 58 54 &
1031 1968 70 54 ad
1066 1968 116 54 aliud,
1147 1968 70 54 si
1181 1968 93 54 ergo
1228 1968 104 54 relatio

774 2002 128 54 potest
864 2002 90 54 ibi
915 2002 128 54 facere
1004 2002 217 54 distinctionem
1184 2002 153 54 secundum
1286 2002 51 54 ra

769 2040 125 53 tionem
857 2040 200 53 quidditatis,
1020 2040 100 53 pari
1082 2040 138 53 ratione
1182 2040 138 53 poterit
1270 2040 75 53 face

766 2075 79 39 re
805 2075 225 39 distinctionem
991 2075 159 39 secundum
1110 2075 119 39 esse,
1189 2075 66 39 &
1216 2075 93 39 per
1256 2075 79 39 con-

762 2112 144 55 sequens
867 2112 144 55 relatio
972 2112 92 55 non
1024 2112 118 55 solum
1103 2112 184 55 distinguet
1247 2112 92 55 ibi
1287 2112 52 55 ab
