1500 2382
95 180 85 46 bet
143 180 109 46 alio,
216 180 85 46 sed
264 180 145 46 filiatio
373 180 85 46 est
422 180 169 46 principium
543 180 133 46 constituc

103 219 71 37 di
139 219 118 37 filium
222 219 71 37 in
257 219 95 37 esse
316 219 118 37 filij,
399 219 95 37 ergo
458 219 83 37 est
505 219 166 37 principium
624 219 59 37 di-

95 249 197 50 stinguendi
250 249 127 50 ipsum
335 249 70 50 a
363 249 183 50 quolibet,
504 249 113 50 quod
574 249 99 50 non
617 249 70 50 est

102 284 131 48 filius;
197 284 71 48 at
233 284 143 48 Spiritus
340 284 131 48 Sanctus
435 284 83 48 non
483 284 83 48 est
530 284 131 48 filius,
614 284 71 48 dato

100 325 119 39 etiam
179 325 106 39 quod
246 325 66 39 a
272 325 119 39 filio
352 325 93 39 non
405 325 199 39 procederet,
564 325 106 39 ergo
617 325 66 39 ad-

99 359 98 45 huc
155 359 253 45 distingueretur
366 359 84 45 ab
408 359 84 45 eo
450 359 98 45 per
492 359 197 45 filiationem.

96 396 190 41 Proposito
243 396 190 41 immediate
389 396 175 41 assumpta
520 396 190 41 probatur,

103 436 100 40 quia
166 436 88 40 non
216 436 100 40 ideo
279 436 150 40 Spiritus
391 436 138 40 Sanctus
491 436 88 40 non
541 436 88 40 est
579 436 100 40 filius

100 467 106 39 quia
166 467 159 39 procedit
286 467 66 39 a
312 467 133 39 filio,
405 467 93 39 sed
458 467 106 39 quia
525 467 66 39 a
538 467 146 39 quocunque

102 498 170 47 procedat,
233 498 92 47 non
285 498 157 47 procedit
403 498 79 47 vt
442 498 131 47 natus,
534 498 92 47 sed
586 498 79 47 vt
613 498 65 47 da-

100 534 110 40 tus,
169 534 178 40 supposito
306 534 110 40 ergo
375 534 110 40 quod
443 534 192 40 procederet
594 534 69 40 a
608 534 82 40 solo

96 571 127 45 patre,
185 571 114 45 adhuc
261 571 114 45 esset
337 571 89 45 non
387 571 139 45 filius,
489 571 63 45 &
514 571 89 45 sic
552 571 139 45 distingue

100 598 113 53 retur
175 598 63 53 a
200 598 125 53 filio,
287 598 63 53 &
312 598 125 53 filius
400 598 75 53 ab
437 598 75 53 eo
475 598 88 53 per
525 598 113 53 solam
587 598 100 53 filia

78 640 165 42 tionem.

137 675 64 42 3
163 675 116 42 Sicut
240 675 77 42 se
279 675 116 42 habet
356 675 180 42 paternitas
497 675 77 42 ad
536 675 141 42 patrem,
626 675 64 42 ita

94 712 148 42 filiatio
205 712 74 42 ad
242 712 136 42 filium,
340 712 86 42 sed
390 712 74 42 si
427 712 148 42 Spiritus
538 712 136 42 Sanctus
624 712 62 42 pro

100 751 141 35 cederet
203 751 64 35 a
229 751 103 35 solo
293 751 116 35 filio
370 751 116 35 adhuc
447 751 116 35 pater
511 751 180 35 distinguere-

98 783 88 40 tur
149 783 75 40 ab
186 783 75 40 eo
224 783 201 40 sufficienter
387 783 88 40 per
438 783 113 40 solam
501 783 188 40 paternitatem,

99 816 101 38 ergo
163 816 101 38 pari
226 816 152 38 ratione,
340 816 76 38 si
378 816 152 38 Spiritus
491 816 139 38 Sanctus
580 816 101 38 proce-

104 849 112 41 deret
178 849 62 41 a
203 849 99 41 solo
265 849 124 41 patre,
352 849 112 41 adhuc
426 849 137 41 filius,
513 849 174 41 distinguere-

100 891 89 31 tur
151 891 76 31 ab
189 891 76 31 eo
227 891 203 31 sufficienter
392 891 89 31 per
442 891 114 31 solam
506 891 177 31 filiationem.

100 918 123 43 Maior
182 918 96 43 est
237 918 109 43 nota
305 918 123 43 Minor
387 918 178 43 probatur,
524 918 109 43 quia
592 918 82 43 si
620 918 68 43 Spi

103 956 117 38 ritus
181 956 143 38 Sanctus
285 956 182 38 procederet
429 956 65 38 a
455 956 104 38 solo
520 956 130 38 filio,
611 956 65 38 &
624 956 65 38 non

97 988 116 42 esset
174 988 180 42 distinctus
316 988 64 42 a
342 988 129 42 patre,
432 988 180 42 sequeretur
574 988 103 42 quod
626 988 64 42 pa-

104 1021 87 39 ter
153 1021 174 39 procederet
290 1021 62 39 a
315 1021 124 39 filio,
402 1021 99 39 quod
464 1021 87 39 est
501 1021 186 39 incompossibi-

95 1056 82 43 le
136 1056 204 43 relinquitur
300 1056 123 43 ergo;
381 1056 109 43 quod
449 1056 163 43 Spiritus
558 1056 123 43 Sanctus

99 1093 191 44 necessario
249 1093 218 44 distinguatur
426 1093 68 44 a
453 1093 136 44 patre,
549 1093 109 44 dato
603 1093 82 44 quod

105 1126 165 50 procederet
235 1126 59 50 a
259 1126 94 50 solo
318 1126 118 50 filio.

136 1163 116 38 Alij
209 1163 145 38 dicunt
311 1163 189 38 sequentes
456 1163 116 38 hanc
515 1163 174 38 opinionem,

103 1201 106 40 quod
169 1201 80 40 si
209 1201 159 40 Spiritus
328 1201 146 40 Sanctus
435 1201 66 40 a
461 1201 120 40 filio
541 1201 93 40 non
581 1201 106 40 proce-

113 1235 118 39 deret,
196 1235 212 39 distingueretur
373 1235 106 39 tamen
443 1235 71 39 ab
479 1235 71 39 eo
514 1235 153 39 realiter,
632 1235 83 39 sed

100 1264 96 42 non
155 1264 233 42 personaliter,
347 1264 192 42 Concordant
497 1264 110 42 ergo
566 1264 96 42 cum
607 1264 82 42 prae

104 1302 109 41 fata
172 1302 163 41 opinione
295 1302 82 41 in
336 1302 191 41 principali
486 1302 204 41 conclusione
636 1302 54 41 de

101 1343 115 37 reali
178 1343 217 37 distinctione,
357 1343 89 37 sed
408 1343 179 37 discordant
548 1343 77 37 in
587 1343 102 37 modo
638 1343 51 37 po

96 1375 127 47 nendi
181 1375 127 47 istam
266 1375 255 47 distinctionem,
478 1375 71 47 &
506 1375 127 47 eorum
577 1375 113 47 propo-

108 1410 114 43 situm
184 1410 139 43 probant
272 1410 177 43 tripliciter.

121 1438 67 49 1
147 1438 121 49 Illa,
228 1438 108 49 quae
296 1438 108 49 sunt
363 1438 175 49 distincta
498 1438 188 49 formaliter
632 1438 54 49 se

102 1478 134 43 ipsis,
196 1478 134 43 remoto
290 1478 175 43 quocunque
424 1478 108 43 alio
491 1478 134 43 semper
572 1478 121 43 manent.

106 1516 162 42 distincta,
233 1516 81 42 sed
280 1516 150 42 filiatio,
395 1516 58 42 &
418 1516 138 42 spiratio
522 1516 127 42 passiua
603 1516 92 42 distin

99 1547 138 47 guuntur
200 1547 176 47 formaliter
338 1547 75 47 se
375 1547 125 47 ipsis,
463 1547 100 47 ergo
526 1547 125 47 remota
601 1547 88 47 spira

107 1589 113 36 tione
183 1589 126 36 actiua
271 1589 63 36 a
296 1589 126 36 filio,
384 1589 113 36 adhuc
460 1589 164 36 remanebit
573 1589 113 36 distin-

112 1621 102 34 ctus
176 1621 64 34 a
202 1621 141 34 Spiritu
304 1621 128 34 Sancto
394 1621 90 34 per
445 1621 115 34 solam
509 1621 179 34 filiationem.

108 1654 134 36 Maior
197 1654 104 36 est
257 1654 134 36 nota:
346 1654 163 36 Minorem
464 1654 193 36 probanti,
598 1654 89 36 quia

106 1687 147 42 filiatio
216 1687 98 42 nunc
277 1687 74 42 de
314 1687 110 42 facto
388 1687 86 42 est
437 1687 233 42 incompossibilis
620 1687 74 42 spi-

110 1722 138 43 rationi
211 1722 163 43 passiuae,
336 1722 100 43 hanc
399 1722 100 43 ergo
449 1722 239 43 incompossibilita-

112 1756 91 43 tem,
168 1756 79 43 vel
214 1756 102 43 facit
281 1756 136 43 spiratio
383 1756 113 43 actiua
463 1756 136 43 existens
564 1756 68 43 in
598 1756 113 43 filio,

112 1792 89 39 vel
163 1792 114 39 habet
239 1792 89 39 eam
290 1792 152 39 filiatio
404 1792 76 39 ex
442 1792 76 39 se
480 1792 101 39 ipsa
530 1792 165 39 formaliter;

103 1831 131 45 primum
195 1831 92 45 non
247 1831 131 45 potest
339 1831 118 45 dici,
417 1831 105 45 quia
483 1831 92 45 vel
535 1831 131 45 faciet
627 1831 92 45 eam

105 1858 76 40 in
143 1858 127 40 genere
232 1858 127 40 causae
321 1858 165 40 formalis,
448 1858 89 40 vel
499 1858 76 40 in
537 1858 127 40 aliquo
613 1858 76 40 alio

105 1895 168 48 genere:
227 1895 107 48 non
288 1895 153 48 primum
395 1895 122 48 quia
472 1895 122 48 tunc
548 1895 122 48 idem
610 1895 76 48 es-

108 1928 91 44 set
160 1928 182 44 formaliter
303 1928 78 44 in
342 1928 117 44 filio
421 1928 169 44 generare,
551 1928 65 44 &
564 1928 130 44 spirare,

109 1968 101 40 quod
172 1968 88 40 est
223 1968 139 40 salsum.
324 1968 88 40 Tum
374 1968 101 40 quia
438 1968 139 40 spirare
539 1968 88 40 est
576 1968 114 40 actiuum

116 2006 69 40 &
144 2006 166 40 generari
268 2006 179 40 passiuum.
406 2006 97 40 Tum
461 2006 124 40 etiam
544 2006 110 40 quia
599 2006 97 40 spira

106 2031 70 54 re
141 2031 82 54 est
188 2031 70 54 in
223 2031 117 54 patre,
305 2031 58 54 &
328 2031 70 54 in
363 2031 117 54 filio,
445 2031 140 54 generari
550 2031 93 54 vero
608 2031 70 54 in
632 2031 58 54 so-

108 2070 73 41 lo
144 2070 121 41 filio,
229 2070 73 41 si
266 2070 97 41 ergo
326 2070 73 41 in
363 2070 158 41 quocunque
484 2070 97 41 alio
544 2070 121 41 genere
617 2070 73 41 caae

114 2109 148 40 spiratio
224 2109 123 40 actiua
311 2109 111 40 facit
384 2109 160 40 praefatam
495 2109 197 40 incompossibili

103 2135 125 58 tatem,
191 2135 163 58 sequitur,
317 2135 100 58 quod
379 2135 100 58 ista
442 2135 276 58 incompossibilitas,

699 172 193 68 filiationis,
856 172 60 68 &
880 172 181 68 spirationis
1025 172 145 68 passiuae
1133 172 84 68 sit
1169 172 121 68 formali-

705 219 80 46 ter
750 219 69 46 ex
785 219 69 46 se
808 219 80 46 ipsis

725 228 63 75 2
751 228 76 75 Si
788 228 151 75 spiratio
902 228 126 75 actiua
990 228 114 75 filij
1066 228 139 75 faceret
1167 228 114 75 istam
1230 228 63 75 in-

705 297 287 36 compossibilitatem,
953 297 91 36 hoc
1005 297 117 36 esset
1083 297 130 36 altero
1175 297 117 36 trium
1240 297 52 36 mo

704 322 128 47 dorum,
794 322 115 47 puta,
870 322 89 47 vel
921 322 102 47 quia
985 322 89 47 est
1036 322 102 47 idem
1100 322 89 47 cum
1151 322 166 47 filiatio

699 359 89 46 ne,
750 359 89 46 vel
801 359 102 46 quia
865 359 89 46 hoc
916 359 115 46 simul
993 359 115 46 facit
1069 359 89 46 cum
1108 359 153 46 filiatione

700 395 83 45 vel
747 395 95 45 quia
807 395 142 45 filiatio
913 395 83 45 est
960 395 130 45 praeuia
1055 395 177 45 spirationi,
1196 395 83 45 sed
1232 395 59 45 nul

700 428 92 41 lum
752 428 145 41 istorum
858 428 131 41 potest
949 428 118 41 dici;
1028 428 105 41 quod
1094 428 131 41 patet,
1186 428 105 41 quia
1238 428 53 41 eo

705 466 97 48 dem
761 466 111 48 modo
830 466 167 48 essentia
955 466 97 48 est
1011 466 111 48 idem
1080 466 97 48 cum
1122 466 167 48 spiratione

701 498 142 40 actiua,
804 498 64 40 &
830 498 90 40 est
882 498 116 40 simul
959 498 90 40 cum
1010 498 77 40 ea
1049 498 77 40 in
1088 498 142 40 persona
1178 498 103 40 filij-

709 535 65 44 &
735 535 117 44 etiam
813 535 91 44 est
865 535 143 44 praeuia
968 535 117 44 sibi,
1046 535 65 44 &
1072 535 117 44 tamen
1150 535 91 44 his
1201 535 91 44 non
1240 535 52 44 ob

702 569 160 45 stantibus
825 569 86 45 est
874 569 209 45 compossibilis
1046 569 172 45 spirationi
1169 569 123 45 passiuae

701 601 77 52 in
740 601 142 52 Spiritu
843 601 142 52 Sancto,
946 601 103 52 ergo
1010 601 103 52 pari
1074 601 142 52 ratione
1164 601 129 52 filiatio

698 640 91 47 non
750 640 156 47 fortitur
867 640 130 47 dictam
958 640 313 47 incompossibilitatem,
1219 640 78 47 nisi

706 670 100 53 quia
769 670 75 53 de
807 670 75 53 se
844 670 175 53 formaliter
982 670 88 53 est
1032 670 238 53 incompossibilis
1220 670 75 53 spi-

689 716 314 39 rationi
889 716 314 39 passiuae.

740 721 69 71 3
768 721 138 71 Illud,
864 721 110 71 quod
933 721 97 71 est
989 721 124 71 causa
1071 721 124 71 quare
1140 721 152 71 productio

705 780 159 42 Spiritus
824 780 132 42 Sancti
916 780 185 42 praeexigat
1062 780 212 42 productionem
1221 780 66 42 fi-

707 808 98 47 lij,
768 808 86 47 est
817 808 159 47 praecipua
939 808 110 47 cassa
1013 808 294 47 incompossibilitatis,

709 850 69 45 &
737 850 234 45 distinctionis
929 850 165 45 dictarum
1053 850 234 45 productionum,
1246 850 69 45 &

711 879 108 54 filij
783 879 60 54 a
807 879 132 54 Spiritu
903 879 132 54 Sancto,
999 879 84 54 sed
1047 879 108 54 causa
1119 879 120 54 istius
1191 879 108 54 praeexi

707 917 148 39 stentiae
818 917 87 39 est
867 917 136 39 ipsamet
966 917 148 39 spiratio
1078 917 136 39 passiua
1177 917 74 39 ex
1201 917 87 39 parte

711 953 161 49 Spiritus
832 953 148 49 Sancti,
939 953 67 49 &
966 953 121 49 eodem
1047 953 108 49 modo
1114 953 81 49 ex
1154 953 121 49 parte
1222 953 67 49 fi-

711 986 70 50 ij
746 986 93 50 ipsa
804 986 151 50 filiatio,
921 986 93 50 siue
979 986 93 50 ipsa
1037 986 151 50 generatio
1153 986 140 50 passiua,
1246 986 47 50 er

699 1021 79 53 go
738 1021 196 53 distinctio,
895 1021 65 53 &
921 1021 118 53 mutua
1000 1021 275 53 inccmpossibilitas
1223 1021 65 53 in-

708 1055 92 50 ter
761 1055 211 50 filiationem,
932 1055 66 50 &
959 1055 198 50 spirationem
1117 1055 159 50 passiuam
1223 1055 66 50 non

704 1091 122 49 oritur
789 1091 73 49 ex
826 1091 171 49 spiratione
960 1091 122 49 actiua
1046 1091 122 49 filij,
1131 1091 85 49 sed
1180 1091 73 49 ex
1205 1091 85 49 ipsa-

706 1131 89 40 met
757 1131 190 40 filiatione,
909 1131 63 40 &
934 1131 177 40 spiratione
1074 1131 190 40 formaliter,
1213 1131 76 40 tan-

704 1162 109 47 quam
772 1162 82 47 ex
813 1162 122 47 causa
895 1162 177 47 primaria,
1031 1162 136 47 remota
1126 1162 109 47 ergo
1180 1162 109 47 spira-

708 1195 113 48 tione
783 1195 63 48 a
808 1195 125 48 filio,
895 1195 113 48 adhuc
970 1195 163 48 remanebit
1095 1195 150 48 praefata
1195 1195 100 48 distin

711 1237 119 47 ctio.
790 1237 119 47 Maior
870 1237 172 47 probatur,
1002 1237 106 47 quia
1068 1237 172 47 supponunt
1200 1237 79 47 ex
1227 1237 66 47 con

710 1266 131 53 tratia
802 1266 170 53 opinione,
932 1266 105 53 quod
998 1266 105 53 ideo
1063 1266 170 53 productio
1181 1266 105 53 Spiri-

703 1301 90 51 tus
754 1301 128 51 Sancti
844 1301 90 51 sit
895 1301 102 51 alia
959 1301 64 51 a
985 1301 192 51 productione
1138 1301 128 51 filij,
1215 1301 77 51 quia

718 1333 168 50 praeexigit
850 1333 120 50 illam,
934 1333 84 50 ita
982 1333 96 50 quod
1041 1333 72 50 si
1077 1333 108 50 illam
1149 1333 84 50 non
1185 1333 108 50 praeexi

705 1372 131 48 geret,
797 1372 92 48 non
849 1372 118 48 esset
927 1372 79 48 ab
967 1372 79 48 ea
1006 1372 183 48 distincta;
1150 1372 144 48 Minorem
1242 1372 52 48 re

709 1409 136 47 potant
805 1409 95 47 per
859 1409 82 47 se
900 1409 136 47 notam,
995 1409 109 47 quia
1063 1409 95 47 non
1118 1409 150 47 videtur
1213 1409 82 47 eis,

723 1449 95 39 quod
783 1449 95 39 ista
842 1449 203 39 praeexigentia
1009 1449 71 39 ex
1045 1449 95 39 alio
1104 1449 167 39 proueniat,
1224 1449 71 39 quod

710 1484 81 39 ex
751 1484 189 39 formalibus
900 1484 189 39 rationibus
1049 1484 189 39 ipsarummet
1184 1484 108 39 produm

710 1513 166 52 ctionum,
835 1513 69 52 &
863 1513 97 52 sic
918 1513 194 52 concordant
1070 1513 97 52 cum
1112 1513 180 52 praecedenti

712 1547 200 46 opinione
862 1547 100 46 in
896 1547 250 46 conclusione..

744 1567 144 65 Addunt
845 1567 130 65 tamen
931 1567 115 65 vnum
1003 1567 87 65 in
1047 1567 101 65 quo
1104 1567 216 65 discordant,

710 1612 157 52 scilicet,
831 1612 97 52 quod
891 1612 97 52 ista
952 1612 169 52 distinctio
1085 1612 85 52 non
1134 1612 109 52 esset
1194 1612 97 52 perso-

716 1645 108 57 nalis
788 1645 72 57 ex
824 1645 108 57 parte
897 1645 120 57 filij,
981 1645 108 57 licet
1053 1645 108 57 esset
1125 1645 169 57 personalis
1246 1645 48 57 ex

709 1679 117 59 parte
787 1679 155 59 Spiritus
903 1679 143 59 Sancti,
1007 1679 104 59 quod
1072 1679 143 59 probant
1175 1679 104 59 tali
1227 1679 65 59 ra

695 1725 107 44 tione.

750 1729 98 77 llla
811 1729 172 77 distinctio
947 1729 86 77 non
996 1729 86 77 est
1045 1729 172 77 personalis
1180 1729 74 77 ex
1205 1729 86 77 parte

709 1788 119 52 filij,
792 1788 71 52 in
828 1788 83 52 qua
875 1788 119 52 filius
959 1788 131 52 desinit
1054 1788 95 52 esse
1113 1788 131 52 persona
1196 1788 95 52 tollen

710 1831 84 48 do
752 1831 153 48 aliquid
863 1831 111 48 quod
933 1831 97 48 est
989 1831 84 48 de
1030 1831 195 48 intrinseca
1170 1831 125 48 ratione

714 1858 92 53 suae
771 1858 218 53 personalitatis,
954 1858 80 53 sed
1000 1858 92 53 ista
1058 1858 172 53 distinctio,
1195 1858 80 53 est
1230 1858 57 53 hu-

721 1895 153 50 usmodi,
832 1895 111 50 ergo
902 1895 83 50 &c
943 1895 125 50 Maior
1026 1895 97 50 est
1082 1895 111 50 nota
1151 1895 125 50 Minor
1221 1895 69 50 pro

715 1930 124 48 batur,
802 1930 100 48 quia
864 1930 174 48 tolleretur
1001 1930 149 48 spiratio
1113 1930 124 48 actiua
1187 1930 100 48 secun-

717 1962 88 54 dum
768 1962 101 54 quod
831 1962 88 54 est
881 1962 76 54 in
919 1962 126 54 filio,
1007 1962 101 54 quae
1070 1962 88 54 est
1121 1962 76 54 de
1146 1962 151 54 intrinseca

711 2001 140 47 ratione
813 2001 229 47 personalitatis
1004 2001 127 47 silij,
1093 2001 89 47 cum
1143 2001 127 47 fundet
1220 2001 76 47 ean-

713 2037 89 53 dem
764 2037 153 53 vnitatem
879 2037 89 53 cum
930 2037 192 53 filiatione,
1084 2037 89 53 nec
1135 2037 128 53 possit
1224 2037 102 53 esse

710 2075 182 52 aduentitia
853 2075 130 52 filio,
944 2075 104 52 quia
1010 2075 117 52 nihil
1088 2075 104 52 tale
1153 2075 143 52 ponitur
1244 2075 52 52 in

708 2106 155 44 diuinis

741 2114 147 83 Probant
847 2114 147 83 insuper
954 2114 107 83 quod
1021 2114 120 83 talis
1101 2114 187 83 distinctio
1234 2114 67 83 es
