1500 2415
95 174 131 55 oritur
186 174 78 55 ex
226 174 157 55 ipsismet
343 174 248 55 productionibus,
539 174 144 55 inquantum

88 223 90 36 ad
133 223 195 36 completam
283 223 270 36 distinctionem,
508 223 75 36 &
523 223 165 36 completum

94 265 164 35 ordinem
213 265 253 35 productionum,
421 265 74 35 &
451 265 223 35 productorum
615 265 74 35 si-

97 301 93 33 mul
150 301 93 33 cum
203 301 186 33 oppositone
349 301 173 33 relatiua,
482 301 106 33 quae
549 301 93 33 est
589 301 93 33 inter

97 328 99 43 duo
153 328 183 43 producta,
294 328 183 43 concurrit
435 328 127 43 etiam
520 328 127 43 alius
590 328 99 43 modus

95 363 209 51 procedendi,
262 363 70 51 &
290 363 209 51 producendi,
457 363 97 51 ita
512 363 111 51 quod
568 363 125 51 praefa-

101 397 78 50 ta
140 397 91 50 duo
192 397 118 50 simul
271 397 144 50 iuneta,
375 397 105 50 sunt
441 397 118 50 causa
519 397 170 50 adaequata
637 397 52 50 di

97 434 188 44 stinctionis
248 434 188 44 personalis,
398 434 75 44 vt
436 434 88 44 est
473 434 163 44 declaratum.

146 470 288 46 ADRATIONES
352 470 288 46 PRINCIPALES.

186 501 67 47 D
212 501 134 47 primam
306 501 120 47 patet
386 501 107 47 quid
453 501 93 47 sit
506 501 174 47 dicendum,
626 501 67 47 per

94 540 144 47 illud
190 540 128 47 quod
270 540 160 47 dictum
382 540 128 47 fuit
462 540 96 47 in
510 540 128 47 fine
574 540 112 47 primi

98 578 169 41 Striculi.

135 607 88 43 Ad
179 607 175 43 secundam
311 607 132 43 dico,
399 607 117 43 quod
472 607 146 43 aliquo
574 607 117 43 modo
633 607 58 43 po

104 647 102 44 test
168 647 141 44 concedi
270 647 102 44 esse
334 647 115 44 quasi
411 647 192 44 aduentitium
564 647 115 44 Filio
628 647 64 44 spi

99 682 111 48 rare
169 682 167 48 Spiritum
293 682 167 48 Sanctum,
418 682 97 48 pro
474 682 139 48 quanto
571 682 97 48 non
613 682 69 48 est

101 715 76 42 de
139 715 178 42 intrinseca
279 715 140 42 ratione
381 715 102 42 suae
444 715 242 42 personalitatis,
635 715 51 42 vt

98 751 174 42 superius
228 751 101 42 est
286 751 217 42 declaratum;
459 751 101 42 Non
517 751 130 42 debet
590 751 101 42 tamen

94 787 159 44 concedi,
213 787 106 44 quod
279 787 93 44 sit
332 787 212 44 aduentitium,
504 787 119 44 quasi
583 787 93 44 res
623 787 66 44 di-

102 822 138 45 stincta
203 822 75 45 ab
228 822 63 45 eo.

139 857 81 43 Ad
179 857 148 43 tertiam
286 857 121 43 dico,
367 857 107 43 quod
434 857 121 43 sicut
514 857 121 43 patet
595 857 81 43 ex
622 857 67 43 di-

99 891 118 47 etis,
178 891 79 47 ad
217 891 171 47 completam
349 891 224 47 distinctionem
533 891 118 47 Filij
612 891 66 47 a
625 891 66 47 Spi

102 930 108 35 ritu
169 930 134 35 Sancto
263 930 94 35 non
317 930 188 35 sufficeret
464 930 121 35 alius
545 930 121 35 modus
612 930 81 35 pro-

102 962 158 47 cedendi,
220 962 119 47 puta,
300 962 105 47 quod
365 962 132 47 Filius
458 962 185 47 procederet
603 962 92 47 per
642 962 53 47 mo

94 998 96 36 dum
149 998 219 36 intellectus,
327 998 69 36 &
355 998 165 36 Spiritus
478 998 151 36 Sanctus
588 998 96 36 per
629 998 55 36 mo

98 1031 94 45 dum
151 1031 202 45 voluntatis,
313 1031 108 45 nisi
381 1031 121 45 simul
462 1031 94 45 cum
516 1031 94 45 hoc
570 1031 121 45 esset
637 1031 54 45 op

104 1067 130 52 posito
195 1067 156 52 relatiua
312 1067 117 52 inter
390 1067 104 52 eos,
455 1067 143 52 tanquam
546 1067 143 52 principa-

105 1100 83 51 lis
141 1100 95 51 causa,

106 1169 391 50 DISTINCTIONIS
405 1169 276 50 DVODECIMAe

190 1242 333 54 QV.AESTIO
421 1242 179 54 PRIMA

111 1311 128 48 Vtrum
196 1311 171 48 Spiritus
325 1311 157 48 Sanctus
439 1311 171 48 procedat
567 1311 71 48 a
581 1311 114 48 patre,

190 1352 78 42 &
222 1352 140 42 Filio
315 1352 109 42 per
377 1352 155 42 mutuum
470 1352 140 42 amorem.

79 1595 372 49 ARGVITVR
358 1595 217 49 PRO
451 1595 217 49 PARTE

204 1630 251 51 negante.

107 1668 103 45 1Q1
166 1668 176 45 Spiritus
298 1668 161 45 Sanctus
415 1668 205 45 procederet
577 1668 103 45 per
621 1668 73 45 mu-

125 1702 142 46 Atuum
220 1702 173 46 amorem,
346 1702 220 46 sequeretur
519 1702 126 46 quod
582 1702 110 46 actus

105 1737 160 44 spirandi
224 1737 93 44 non
278 1737 120 44 esset
357 1737 160 44 complete
477 1737 80 44 ab
517 1737 93 44 vna
557 1737 133 44 persona;

106 1780 98 37 sed
162 1780 98 37 hoc
218 1780 98 37 est
274 1780 154 37 falsum,
386 1780 112 37 ergo
456 1780 98 37 &c.
498 1780 196 37 Consequentia

110 1807 137 50 patet,
206 1807 109 50 quia
274 1807 137 50 mutuus
370 1807 109 50 amor
438 1807 96 50 non
493 1807 137 50 potest
589 1807 109 50 esse
643 1807 55 50 v-

105 1851 105 39 nius
171 1851 132 39 tantum
263 1851 171 39 personae,
394 1851 92 39 sed
447 1851 184 39 necessario
592 1851 132 39 requi

107 1880 97 46 rit
163 1880 194 46 distinctas
315 1880 180 46 personas:
454 1880 194 46 Falsitatem
592 1880 111 46 probo,

114 1913 114 49 quia
185 1913 128 49 actum
270 1913 156 49 aliquem
384 1913 114 49 esse
455 1913 85 49 ab
498 1913 142 49 aliqua
583 1913 114 49 diuina

114 1951 166 47 persona
235 1951 227 47 incomplete,
417 1951 182 47 argueret
538 1951 151 47 imperfe-

111 1990 162 40 ctionem
229 1990 88 40 in
273 1990 103 40 ea,
332 1990 118 40 quod
406 1990 103 40 est
465 1990 177 40 absurdum
582 1990 118 40 ponere

114 2022 77 42 in
153 2022 141 42 diuinis

134 2048 64 47 2
160 2048 77 47 Si
198 2048 129 47 mutuus
288 2048 103 47 amor
353 2048 141 47 Patris,
456 2048 64 47 &
481 2048 116 47 Filij
559 2048 116 47 esset
623 2048 77 47 prin

111 2092 133 40 cipium
204 2092 159 40 Spiritus
323 2092 146 40 Sancti,
429 2092 199 40 sequeretur,
575 2092 120 40 Patrem,

109 2123 73 42 &
139 2123 145 42 Filium
240 2123 160 42 spitare
356 2123 174 42 Spiritum
487 2123 160 42 Sanctum
589 2123 116 42 inquan

109 2163 105 52 tum
169 2163 165 52 plures,
289 2163 75 52 &
319 2163 105 52 non
379 2163 195 52 inquantum
530 2163 135 52 vnum,
605 2163 90 52 con

700 176 156 57 sequens
814 176 100 57 est
870 176 156 57 falsum,
984 176 114 57 ergo
1055 176 100 57 &c.
1098 176 199 57 Consequentia

708 225 140 45 patet,
806 225 112 45 quia
877 225 140 45 mutuus
975 225 112 45 amor
1045 225 169 45 requirit
1172 225 140 45 plura,
1256 225 42 45 v

706 255 137 44 plura.
802 255 192 44 Falsitatem
954 255 137 44 probo,
1050 255 110 44 quia
1118 255 110 44 vnus
1173 255 124 44 simplex

704 294 124 38 actus
787 294 96 38 est
842 294 82 38 ab
883 294 96 38 vno
938 294 165 38 simplici
1061 294 192 38 principio,
1213 294 69 38 &
1226 294 69 38 non

701 329 71 48 a
729 329 184 48 pluribus,
871 329 85 48 vt
913 329 127 48 plura
998 329 127 48 sunt,
1083 329 127 48 actus
1154 329 141 48 spirandi

707 362 97 42 est
763 362 111 42 vnus
832 362 153 42 simplex
943 362 139 42 actus,
1041 362 111 42 ergo
1110 362 111 42 erit
1180 362 83 42 ab
1208 362 83 42 vno,

702 395 96 44 &
721 395 135 44 vnum.

736 433 75 45 3
766 433 90 45 Si
811 433 134 45 amore
900 433 134 45 mutuo
990 433 224 45 procederet,
1154 433 149 45 sequere-

700 470 111 36 tur,
769 470 152 36 Patrem,
880 470 69 36 &
908 470 139 36 Filium
1005 470 111 36 esse
1074 470 139 36 plures
1157 470 139 36 spirato-

704 505 123 42 res,
780 505 123 42 quod
857 505 168 42 videtur
979 505 168 42 falsum;
1087 505 214 42 Consequentia

704 541 141 44 patet:
802 541 197 44 Falsitatem
957 541 127 44 probo
1042 541 99 44 per
1098 541 84 44 P.
1126 541 169 44 Augustinum

701 579 136 45 quinto
796 579 81 45 de
837 579 176 45 Trinitate
973 579 108 45 cap.
1040 579 81 45 14
1081 579 95 45 vbi
1135 579 136 45 dicit,
1217 579 81 45 quod

697 608 125 46 sicut
780 608 139 46 Pater,
878 608 69 46 &
905 608 153 46 Filius,
1016 608 69 46 &
1044 608 167 46 Spiritus
1155 608 139 46 Sanctus.

701 648 187 43 referuntur
848 648 80 43 ad
888 648 187 43 creaturam,
1035 648 94 43 ita
1089 648 134 43 Pater,
1183 648 67 43 &
1196 648 107 43 Filius

700 679 83 45 ad
742 679 166 45 Spiritum
866 679 166 45 Sanctum,
991 679 97 45 sed
1047 679 111 45 tres
1116 679 166 45 personae
1227 679 69 45 re-

703 716 125 36 latae
786 716 83 36 ad
828 716 180 36 creaturam
967 716 97 36 non
1022 716 167 36 dicuntur
1147 716 111 36 nisi
1203 716 97 36 vnus)

699 752 159 47 creater,
818 752 106 47 ergo
884 752 133 47 Pater,
977 752 66 47 &
1004 752 133 47 Filius
1096 752 133 47 relati
1189 752 80 47 ad
1216 752 80 47 Spi-

696 787 148 44 ritum
794 787 181 44 Sanctum
926 787 115 44 non
992 787 198 44 dicentur
1140 787 132 44 nisi
1206 787 99 44 vnus

681 820 198 48 spirator.

690 855 159 48 AD
770 855 345 48 OPPOSITVM
1009 855 292 48 ARGVITVRV

705 891 90 44 1Q
750 891 164 44 Piritus
869 891 179 44 Sanctus,
1004 891 90 44 vt
1048 891 134 44 Amor,
1138 891 75 44 &
1153 891 149 44 perfecta

736 925 177 49 Charitas
869 925 192 49 procedit,
1017 925 148 49 mutuus
1120 925 133 49 autem
1194 925 103 49 Amor,

710 962 72 52 &
738 962 172 52 perfecta
867 962 172 52 Charitas
996 962 129 52 minus
1082 962 115 52 quam
1154 962 129 52 inter
1225 962 72 52 du-

707 998 78 39 os
746 998 130 39 haberi
837 998 91 39 non
889 998 143 39 potest,
993 998 117 39 sicut
1072 998 117 39 dicit
1150 998 78 39 D.
1189 998 104 39 Sreg
1241 998 52 39 in

704 1032 128 53 Homil
789 1032 113 53 ergo
860 1032 170 53 sequitur
987 1032 170 53 Spiritum
1115 1032 156 53 Sanctum
1214 1032 85 53 pro-

705 1067 133 41 cedere
798 1067 67 41 a
825 1067 133 41 Patre,
918 1067 67 41 &
945 1067 133 41 Filio,
1038 1067 80 41 vt
1078 1067 93 41 duo
1132 1067 120 41 sunt,
1212 1067 67 41 &
1225 1067 67 41 per

703 1104 208 40 concordem
863 1104 240 40 voluntatem,
1055 1104 96 40 ac
1103 1104 160 40 mutuum
1199 1104 96 40 amo-

694 1139 158 39 rem
785 1139 270 39 amborum.

740 1173 69 39 2
768 1173 166 39 Spiritus
893 1173 153 39 Sanctus
1004 1173 97 39 est
1059 1173 166 39 connexio
1170 1173 125 39 consub-

703 1211 190 37 stantialis,
855 1211 63 37 &
881 1211 152 37 coeterna
995 1211 139 37 Patris,
1096 1211 63 37 &
1122 1211 127 37 Filij,
1210 1211 114 37 sicut

707 1242 117 40 dicit
785 1242 78 40 P.
824 1242 183 40 Augustinus
968 1242 78 40 8.
1007 1242 78 40 de
1046 1242 170 40 Trinitate
1177 1242 104 40 cap.
1229 1242 65 40 1I-

708 1282 95 42 hoc
763 1282 122 42 autem
844 1282 95 42 non
898 1282 243 42 verificaretur,
1101 1282 108 42 nisi
1155 1282 135 42 procede-

701 1314 107 47 ret
762 1314 92 47 ab
808 1314 107 47 eis
869 1314 107 47 per
931 1314 153 47 mutuum
1038 1314 153 47 amorem
1146 1314 169 47 amborum
1253 1314 46 47 o

708 1349 118 57 ergo
767 1349 74 57 &c.

737 1389 258 40 RESPONDEO:
939 1389 111 40 in
995 1389 148 40 ista
1069 1389 221 40 quaestione

690 1420 256 40 tria
850 1420 256 40 sunt
978 1420 321 40 videnda.

739 1456 72 45 1
767 1456 87 45 An
811 1456 203 45 concordia,
970 1456 72 45 &
999 1456 275 45 correspondentia
1217 1456 72 45 amo

708 1488 85 44 ris
757 1488 85 44 sit
805 1488 73 44 de
842 1488 171 44 intrinseca
976 1488 134 44 ratione
1074 1488 183 44 voluntatis,
1209 1488 85 44 pront

708 1524 100 46 est
765 1524 200 46 principium
922 1524 214 46 productiuum
1093 1524 171 46 Spiritus
1207 1524 86 46 San-

702 1561 127 41 cti,
782 1561 79 41 &
813 1561 127 41 dato
893 1561 127 41 quod
972 1561 127 41 non;
1052 1561 143 41 Vtrum
1131 1561 159 41 possimus

712 1597 156 41 saluare
825 1597 142 41 aliquo
924 1597 113 41 modo
995 1597 170 41 Spiritum
1122 1597 142 41 Sactum
1207 1597 85 41 pro-

704 1632 151 41 cedere
810 1632 76 41 a
840 1632 151 41 Patre,
946 1632 76 41 &
976 1632 136 41 Filio
1066 1632 106 41 per
1127 1632 151 41 amorem
1217 1632 76 41 mu-

684 1667 322 44 tuum
885 1667 483 44 amborum.

740 1703 72 43 2
768 1703 86 43 An
812 1703 144 43 Pater,
912 1703 72 43 &
941 1703 144 43 Filius
1042 1703 158 43 spirent
1143 1703 144 43 Spiritum

709 1740 170 38 Sanctum
832 1740 201 38 inquantum
987 1740 139 38 vnum,
1080 1740 108 38 vel
1126 1740 170 38 inquantum

572 1776 720 42 plures.

741 1808 76 44 3
771 1808 91 44 An
817 1808 167 44 possint
938 1808 121 44 dici
1014 1808 152 44 plures
1105 1808 197 44 spiratores.

735 1879 406 45 ARTICVLVS
1016 1879 281 45 PRIMVS.

712 1948 83 42 An
754 1948 193 42 concordia,
905 1948 69 42 &
933 1948 262 42 correspondentia
1153 1948 138 42 amoris
1236 1948 69 42 sit

772 1983 86 50 de
815 1983 202 50 intrinseca
973 1983 158 50 ratione
1088 1983 202 50 voluntatis
