1500 2352
221 167 91 61 ORo
273 167 117 61 huius
351 167 156 61 articuli
468 167 143 61 notitia
571 167 91 61 est
610 167 156 61 praenotan

212 215 103 44 dum,
276 215 116 44 sicut
353 215 128 44 dictum
443 215 103 44 fuit
507 215 77 44 in
546 215 77 44 x.
584 215 154 44 distinct
687 215 77 44 ali-

198 246 100 49 quos
261 246 125 49 velle,
349 246 188 49 intellectum
500 246 151 49 simplici
612 246 138 49 notitia
700 246 63 49 in-

201 281 158 46 formatum
319 281 158 46 euaderae
438 281 184 46 faecundum,
583 281 92 46 ita
635 281 79 46 vt
662 281 105 46 habeat

199 322 162 39 rationem
320 322 175 39 memoriae,
454 322 67 39 &
481 322 94 39 sit
535 322 188 39 principium
670 322 94 39 noti-

201 353 104 41 tiae
266 353 222 41 declaratiuae,
449 353 104 41 quae
514 353 130 41 verbum
605 353 196 41 nuncupatur,

200 386 66 39 &
226 386 133 39 filius
319 386 80 39 in
359 386 159 39 diuinis,
478 386 66 39 &
505 386 119 39 eodem
584 386 106 39 modo
637 386 133 39 voluntas

197 418 164 42 informata
324 418 152 42 simplici
437 418 114 42 amore
513 418 164 42 efficitur
627 418 139 42 faecunda,

191 452 174 52 itautsit
322 452 204 52 principium
482 452 218 52 productiuum
642 452 131 52 amoris.

194 487 177 46 intensiui,
333 487 88 46 qui
384 487 88 46 est
434 487 151 46 Spiritus
548 487 151 46 Sanctus,
661 487 76 46 si
686 487 76 46 ergo

200 522 167 47 quaeratur
328 522 77 47 ab
367 522 103 47 eis;
431 522 115 47 Vtrum
508 522 167 47 voluntas,
636 522 115 47 prout
700 522 64 47 est

194 561 184 45 principium
338 561 197 45 productiuum
496 561 157 45 Spiritus
614 561 144 45 Sancti,
705 561 66 45 sit

191 592 199 43 necessario
347 592 185 43 informata
490 592 128 43 amore
575 592 142 43 mutuo,
674 592 71 43 &
689 592 85 43 con-

193 625 113 47 cordi
269 625 138 47 duorum,
370 625 138 47 patris,
470 625 75 47 s.
508 625 63 47 &
533 625 126 47 filij;
621 625 126 47 Dicunt
697 625 75 47 quod

204 659 98 40 sic,
265 659 98 40 quia
326 659 159 40 (secundum
449 659 98 40 eos)
510 659 98 40 haec
572 659 86 40 est
609 659 159 40 differentia

198 699 115 38 inter
275 699 204 38 intellectum,
441 699 115 38 prout
517 699 89 38 est
568 699 179 38 principium
696 699 77 38 pro-

190 725 176 42 ductiuum
323 725 147 42 Verbi,
425 725 73 42 &
455 725 220 42 voluntatem,
631 725 132 42 prout
705 725 73 42 est

191 766 185 50 principium
336 766 198 50 productiuum
495 766 159 50 Spiritus
613 766 145 50 Sancti,
706 766 66 50 qua

198 796 191 40 intellectus
351 796 115 40 habet
428 796 166 40 perfectam
555 796 217 40 faecunditatem
721 796 51 40 ad

205 825 113 49 Verbi
281 825 213 49 productionem,
456 825 113 49 prout
532 825 138 49 existit
632 825 75 49 in
670 825 88 49 vna
707 825 63 49 tam

197 868 89 42 tum
248 868 153 42 persona,
363 868 153 42 scilicet
477 868 76 42 in
515 868 127 42 Patre,
605 868 153 42 Moluntas
706 868 64 42 aut

195 905 96 39 non
250 905 123 39 habet
332 905 178 39 perfectam
469 905 233 39 faecunditatem
661 905 82 39 ad
688 905 82 39 pro-

200 940 162 33 ductionem
324 940 150 33 Spiritus
436 940 137 33 Sancti,
536 940 100 33 nisi
598 940 112 33 prost
661 940 112 33 existit

203 967 85 45 in
245 967 142 45 duabus
345 967 184 45 personis,
486 967 170 45 secundum
614 967 113 45 quem
671 967 99 45 modum

197 1004 183 42 necessario
341 1004 91 42 est
393 1004 170 42 informata
524 1004 118 42 amore
602 1004 131 42 mutuo,
694 1004 65 42 &
707 1004 65 42 con

204 1039 110 47 ecordi
281 1039 121 47 patris,
368 1039 55 47 &
379 1039 88 47 filij-

205 1070 231 51 Fundamentum
389 1070 154 51 autem,
497 1070 108 51 cui
559 1070 200 51 inniritur
697 1070 77 51 hac

208 1103 141 51 opinio,
311 1103 141 51 sumitur
413 1103 77 51 ex
452 1103 154 51 Riccardo
567 1103 77 51 3.
605 1103 77 51 de
631 1103 141 51 Trinitate

205 1145 106 42 cap.
271 1145 79 42 10
310 1145 92 42 vbi
363 1145 119 42 vult,
442 1145 106 42 quod
495 1145 277 42 plenitudosapientiae

204 1175 70 42 in
239 1175 81 42 qua
286 1175 151 42 consistit
401 1175 174 42 faecunditas
540 1175 185 42 intellectus,
691 1175 81 42 sit
726 1175 46 42 in

201 1213 88 36 vna
252 1213 101 36 sola
315 1213 152 36 personav
429 1213 164 36 plenitudo
555 1213 101 36 vero
618 1213 152 36 amoris.;
719 1213 51 36 in

206 1246 85 46 qua
254 1246 158 46 consistit
376 1246 182 46 faecunditas
521 1246 182 46 voluntatis,
655 1246 121 46 requirit

204 1282 195 38 necessario
357 1282 111 38 duas
427 1282 181 38 personas:
566 1282 97 38 Nam
621 1282 153 38 loquens
718 1282 56 38 de

207 1310 184 51 plenitudine
354 1310 172 51 sapientiae
489 1310 123 51 ibidem
575 1310 98 51 ait;
637 1310 111 51 Nihil
698 1310 74 51 defi

201 1348 112 40 nitur
275 1348 286 40 contratiuminaturae,
524 1348 75 40 si
561 1348 161 40 plenitudo
673 1348 99 40 sapien

207 1384 97 41 tiae
267 1384 133 41 dicatur
364 1384 109 41 posse
437 1384 170 41 subsistere
570 1384 73 41 in
594 1384 182 41 singularitate

202 1413 177 50 personae;
338 1413 95 50 nam
393 1413 217 50 quantuncumqe
569 1413 82 50 in
610 1413 149 50 deitate
705 1413 68 50 es-

199 1445 97 44 fet
254 1445 138 44 tantum
351 1445 97 44 vna
407 1445 166 44 persona,
531 1445 207 44 nihilominus
683 1445 97 44 pleni

203 1482 154 43 tudinem
315 1482 196 43 sapientiae
469 1482 140 43 habere
566 1482 196 43 potuisset.
706 1482 70 43 Cum

212 1521 100 37 vero
275 1521 151 37 loquitur
388 1521 75 37 de
426 1521 188 37 plenitudine
576 1521 138 37 amotis:
677 1521 125 37 dicit,

208 1552 101 40 quod
272 1552 139 40 intimae
373 1552 177 40 charitatis
512 1552 152 40 delitiae
613 1552 165 40 habiriuntur

215 1593 76 36 de
253 1593 113 36 corde
329 1593 164 36 alterius;
455 1593 113 36 quius
531 1593 239 36 rationemireddit
720 1593 50 36 in

216 1619 120 42 podem
295 1619 120 42 libro
375 1619 106 42 cap.
442 1619 80 42 3.
482 1619 146 42 dicens,
588 1619 106 42 quod
654 1619 106 42 amor
708 1619 66 42 non

212 1653 124 51 potest
298 1653 99 51 esse
360 1653 149 51 iucundus
472 1653 99 51 nisi
534 1653 248 51 existatiniutuus:
732 1653 50 51 in

210 1689 116 43 amore
287 1689 103 43 enim
351 1689 128 43 imutuo
441 1689 116 43 alter
518 1689 103 43 est,
582 1689 90 43 qui
634 1689 128 43 amorem
711 1689 64 43 im-

215 1722 146 41 pendit,
321 1722 66 41 &
347 1722 93 41 qui
400 1722 133 41 amorem
493 1722 172 41 rependit;
626 1722 93 41 ex.
666 1722 106 41 quibus

212 1754 190 44 colligitur
362 1754 163 44 secundum
484 1754 190 44 Riccardum,
620 1754 163 44 voluntaten

203 1792 94 41 non
256 1792 107 41 esse
323 1792 188 41 principium
471 1792 175 41 faecundum
605 1792 81 41 ad
632 1792 148 41 spirandum

212 1823 158 45 Spiritum
330 1823 158 45 Sanctum,
448 1823 105 45 nisi
514 1823 118 45 prout
593 1823 92 45 est
632 1823 145 45 informata

212 1862 134 42 amore
301 1862 148 42 duorum
405 1862 148 42 mutuo,
509 1862 74 42 &
539 1862 178 42 concordi
657 1862 119 42 impen-

207 1896 106 41 so
260 1896 106 41 ab
313 1896 141 41 vno,
402 1896 88 41 &
437 1896 194 41 repenso
579 1896 106 41 ab
614 1896 159 41 altero.

248 1928 140 40 Contra
346 1928 112 40 quam
416 1928 182 40 opinionem
555 1928 154 40 arguunt
653 1928 126 40 nonnul-

212 1963 77 49 li
251 1963 142 49 quinque
341 1963 155 49 rationibus

211 1992 98 46 DSi
267 1992 140 46 Pater,
365 1992 70 46 &
393 1992 140 46 filius
491 1992 210 46 producerent
645 1992 140 46 Spiritum

213 2032 161 40 Sanctum
330 2032 190 40 inquantum
477 2032 219 40 concorditer
652 2032 88 40 se
682 2032 102 40 amant

214 2069 192 37 sequeretur,
368 2069 102 37 quod
432 2069 153 37 Spiritus
547 2069 141 37 Sanctus
649 2069 115 37 esset
713 2069 64 37 pro

215 2096 142 60 ductus
314 2096 170 60 antequam
442 2096 128 60 esset
527 2096 199 60 productus;
669 2096 114 60 Conse

789 165 149 64 quentia
898 165 176 64 probatur,
1034 165 109 64 quia
1102 165 163 64 secundum
1224 165 109 64 eos,
1278 165 95 64 volum

785 214 86 38 tas
834 214 148 38 infinita
945 214 123 38 habens
1031 214 148 38 obiectum
1142 214 98 38 sibi
1203 214 148 38 praesens
1301 214 62 38 in-

782 245 145 41 finitum
887 245 92 41 est
940 245 184 41 sufficiens
1085 245 184 41 principium
1216 245 145 41 producti-

779 280 97 48 uum
835 280 166 48 Spiritus
959 280 152 48 Sancti,
1070 280 111 48 ergo
1139 280 166 48 antequam
1250 280 111 48 Pater.

780 317 167 44 effectiue
909 317 193 44 concorditer
1063 317 90 44 cum
1115 317 116 44 Filio
1192 317 154 44 vellint,
1295 317 64 44 per

781 352 100 44 eam
838 352 143 44 potest
938 352 171 44 produci,
1066 352 71 44 &
1094 352 100 44 per
1151 352 200 44 consequens
1294 352 71 44 pro

778 386 172 34 duceretur
910 386 159 34 Spiritus
1030 386 159 34 Sanctus,
1149 386 106 34 quod
1215 386 133 34 patet,
1295 386 66 34 ua-

785 419 154 38 voluntas
901 419 90 38 non
952 419 154 38 acquirit
1068 419 205 38 infinitatem,
1235 419 90 38 nec
1273 419 90 38 prae-

780 449 138 40 sentiam
881 449 88 40 sui
931 449 138 40 obiecti
1032 449 151 40 infiniti
1145 449 88 40 per
1195 449 88 40 hoc
1245 449 100 40 quod
1295 449 63 40 exi

781 483 106 43 stit
847 483 66 43 i
874 483 133 43 Patre,
967 483 66 43 &
993 483 133 43 filio,
1086 483 93 43 sed
1139 483 93 43 hoc
1193 483 120 43 totum
1259 483 93 43 habet

787 514 158 48 priusquam
909 514 195 48 intelligatur
1067 514 146 48 existere
1176 514 73 48 in
1213 514 97 48 eis;
1262 514 97 48 produm

783 562 144 32 ceretur
888 562 105 32 ergo
953 562 157 32 Spiritus
1071 562 144 32 Sanctus
1176 562 92 32 per
1229 562 92 32 eam
1268 562 92 32 ante-

784 593 108 39 quam
852 593 122 39 esset
934 593 190 39 productus,
1083 593 81 39 si
1123 593 176 39 concordia
1246 593 108 39 amoris

787 624 209 42 expectetur,
954 624 167 42 secundum
1080 624 223 42 praecedentem
1247 624 111 42 opinio

781 655 112 45 nem,
851 655 70 45 &
879 655 126 45 etiam
963 655 224 45 produceretur
1145 655 112 45 post
1215 655 112 45 quam
1271 655 98 45 esset

767 693 223 44 productus.

810 726 68 41 2
838 726 82 41 Si
879 726 164 41 voluntas
1002 726 123 41 esset
1084 726 191 41 principium
1221 726 150 41 Spiritus.

789 763 127 35 Sancti
878 763 115 35 prout
955 763 127 35 pater,
1044 763 64 35 &
1069 763 127 35 filius
1158 763 89 35 per
1209 763 89 35 eam
1247 763 115 35 concor.

785 791 124 39 diter
868 791 83 39 se
909 791 138 39 amant,
1006 791 207 39 sequeretur,
1171 791 110 39 quod
1240 791 96 39 non
1281 791 83 39 habe

782 827 100 50 ret
839 827 128 50 totam
924 827 228 50 perfectionem
1109 827 114 50 suam
1180 827 100 50 per
1223 827 142 50 obiectum

795 858 187 41 primarium,
941 858 187 41 consequens
1088 858 93 41 est
1141 858 147 41 falsum,
1248 858 107 41 quia
1301 858 67 41 ob-

787 896 131 39 iectum
879 896 171 39 primarium
1010 896 145 39 diuinae
1115 896 184 39 voluntatis
1260 896 92 39 est
1299 896 66 39 in-

790 932 163 46 finitum,
912 932 68 46 &
940 932 108 46 ideo
1007 932 81 46 ex
1048 932 95 46 hoc
1102 932 122 46 debet
1184 932 136 46 habere
1265 932 95 46 omnem

792 965 241 41 perfectionem,
991 965 114 41 quam
1062 965 142 41 potest
1161 965 156 41 habere,
1261 965 99 41 Conse

786 1004 151 39 quentia
896 1004 179 39 probatur,
1033 1004 110 39 quia
1102 1004 165 39 obiectum
1212 1004 151 39 primarium

783 1033 142 42 diuinae
887 1033 181 42 voluntatis
1029 1033 91 42 est
1080 1033 103 42 ipsa
1145 1033 129 42 diuina
1223 1033 129 42 essentia

792 1066 169 40 obiectum
919 1066 127 40 autem
1003 1066 127 40 quasi
1088 1066 211 40 secundarium
1242 1066 113 40 viden-

786 1101 83 42 tur
834 1101 95 42 esse
893 1101 130 42 diuinae
988 1101 154 42 personae,
1106 1101 95 42 quae
1165 1101 95 42 sunt
1225 1101 130 42 plures,
1308 1101 47 42 ob

787 1134 136 42 iectum
883 1134 109 42 vero
950 1134 177 42 primarium
1086 1134 122 42 debet
1168 1134 109 42 esse
1236 1134 122 42 vnum:
1304 1134 54 42 si

794 1175 108 37 ergo
862 1175 163 37 voluntas
984 1175 95 37 non
1039 1175 95 37 est
1093 1175 190 37 principium
1228 1175 136 37 Spiritus

788 1205 139 41 Sancti,
889 1205 101 41 nisi
952 1205 76 41 vt
990 1205 101 41 stat
1053 1205 88 41 sub
1103 1205 113 41 amore
1179 1205 113 41 mutuo
1242 1205 113 41 duorum,

789 1246 102 39 quia
853 1246 76 39 Vt
891 1246 102 39 sic,
955 1246 115 39 habet
1031 1246 89 39 pro
1082 1246 140 39 obiecto
1184 1246 115 39 ipsas
1247 1246 115 39 diuinas

793 1278 168 41 personas,
922 1278 168 41 sequitur,
1052 1278 116 41 quod,
1129 1278 91 41 non
1181 1278 129 41 habeat
1271 1278 116 41 totam

792 1309 212 47 perfectionem
964 1309 80 47 ex
1004 1309 146 47 obiecto
1110 1309 172 47 primario,
1243 1309 106 47 quod
1296 1309 66 47 est

782 1343 132 44 essentia.

800 1374 82 37 3:
841 1374 82 37 Si
882 1374 110 37 amor
951 1374 137 37 mutuus
1047 1374 123 37 esset
1129 1374 206 37 perfectior,
1294 1374 69 37 &
1307 1374 55 37 iu

787 1414 151 41 cundior
897 1414 124 41 amore
980 1414 96 41 non
1035 1414 138 41 mutuo,
1131 1414 206 41 sequeretur,
1282 1414 83 41 quod

793 1447 112 37 esset
867 1447 112 37 maior
941 1447 112 37 ratio
1016 1447 198 37 amabilitatis
1177 1447 74 37 in
1214 1447 124 37 duabus
1289 1447 74 37 per-

791 1475 115 43 sonis
868 1475 102 43 quam
931 1475 76 43 in
969 1475 89 43 vna
1020 1475 102 43 sola
1084 1475 64 43 s
1109 1475 178 43 Consequens
1249 1475 89 43 est
1288 1475 76 43 fal-

792 1510 103 44 sum,
856 1510 103 44 quia
921 1510 116 44 sicut
998 1510 90 44 non
1049 1510 90 44 est
1101 1510 103 44 plus
1165 1510 77 44 de
1204 1510 154 44 bonitate
1307 1510 51 44 in

793 1546 140 46 duabus,
895 1546 89 46 vel
946 1546 114 46 etiam
1022 1546 76 46 in
1060 1546 140 46 omnibus
1162 1546 127 46 tribus
1238 1546 127 46 personis

799 1579 99 49 quam
861 1579 75 49 in
898 1579 87 49 vna
948 1579 149 49 persona,
1060 1579 87 49 ita
1109 1579 87 49 non
1159 1579 124 49 potest
1246 1579 87 49 ibi
1283 1579 75 49 essi

805 1614 97 48 plus
866 1614 73 48 de
902 1614 195 48 amabilitate,
1061 1614 207 48 Consequentiae
1219 1614 146 48 probatour,

800 1652 113 45 quia
870 1652 155 45 videmus
983 1652 85 45 in
1026 1652 141 45 nobis,
1124 1652 113 45 quod
1181 1652 183 45 amorimutuus

792 1685 110 43 ideo
861 1685 96 43 est
916 1685 179 43 iucundior
1054 1685 110 43 quia
1122 1685 165 43 dilectus
1232 1685 138 43 redamans

790 1716 97 43 est
846 1716 180 43 amabilior
984 1716 111 43 quam
1054 1716 111 43 ante
1123 1716 236 43 redamationem:
1304 1716 69 43 cum

797 1756 135 40 ametur
891 1756 94 40 non
945 1756 121 40 solum
1026 1756 148 40 propter
1134 1756 216 40 perfectionem
1296 1756 67 40 in-

801 1792 183 33 trinsecam,
944 1792 104 33 quam
1010 1792 157 33 habebat,
1127 1792 91 33 sed
1179 1792 117 33 etiam
1245 1792 117 33 proptes

797 1830 129 35 ipsam
883 1830 258 35 superuenientem
1098 1830 244 35 redamationem,
1284 1830 86 35 quia

799 1856 112 40 ergo
869 1856 112 40 iste
939 1856 126 40 modus
1024 1856 155 40 amandi;
1136 1856 70 40 &
1164 1856 183 40 redamandi
1305 1856 98 40 non

799 1891 118 43 habet
878 1891 118 43 locum
957 1891 79 43 in
996 1891 158 43 diuinis,
1114 1891 158 43 sequitur
1233 1891 105 43 quod
1285 1891 79 43 amor

797 1924 122 37 mutuus
882 1924 85 37 non
931 1924 122 37 fitibi
1016 1924 194 37 perfectique,
1174 1924 85 37 vel
1222 1924 170 37 iucundior,

796 1959 113 39 quam
866 1959 155 39 simplex
979 1959 127 39 amor,
1064 1959 71 39 &
1092 1959 99 39 per
1148 1959 197 39 consequens
1289 1959 71 39 vo-

796 1994 136 43 luntas
892 1994 122 43 eriti
973 1994 177 43 facundior
1109 1994 82 43 ad
1150 1994 204 43 preducendum
1299 1994 68 43 Spi

795 2030 137 41 ritum
886 2030 168 41 Sanctum
1008 2030 107 41 per
1069 2030 137 41 talem
1161 2030 168 41 amorem,
1283 2030 122 41 quam

785 2062 382 49 peralium;
1078 2062 206 49 nt:
1166 2062 206 49 uIAaM

798 2097 75 56 .
828 2097 90 56 Si
873 2097 120 56 amor
948 2097 151 56 mutuus
1054 2097 105 56 est
1114 2097 211 56 iucunmdior
1265 2097 105 56 amore
