1500 2358
183 183 94 42 duo
236 183 134 42 amores
330 183 80 42 in
370 183 161 42 diuinis,
491 183 134 42 quorum
585 183 107 42 vnus
652 183 94 42 sit
692 183 67 42 per

194 225 147 40 fectior
301 225 121 40 alio;
381 225 107 40 quod
448 225 134 40 quidem
542 225 94 40 est
595 225 147 40 falsum,
689 225 67 40 nam

197 257 115 42 vnus,
274 257 64 42 &
300 257 103 42 idem
364 257 103 42 amor
428 257 103 42 est,
492 257 90 42 qui
543 257 141 42 dicitur
633 257 128 42 simplex,

188 294 179 40 inquantum
326 294 96 40 est
381 294 110 40 pure
450 294 220 40 essentialis,
628 294 69 40 &
642 294 110 40 commu-

197 328 91 41 nis
249 328 130 41 tribus
340 328 157 41 personis
458 328 117 41 quasi
536 328 91 41 per
588 328 117 41 modum
654 328 104 41 formae

189 366 228 37 inexistentis
374 366 71 37 &
402 366 157 37 dicitur
516 366 142 37 mutuus
601 366 157 37 inquantum

196 398 145 40 existit
301 398 79 40 in
341 398 92 40 eis
393 398 119 40 quasi
472 398 92 40 per
525 398 119 40 actum
604 398 184 40 notionalem

188 435 109 43 vnius
261 435 170 43 impendatur
394 435 133 43 alteri,
491 435 61 43 &
515 435 73 43 pr
551 435 109 43 actum
612 435 145 43 notionalem

188 469 167 42 alterius
313 469 195 42 rependatur
466 469 139 42 eidem;
563 469 97 42 nam
619 469 125 42 sicut
689 469 70 42 pa-

189 500 101 40 tuit
253 500 152 40 superius
367 500 76 40 ex
405 500 190 40 auctoritate
557 500 76 40 P.
595 500 127 40 August
671 500 89 40 indu-

190 538 92 43 cta:
248 538 115 43 Videre
329 538 104 43 silij
398 538 138 43 respectu
502 538 115 43 Patris
582 538 92 43 idem
640 538 92 43 est,
686 538 69 43 quod

190 570 115 39 ipsum
267 570 115 39 natum
344 570 103 39 esse
408 570 77 39 de
446 570 128 39 Patre,
536 570 90 39 vbi
587 570 141 39 videtur
677 570 77 39 vel-

184 604 86 36 le,
233 604 98 36 quod
294 604 110 36 visio
367 604 110 36 filij
441 604 86 36 non
490 604 122 36 tendat
575 604 73 36 in
612 604 122 36 Patrem
686 604 73 36 tan-

181 638 106 39 quam
247 638 80 39 in
287 638 160 39 terminum
407 638 160 39 realiter
527 638 186 39 distinctum
673 638 67 39 a
686 638 67 39 fi-

191 670 98 41 lio,
252 670 98 41 nisi
313 670 86 41 per
362 670 110 41 actum
435 670 171 41 notionalem
570 670 86 41 qui
619 670 86 41 est
655 670 98 41 nasci,

190 708 74 41 &
220 708 134 41 eodem
309 708 119 41 modo
384 708 104 41 est
443 708 179 41 dicendum
577 708 179 41 visionem
696 708 60 41 Pa

185 740 106 39 tris
251 740 93 39 non
304 740 146 39 tendere
411 740 80 39 in
451 740 133 39 Filium
544 740 146 39 tanquam
651 740 80 39 in
677 740 80 39 obie

187 777 103 38 ctum
251 777 193 38 distinctum,
405 777 103 38 nisi
470 777 90 38 per
521 777 116 38 actum
585 777 167 38 notionalem,

183 812 91 41 qui
235 812 91 41 est
287 812 169 41 generare:
417 812 117 41 Sicut
495 812 104 41 ergo
560 812 156 41 mutuitas
664 812 91 41 cogni

181 843 130 43 tionis
272 843 195 43 attribuitur
428 843 130 43 Patri,
520 843 65 43 &
546 843 117 43 Filio
624 843 91 43 per
663 843 91 43 eorum

186 878 116 45 actus
264 878 194 45 notionales;
418 878 90 45 ita
470 878 65 45 &
496 878 155 45 mutuitas
612 878 129 45 amoris
689 878 65 45 est

184 914 93 40 qua
237 914 119 40 actus
316 914 199 40 notionales,
475 914 146 40 quamuis
581 914 106 40 sint
634 914 119 40 distin-

185 946 82 43 cti
232 946 106 43 inter
303 946 82 43 se,
350 946 82 43 non
397 946 94 43 sunt
456 946 106 43 tamen
526 946 153 43 distincti
644 946 71 43 ab
668 946 82 43 essen

188 986 156 35 tialibus,
308 986 132 35 ldcirco
404 986 108 35 sicut
476 986 108 35 visio
548 986 180 35 essentialis
680 986 72 35 sim-

185 1014 114 49 plex,
261 1014 63 49 &
286 1014 114 49 visio
362 1014 177 49 personalis
501 1014 114 49 mutua
577 1014 88 49 non
628 1014 101 49 sunt
678 1014 76 49 duae

181 1057 166 38 visiones;
309 1057 89 38 ita
360 1057 102 38 amor
424 1057 191 38 essentialis
577 1057 153 38 simplex,
691 1057 64 38 &
704 1057 51 38 a-

184 1093 98 33 mor
240 1093 197 33 personalis
395 1093 141 33 mutuus
493 1093 98 33 non
549 1093 112 33 sunt
620 1093 98 33 duo
662 1093 84 33 amo-

177 1119 112 42 res,
247 1119 98 42 sed
303 1119 112 42 sunt
373 1119 112 42 vnus
443 1119 112 42 amor
512 1119 126 42 aeque
582 1119 168 42 perfectus.

180 1156 68 46 &
208 1156 108 46 ista
275 1156 95 46 est
329 1156 162 46 intentio
451 1156 149 46 Anselmi
559 1156 149 46 Menolg.
654 1156 95 46 capi-

180 1190 98 43 te
229 1190 147 43 primo
327 1190 213 43 dicentis,
490 1190 82 43 &
523 1190 180 43 quoniam
638 1190 114 43 omni-

177 1223 105 42 non
237 1223 120 42 idem
312 1223 105 42 est
372 1223 120 42 quod
447 1223 135 42 amat,
536 1223 75 42 &
566 1223 120 42 quod
626 1223 120 42 amatur

186 1260 72 47 in
222 1260 120 47 patre,
306 1260 60 47 &
330 1260 120 47 filio,
415 1260 132 47 necesse
511 1260 84 47 est
559 1260 72 47 vt
595 1260 132 47 vterque
680 1260 72 47 pari

179 1295 120 45 amore
259 1295 147 45 diligat
365 1295 93 45 se,
418 1295 67 45 &
432 1295 133 45 alterum.

212 1324 149 46 Deficit
321 1324 162 46 secundo,
443 1324 108 46 quia
510 1324 217 46 iucunditatem
673 1324 81 46 diui

187 1362 78 41 ni
226 1362 129 41 amoris
316 1362 142 41 videtur
420 1362 116 41 velle
497 1362 155 41 reducere
614 1362 78 41 in
640 1362 116 41 mutuita

184 1399 93 38 tem
237 1399 199 38 personalem,
396 1399 93 38 cum
449 1399 119 38 tamen
529 1399 119 38 magis
608 1399 93 38 sit
661 1399 66 38 e
674 1399 80 38 con-

182 1433 123 41 uerso,
268 1433 98 41 quia
329 1433 185 41 essentialia
477 1433 86 41 non
526 1433 172 41 reducuntur
662 1433 74 41 in
686 1433 62 41 por

183 1465 147 37 sonalia,
293 1465 86 37 sed
342 1465 171 37 personalia
477 1465 73 37 in
513 1465 196 37 essentialia:
660 1465 98 37 Mutui-

186 1499 88 48 tas
237 1499 101 48 ergo
300 1499 176 48 personalis
438 1499 76 48 in
476 1499 113 48 amore
552 1499 151 48 prouenit
665 1499 76 48 ex
690 1499 63 48 pro

180 1532 159 44 fectione,
302 1532 61 44 &
326 1532 183 44 iucunditate
473 1532 122 44 amoris
559 1532 195 44 essentialis,
717 1532 61 44 &

188 1566 94 42 non
241 1566 67 42 e
268 1566 174 42 conuerso:
402 1566 67 42 &
429 1566 94 42 ita
482 1566 121 42 verba
563 1566 161 42 Riccardi
670 1566 80 42 sunt

186 1601 205 40 intelligenda
353 1601 154 40 dicentis
468 1601 128 40 amorem
558 1601 90 40 non
609 1601 115 40 posse
673 1601 77 40 esse

187 1636 152 45 ucundum,
301 1636 101 45 nisi
364 1636 88 45 sit
415 1636 139 45 mutuus;
516 1636 76 45 ac
554 1636 76 45 si
592 1636 139 45 diceret
680 1636 76 45 quod

182 1671 106 43 siue
248 1671 80 43 in
288 1671 133 43 nobis,
381 1671 106 43 siue
447 1671 80 43 in
487 1671 93 43 Deo
540 1671 186 43 iucunditas
673 1671 80 43 amo-

184 1703 87 41 ris
233 1703 124 41 exigit
320 1703 174 41 distinctas
457 1703 162 41 personas,
582 1703 100 41 inte
644 1703 100 41 quas
694 1703 62 41 sit

181 1739 151 44 mutuitas
294 1739 201 44 impensionis,
457 1739 63 44 &
483 1739 201 44 repensionis;
646 1739 75 44 in
671 1739 75 44 isto

180 1772 117 41 tamen
258 1772 104 41 modo
323 1772 183 41 exigentiae
467 1772 91 41 est
519 1772 117 41 magna
584 1772 170 41 diuersitas:

179 1810 87 38 Nam
228 1810 99 38 quia
290 1810 75 38 in
328 1810 161 38 creaturis
452 1810 124 38 plures
539 1810 149 38 personae
651 1810 75 38 se
675 1810 75 38 amam

183 1842 106 41 tes,
249 1842 66 41 &
276 1842 186 41 redamantes
422 1842 133 41 habent
515 1842 106 41 plus
581 1842 80 41 de
608 1842 146 41 bonitate,

185 1876 63 40 &
211 1876 201 40 amabilitate,
374 1876 100 40 quam
436 1876 88 40 vna
487 1876 100 40 sola
549 1876 151 40 persona,
650 1876 100 40 idcir-

184 1910 79 46 co
223 1910 185 46 plenitudo,
369 1910 66 46 &
396 1910 185 46 iucunditas
541 1910 132 46 amoris
621 1910 132 46 innasci-

190 1949 90 39 tur
241 1949 77 39 ex
280 1949 103 39 ipsa
344 1949 179 39 mutuitate,
485 1949 64 39 &
511 1949 103 39 amor
575 1949 128 39 mutuus
664 1949 90 39 est
703 1949 51 39 in

190 1983 82 43 eis
237 1983 164 43 perfectior
366 1983 105 43 amore
436 1983 152 43 simplici:
553 1983 70 43 In
588 1983 129 43 diuinis
670 1983 82 43 aunte

192 2014 111 48 quia
261 2014 139 48 plures
358 2014 166 48 amantes,
483 2014 69 48 &
511 2014 194 48 redamantes
663 2014 97 48 non
705 2014 55 48 ha

185 2054 104 32 bent
250 2054 104 32 plus
315 2054 78 32 de
354 2054 169 32 bonitate,
483 2054 104 32 quam
548 2054 104 32 vnus
613 2054 130 32 eorum,
691 2054 65 32 so-

186 2080 92 41 lus
239 2080 145 41 idcirco
344 2080 185 41 plenitudo,
489 2080 66 41 &
516 2080 185 41 iucunditas
647 2080 106 41 amoris

183 2116 99 49 non
239 2116 197 49 innascetur
394 2116 84 49 ex
436 2116 197 49 mutuitate,
591 2116 99 49 sed
647 2116 127 49 magis
718 2116 42 49 e

777 179 160 60 conuerso
897 179 160 60 mutuitas
1017 179 187 60 innascetur
1164 179 80 60 ex
1191 179 160 60 plenitudi-

778 226 81 45 ne
819 226 149 45 amoris.
927 226 81 45 Et
968 226 108 45 ideo
1035 226 176 45 Riccardus
1170 226 149 45 nititur
1265 226 81 45 pro-

775 261 108 44 bare
842 261 216 44 pluralitatem
1018 261 189 44 personarum
1166 261 81 44 ex
1193 261 162 44 plenitudi-

770 294 81 47 ne
811 294 149 47 amoris,
919 294 68 47 &
933 294 176 47 sapientiae.

803 330 185 41 Secundum
942 330 139 41 etiam
1034 330 232 41 fundamentum
1204 330 155 41 deficit.

777 362 135 40 Primo,
872 362 108 40 quia
940 362 135 40 volunt
1035 362 190 40 voluntatem
1184 362 108 40 esse
1238 362 122 40 princi-

776 397 108 50 pium
844 397 189 50 spiratiuum
993 397 81 50 ex
1033 397 81 50 se
1074 397 108 50 ipsa
1141 397 122 50 etiam
1209 397 135 50 antequam

773 438 193 34 intelligatur
930 438 145 34 existere
1039 438 73 34 in
1075 438 169 34 suppositis
1208 438 133 34 patris,
1305 438 60 34 &

777 465 127 38 filij,
866 465 102 38 quod
930 465 89 38 est
981 465 140 38 falsum;
1082 465 102 38 quia
1146 465 114 38 sicut
1209 465 140 38 dicebatur

780 502 147 44 superius
890 502 74 44 in
927 502 74 44 7.
964 502 160 44 distinct.
1087 502 74 44 de
1124 502 147 44 potentia
1222 502 123 44 generan-

776 535 102 48 di,
834 535 116 48 quod
906 535 116 48 erat
979 535 160 48 quoddam
1095 535 189 48 absolutum
1240 535 102 48 cum
1283 535 58 48 mo

781 568 70 37 do
816 568 151 37 relatiuo,
932 568 81 37 qui
979 568 81 37 est
1025 568 93 37 ordo
1083 568 70 37 ad
1118 568 116 37 actum,
1199 568 81 37 ita
1245 568 81 37 est
1280 568 58 37 hio

770 604 168 38 dicendum
896 604 84 38 de
938 604 182 38 principio
1077 604 196 38 spiratiuo;
1217 604 126 38 Quamuis

776 641 102 39 ergo
840 641 153 39 voluntas
955 641 90 39 non
1006 641 153 39 acquirat
1122 641 217 39 actualitatem,
1301 641 64 39 &

774 674 213 39 foecunditatem
949 674 75 39 ex
986 674 125 39 patre,
1074 674 63 39 &
1099 674 75 39 ex
1136 674 113 39 filio
1211 674 75 39 in
1236 674 100 39 quibus

770 708 148 43 existit,
881 708 148 43 acquirit
992 708 111 43 tamen
1066 708 173 43 exigentiam
1202 708 74 43 in
1239 708 86 43 eis
1276 708 62 43 con

771 740 203 40 uenientem,
931 740 73 40 &
960 740 160 40 debitum
1077 740 160 40 ordinem
1193 740 87 40 ad
1222 740 116 40 actum;

777 778 94 47 non
830 778 108 47 ergo
898 778 148 47 indiget
1005 778 175 47 concordia
1140 778 135 47 amoris
1221 778 121 47 amborum

776 811 150 44 propter
885 811 245 44 foecunditatem,
1089 811 95 44 sed
1144 811 150 44 propter
1239 811 109 44 conue-

770 850 154 32 nientem
882 850 154 32 ordinem
994 850 84 32 ad
1036 850 140 32 actum,
1135 850 70 32 &
1163 850 112 32 ideo
1219 850 126 32 assumi-

771 876 89 45 tur
822 876 89 45 hic
873 876 89 45 pro
923 876 127 45 causa,
1012 876 101 45 quod
1075 876 89 45 non
1126 876 89 45 est
1164 876 101 45 causa.

800 911 149 41 Deficit
909 911 163 41 secundo,
1031 911 109 41 quia
1099 911 176 41 supponunt
1234 911 81 41 in
1262 911 81 41 isto

771 942 189 44 fundamento
920 942 189 44 concordiam
1069 942 135 44 amoris
1163 942 81 44 se
1204 942 135 44 tenere
1285 942 54 44 ex

777 985 116 36 parte
855 985 168 36 principij
984 985 181 36 spiratiui,
1126 985 116 36 cuius
1190 985 155 36 contrarium

771 1017 160 36 superius
890 1017 93 36 est
944 1017 173 36 ostensum,
1077 1017 173 36 concordia
1210 1017 106 36 enim
1263 1017 80 36 amo-

769 1053 92 45 ris
821 1053 170 45 concurrit
952 1053 79 45 ad
991 1053 118 45 actum
1070 1053 157 45 spirandi
1188 1053 92 45 non
1227 1053 118 45 propter

767 1088 200 37 indigentiam
927 1088 173 37 principij
1060 1088 187 37 spiratiui,
1206 1088 93 37 nec
1260 1088 120 37 etiam

778 1128 135 40 propter
876 1128 185 40 indigentiam
1024 1128 135 40 Patris,
1122 1128 62 40 &
1147 1128 123 40 Filij,
1233 1128 86 40 sed
1270 1128 74 40 pro-

777 1155 102 45 pter
841 1155 205 45 coexigentiam
1008 1155 128 45 ipsius
1097 1155 128 45 actus,
1187 1155 102 45 puta
1251 1155 102 45 quia
1302 1155 51 45 a-

774 1189 109 36 ctus
843 1189 164 36 spirandi
966 1189 137 36 exigit
1062 1189 205 36 fundamentum
1226 1189 96 36 sic
1267 1189 82 36 pro

761 1222 191 44 portionatum

800 1258 162 40 Tertium
918 1258 133 40 autem
1006 1258 221 40 fundamentum
1183 1258 162 40 pariter
1286 1258 59 40 de

769 1293 115 43 ficit
846 1293 77 43 in
884 1293 141 43 duobus,
987 1293 115 43 primo
1064 1293 141 43 quidem,
1166 1293 102 43 quia
1217 1293 128 43 supponit

772 1322 103 49 quod
837 1322 90 49 sit
888 1322 168 49 pribritas
1017 1322 155 49 originis
1133 1322 116 49 inter
1211 1322 142 49 patrem,
1301 1322 39 49 &

771 1361 132 42 filiu,
863 1361 119 42 cuius
942 1361 185 42 contrarium
1087 1361 158 42 probatum
1206 1361 92 42 est
1259 1361 79 42 in
1285 1361 53 42 9.

771 1395 159 37 distinct,
893 1395 147 37 Secundo,
1004 1395 98 37 quia
1065 1395 98 37 dato
1126 1395 98 37 quod
1188 1395 86 37 ibi
1237 1395 86 37 sit
1273 1395 74 37 prio

774 1431 118 46 ritas
853 1431 171 46 originis,
984 1431 92 46 non
1036 1431 118 46 tamen
1115 1431 144 46 propter
1220 1431 92 46 hoc
1259 1431 92 46 sequi

771 1471 109 39 tur,
840 1471 109 39 quod
908 1471 123 39 pater
990 1471 137 39 possit
1085 1471 178 39 producere
1208 1471 137 39 Spiritum

767 1500 167 45 Sanctum
888 1500 121 45 sine
964 1500 152 45 filio:
1070 1500 106 45 Nam
1116 1500 227 45 quantuncunque

764 1533 156 35 haberet
877 1533 128 35 omnem
962 1533 241 35 foecunditatem
1161 1533 85 35 in
1203 1533 128 35 primo
1274 1533 71 35 si-

773 1567 99 45 gno
829 1567 184 45 originis,
971 1567 99 45 non
1028 1567 127 45 tamen
1113 1567 156 45 haberet
1226 1567 99 45 eam
1268 1567 71 45 sub

769 1603 130 47 debito
860 1603 130 47 ordine
951 1603 78 47 ad
990 1603 130 47 actum,
1081 1603 91 47 nec
1133 1603 117 47 etiam
1211 1603 117 47 actus
1276 1603 65 47 spi

769 1642 129 32 randi
855 1642 158 32 haberet
970 1642 115 32 suum
1041 1642 215 32 fundamentum
1214 1642 101 32 sub
1257 1642 86 32 debi

768 1673 75 45 ta
805 1673 187 45 proportione
954 1673 174 45 necessario
1091 1673 174 45 requisita;
1228 1673 100 45 sine
1278 1673 62 45 qua

770 1710 89 45 non
821 1710 128 45 potest
911 1710 102 45 esse
974 1710 115 45 talis
1051 1710 115 45 actus
1127 1710 115 45 prout
1191 1710 153 45 distingui-

765 1745 104 34 tur
825 1745 89 34 ab
869 1745 119 34 actu
943 1745 208 34 generandi,
1107 1745 89 34 vt
1151 1745 178 34 superius
1270 1745 74 34 pa

759 1775 84 40 tuit.

826 1809 161 49 quartum
944 1809 132 49 etiam
1031 1809 220 49 fundamentum
1193 1809 146 49 deficit,

769 1843 105 37 quia
835 1843 105 37 quod
900 1843 118 37 actus
979 1843 158 37 spirandi
1097 1843 92 37 non
1150 1843 131 37 possit
1242 1843 105 37 esse
1294 1843 53 37 in

775 1880 99 39 solo
837 1880 112 39 patre
911 1880 87 39 non
961 1880 87 39 est
1010 1880 136 39 propter
1109 1880 87 39 sui
1147 1880 198 39 dissimilitudi-

773 1914 108 40 nem,
841 1914 95 40 vel
895 1914 149 40 propter
1004 1914 95 40 sui
1058 1914 203 40 incompletam
1207 1914 136 40 existen-

774 1946 105 38 tiam
840 1946 79 38 in
879 1946 92 38 vna
932 1946 105 38 sola
998 1946 158 38 persona,
1116 1946 92 38 sed
1169 1946 145 38 propter
1261 1946 79 38 suam

801 1979 189 43 formalem
943 1979 236 43 exigentiam,
1132 1979 110 43 hoc
1195 1979 126 43 enim
1258 1979 63 43 ex

838 2014 89 51 sua
889 2014 153 51 formali,
1004 2014 64 51 &
1030 2014 179 51 intrinseca
1157 2014 115 51 ratione

879 2049 136 49 exigit:
977 2049 62 49 &
1002 2049 86 49 sic
1051 2049 111 49 patet
1126 2049 99 49 quod
1175 2049 74 49 quae

929 2083 98 46 stio
990 2083 184 46 principalis
1125 2083 61 46 in-

974 2117 239 61 tendebat.
1139 2117 55 61 A
