<?xml version="1.0" encoding="UTF-8"?>
<alto xmlns:xsi="http://www.w3.org/2001/XMLSchema-instance"
      xmlns="http://www.loc.gov/standards/alto/ns-v2#"
      xmlns:page="http://schema.primaresearch.org/PAGE/gts/pagecontent/2013-07-15"
      xsi:schemaLocation="http://www.loc.gov/standards/alto/ns-v2# http://www.loc.gov/standards/alto/alto.xsd">
   <Description>
      <MeasurementUnit>pixel</MeasurementUnit>
      <OCRProcessing ID="IdOcr">
         <ocrProcessingStep>
            <processingDateTime>2020-09-29T17:18:01.585-04:00</processingDateTime>
            <processingSoftware>
               <softwareCreator>READ COOP</softwareCreator>
               <softwareName>Transkribus</softwareName>
            </processingSoftware>
         </ocrProcessingStep>
      </OCRProcessing>
   </Description>
   <Tags/>
   <Layout>
      <Page ID="Page1" PHYSICAL_IMG_NR="1" HEIGHT="2408" WIDTH="1500">
         <TopMargin HEIGHT="0" WIDTH="1500" VPOS="0" HPOS="0"/>
         <LeftMargin HEIGHT="2408" WIDTH="0" VPOS="0" HPOS="0"/>
         <RightMargin HEIGHT="2408" WIDTH="0" VPOS="0" HPOS="1500"/>
         <BottomMargin HEIGHT="0" WIDTH="1500" VPOS="2408" HPOS="0"/>
         <PrintSpace HEIGHT="2408" WIDTH="1500" VPOS="0" HPOS="0">
            <TextBlock ID="TextRegion_1600825035498_332"
                       HEIGHT="2098"
                       WIDTH="597"
                       VPOS="146"
                       HPOS="123">
               <Shape>
                  <Polygon POINTS="123,146 720,146 720,2244 123,2244"/>
               </Shape>
               <TextLine ID="r2l3"
                         BASELINE="234"
                         HEIGHT="55"
                         WIDTH="580"
                         VPOS="179"
                         HPOS="118">
                  <String HEIGHT="55"
                          WIDTH="156"
                          VPOS="179"
                          HPOS="104"
                          CONTENT="additur"/>
                  <SP HEIGHT="55" WIDTH="14" VPOS="179" HPOS="259"/>
                  <String HEIGHT="55"
                          WIDTH="141"
                          VPOS="179"
                          HPOS="217"
                          CONTENT="nomini"/>
                  <SP HEIGHT="55" WIDTH="14" VPOS="179" HPOS="358"/>
                  <String HEIGHT="55"
                          WIDTH="226"
                          VPOS="179"
                          HPOS="316"
                          CONTENT="substantiuo,"/>
                  <SP HEIGHT="55" WIDTH="14" VPOS="179" HPOS="542"/>
                  <String HEIGHT="55"
                          WIDTH="113"
                          VPOS="179"
                          HPOS="500"
                          CONTENT="tunc"/>
                  <SP HEIGHT="55" WIDTH="14" VPOS="179" HPOS="613"/>
                  <String HEIGHT="55"
                          WIDTH="141"
                          VPOS="179"
                          HPOS="557"
                          CONTENT="dependen"/>
               </TextLine>
               <TextLine ID="r2l5"
                         BASELINE="267"
                         HEIGHT="39"
                         WIDTH="571"
                         VPOS="228"
                         HPOS="127">
                  <String HEIGHT="39" WIDTH="93" VPOS="228" HPOS="114" CONTENT="tia"/>
                  <SP HEIGHT="39" WIDTH="13" VPOS="228" HPOS="207"/>
                  <String HEIGHT="39"
                          WIDTH="106"
                          VPOS="228"
                          HPOS="167"
                          CONTENT="eius"/>
                  <SP HEIGHT="39" WIDTH="13" VPOS="228" HPOS="273"/>
                  <String HEIGHT="39"
                          WIDTH="186"
                          VPOS="228"
                          HPOS="233"
                          CONTENT="terminatur"/>
                  <SP HEIGHT="39" WIDTH="13" VPOS="228" HPOS="419"/>
                  <String HEIGHT="39" WIDTH="80" VPOS="228" HPOS="379" CONTENT="ad"/>
                  <SP HEIGHT="39" WIDTH="13" VPOS="228" HPOS="459"/>
                  <String HEIGHT="39"
                          WIDTH="120"
                          VPOS="228"
                          HPOS="419"
                          CONTENT="ipsum"/>
                  <SP HEIGHT="39" WIDTH="13" VPOS="228" HPOS="539"/>
                  <String HEIGHT="39"
                          WIDTH="186"
                          VPOS="228"
                          HPOS="499"
                          CONTENT="immediate,"/>
                  <SP HEIGHT="39" WIDTH="13" VPOS="228" HPOS="685"/>
                  <String HEIGHT="39"
                          WIDTH="66"
                          VPOS="228"
                          HPOS="632"
                          CONTENT="id"
                          SUBS_TYPE="HypPart1"
                          SUBS_CONTENT="idcirco"/>
                  <HYP CONTENT="-"/>
               </TextLine>
               <TextLine ID="r2l7"
                         BASELINE="305"
                         HEIGHT="40"
                         WIDTH="570"
                         VPOS="265"
                         HPOS="127">
                  <String HEIGHT="40"
                          WIDTH="119"
                          VPOS="265"
                          HPOS="114"
                          CONTENT="circo"
                          SUBS_TYPE="HypPart2"
                          SUBS_CONTENT="idcirco"/>
                  <SP HEIGHT="40" WIDTH="13" VPOS="265" HPOS="233"/>
                  <String HEIGHT="40"
                          WIDTH="146"
                          VPOS="265"
                          HPOS="193"
                          CONTENT="videtur"/>
                  <SP HEIGHT="40" WIDTH="13" VPOS="265" HPOS="339"/>
                  <String HEIGHT="40"
                          WIDTH="186"
                          VPOS="265"
                          HPOS="299"
                          CONTENT="necessario"/>
                  <SP HEIGHT="40" WIDTH="13" VPOS="265" HPOS="485"/>
                  <String HEIGHT="40"
                          WIDTH="159"
                          VPOS="265"
                          HPOS="445"
                          CONTENT="numerari"/>
                  <SP HEIGHT="40" WIDTH="13" VPOS="265" HPOS="604"/>
                  <String HEIGHT="40"
                          WIDTH="119"
                          VPOS="265"
                          HPOS="564"
                          CONTENT="forma"/>
                  <SP HEIGHT="40" WIDTH="13" VPOS="265" HPOS="684"/>
                  <String HEIGHT="40"
                          WIDTH="66"
                          VPOS="265"
                          HPOS="631"
                          CONTENT="si"
                          SUBS_TYPE="HypPart1"
                          SUBS_CONTENT="significata"/>
                  <HYP CONTENT="-"/>
               </TextLine>
               <TextLine ID="r2l9"
                         BASELINE="343"
                         HEIGHT="49"
                         WIDTH="580"
                         VPOS="294"
                         HPOS="120">
                  <String HEIGHT="49"
                          WIDTH="180"
                          VPOS="294"
                          HPOS="106"
                          CONTENT="gnificata"
                          SUBS_TYPE="HypPart2"
                          SUBS_CONTENT="significata"/>
                  <SP HEIGHT="49" WIDTH="14" VPOS="294" HPOS="286"/>
                  <String HEIGHT="49" WIDTH="97" VPOS="294" HPOS="244" CONTENT="per"/>
                  <SP HEIGHT="49" WIDTH="14" VPOS="294" HPOS="341"/>
                  <String HEIGHT="49"
                          WIDTH="110"
                          VPOS="294"
                          HPOS="300"
                          CONTENT="tale"/>
                  <SP HEIGHT="49" WIDTH="14" VPOS="294" HPOS="410"/>
                  <String HEIGHT="49"
                          WIDTH="124"
                          VPOS="294"
                          HPOS="369"
                          CONTENT="nomen"/>
                  <SP HEIGHT="49" WIDTH="14" VPOS="294" HPOS="493"/>
                  <String HEIGHT="49"
                          WIDTH="235"
                          VPOS="294"
                          HPOS="451"
                          CONTENT="substantiuum;"/>
                  <SP HEIGHT="49" WIDTH="14" VPOS="294" HPOS="686"/>
                  <String HEIGHT="49" WIDTH="69" VPOS="294" HPOS="631" CONTENT="Qua"/>
               </TextLine>
               <TextLine ID="r2l11"
                         BASELINE="377"
                         HEIGHT="47"
                         WIDTH="569"
                         VPOS="330"
                         HPOS="127">
                  <String HEIGHT="47"
                          WIDTH="142"
                          VPOS="330"
                          HPOS="114"
                          CONTENT="propter"/>
                  <SP HEIGHT="47" WIDTH="13" VPOS="330" HPOS="256"/>
                  <String HEIGHT="47" WIDTH="91" VPOS="330" HPOS="218" CONTENT="non"/>
                  <SP HEIGHT="47" WIDTH="13" VPOS="330" HPOS="308"/>
                  <String HEIGHT="47"
                          WIDTH="155"
                          VPOS="330"
                          HPOS="269"
                          CONTENT="possumus"/>
                  <SP HEIGHT="47" WIDTH="13" VPOS="330" HPOS="424"/>
                  <String HEIGHT="47"
                          WIDTH="129"
                          VPOS="330"
                          HPOS="386"
                          CONTENT="dicere"/>
                  <SP HEIGHT="47" WIDTH="13" VPOS="330" HPOS="515"/>
                  <String HEIGHT="47"
                          WIDTH="103"
                          VPOS="330"
                          HPOS="476"
                          CONTENT="esse"/>
                  <SP HEIGHT="47" WIDTH="13" VPOS="330" HPOS="580"/>
                  <String HEIGHT="47"
                          WIDTH="129"
                          VPOS="330"
                          HPOS="541"
                          CONTENT="plures"/>
                  <SP HEIGHT="47" WIDTH="13" VPOS="330" HPOS="670"/>
                  <String HEIGHT="47" WIDTH="78" VPOS="330" HPOS="618" CONTENT="crea"/>
               </TextLine>
               <TextLine ID="r2l13"
                         BASELINE="412"
                         HEIGHT="42"
                         WIDTH="565"
                         VPOS="370"
                         HPOS="129">
                  <String HEIGHT="42"
                          WIDTH="126"
                          VPOS="370"
                          HPOS="116"
                          CONTENT="tores,"/>
                  <SP HEIGHT="42" WIDTH="13" VPOS="370" HPOS="242"/>
                  <String HEIGHT="42"
                          WIDTH="100"
                          VPOS="370"
                          HPOS="204"
                          CONTENT="quia"/>
                  <SP HEIGHT="42" WIDTH="13" VPOS="370" HPOS="305"/>
                  <String HEIGHT="42" WIDTH="88" VPOS="370" HPOS="267" CONTENT="vis"/>
                  <SP HEIGHT="42" WIDTH="13" VPOS="370" HPOS="355"/>
                  <String HEIGHT="42"
                          WIDTH="163"
                          VPOS="370"
                          HPOS="317"
                          CONTENT="creatiua,"/>
                  <SP HEIGHT="42" WIDTH="13" VPOS="370" HPOS="481"/>
                  <String HEIGHT="42" WIDTH="63" VPOS="370" HPOS="443" CONTENT="&amp;"/>
                  <SP HEIGHT="42" WIDTH="13" VPOS="370" HPOS="506"/>
                  <String HEIGHT="42"
                          WIDTH="163"
                          VPOS="370"
                          HPOS="468"
                          CONTENT="spiratiua"/>
                  <SP HEIGHT="42" WIDTH="13" VPOS="370" HPOS="631"/>
                  <String HEIGHT="42" WIDTH="88" VPOS="370" HPOS="594" CONTENT="non"/>
                  <SP HEIGHT="42" WIDTH="13" VPOS="370" HPOS="681"/>
                  <String HEIGHT="42" WIDTH="63" VPOS="370" HPOS="631" CONTENT="plu"/>
               </TextLine>
               <TextLine ID="r2l17"
                         BASELINE="445"
                         HEIGHT="44"
                         WIDTH="153"
                         VPOS="401"
                         HPOS="125">
                  <String HEIGHT="44"
                          WIDTH="181"
                          VPOS="401"
                          HPOS="97"
                          CONTENT="rificantur."/>
               </TextLine>
               <TextLine ID="r2l19"
                         BASELINE="475"
                         HEIGHT="50"
                         WIDTH="538"
                         VPOS="425"
                         HPOS="165">
                  <String HEIGHT="50"
                          WIDTH="145"
                          VPOS="425"
                          HPOS="150"
                          CONTENT="Primus"/>
                  <SP HEIGHT="50" WIDTH="15" VPOS="425" HPOS="296"/>
                  <String HEIGHT="50"
                          WIDTH="131"
                          VPOS="425"
                          HPOS="252"
                          CONTENT="modus"/>
                  <SP HEIGHT="50" WIDTH="15" VPOS="425" HPOS="383"/>
                  <String HEIGHT="50"
                          WIDTH="160"
                          VPOS="425"
                          HPOS="339"
                          CONTENT="dicendi"/>
                  <SP HEIGHT="50" WIDTH="15" VPOS="425" HPOS="499"/>
                  <String HEIGHT="50"
                          WIDTH="116"
                          VPOS="425"
                          HPOS="456"
                          CONTENT="mihi"/>
                  <SP HEIGHT="50" WIDTH="15" VPOS="425" HPOS="572"/>
                  <String HEIGHT="50" WIDTH="102" VPOS="425" HPOS="529" CONTENT="non"/>
                  <SP HEIGHT="50" WIDTH="15" VPOS="425" HPOS="630"/>
                  <String HEIGHT="50"
                          WIDTH="131"
                          VPOS="425"
                          HPOS="572"
                          CONTENT="videtur"/>
               </TextLine>
               <TextLine ID="r2l21"
                         BASELINE="512"
                         HEIGHT="32"
                         WIDTH="579"
                         VPOS="480"
                         HPOS="122">
                  <String HEIGHT="32"
                          WIDTH="234"
                          VPOS="480"
                          HPOS="108"
                          CONTENT="rationabilis."/>
                  <SP HEIGHT="32" WIDTH="14" VPOS="480" HPOS="343"/>
                  <String HEIGHT="32" WIDTH="97" VPOS="480" HPOS="301" CONTENT="Tum"/>
                  <SP HEIGHT="32" WIDTH="14" VPOS="480" HPOS="398"/>
                  <String HEIGHT="32"
                          WIDTH="110"
                          VPOS="480"
                          HPOS="356"
                          CONTENT="quia"/>
                  <SP HEIGHT="32" WIDTH="14" VPOS="480" HPOS="467"/>
                  <String HEIGHT="32"
                          WIDTH="179"
                          VPOS="480"
                          HPOS="425"
                          CONTENT="conclusio"/>
                  <SP HEIGHT="32" WIDTH="14" VPOS="480" HPOS="605"/>
                  <String HEIGHT="32" WIDTH="83" VPOS="480" HPOS="563" CONTENT="in"/>
                  <SP HEIGHT="32" WIDTH="14" VPOS="480" HPOS="646"/>
                  <String HEIGHT="32" WIDTH="83" VPOS="480" HPOS="605" CONTENT="se"/>
                  <SP HEIGHT="32" WIDTH="14" VPOS="480" HPOS="687"/>
                  <String HEIGHT="32" WIDTH="69" VPOS="480" HPOS="632" CONTENT="non"/>
               </TextLine>
               <TextLine ID="r2l23"
                         BASELINE="547"
                         HEIGHT="42"
                         WIDTH="562"
                         VPOS="505"
                         HPOS="128">
                  <String HEIGHT="42" WIDTH="96" VPOS="505" HPOS="114" CONTENT="est"/>
                  <SP HEIGHT="42" WIDTH="14" VPOS="505" HPOS="210"/>
                  <String HEIGHT="42"
                          WIDTH="123"
                          VPOS="505"
                          HPOS="169"
                          CONTENT="vera,"/>
                  <SP HEIGHT="42" WIDTH="14" VPOS="505" HPOS="292"/>
                  <String HEIGHT="42" WIDTH="96" VPOS="505" HPOS="251" CONTENT="nam"/>
                  <SP HEIGHT="42" WIDTH="14" VPOS="505" HPOS="347"/>
                  <String HEIGHT="42"
                          WIDTH="151"
                          VPOS="505"
                          HPOS="306"
                          CONTENT="aliquae"/>
                  <SP HEIGHT="42" WIDTH="14" VPOS="505" HPOS="457"/>
                  <String HEIGHT="42"
                          WIDTH="178"
                          VPOS="505"
                          HPOS="416"
                          CONTENT="Sanctorum"/>
                  <SP HEIGHT="42" WIDTH="14" VPOS="505" HPOS="594"/>
                  <String HEIGHT="42"
                          WIDTH="151"
                          VPOS="505"
                          HPOS="539"
                          CONTENT="auctorita"/>
               </TextLine>
               <TextLine ID="r2l25"
                         BASELINE="583"
                         HEIGHT="41"
                         WIDTH="572"
                         VPOS="542"
                         HPOS="130">
                  <String HEIGHT="41" WIDTH="93" VPOS="542" HPOS="117" CONTENT="tes"/>
                  <SP HEIGHT="41" WIDTH="13" VPOS="542" HPOS="210"/>
                  <String HEIGHT="41"
                          WIDTH="160"
                          VPOS="542"
                          HPOS="170"
                          CONTENT="nominare"/>
                  <SP HEIGHT="41" WIDTH="13" VPOS="542" HPOS="330"/>
                  <String HEIGHT="41"
                          WIDTH="160"
                          VPOS="542"
                          HPOS="290"
                          CONTENT="videntur"/>
                  <SP HEIGHT="41" WIDTH="13" VPOS="542" HPOS="449"/>
                  <String HEIGHT="41"
                          WIDTH="146"
                          VPOS="542"
                          HPOS="409"
                          CONTENT="patrem,"/>
                  <SP HEIGHT="41" WIDTH="13" VPOS="542" HPOS="556"/>
                  <String HEIGHT="41" WIDTH="67" VPOS="542" HPOS="516" CONTENT="&amp;"/>
                  <SP HEIGHT="41" WIDTH="13" VPOS="542" HPOS="582"/>
                  <String HEIGHT="41"
                          WIDTH="133"
                          VPOS="542"
                          HPOS="542"
                          CONTENT="filium"/>
                  <SP HEIGHT="41" WIDTH="13" VPOS="542" HPOS="675"/>
                  <String HEIGHT="41" WIDTH="80" VPOS="542" HPOS="622" CONTENT="esse"/>
               </TextLine>
               <TextLine ID="r2l27"
                         BASELINE="624"
                         HEIGHT="49"
                         WIDTH="565"
                         VPOS="575"
                         HPOS="131">
                  <String HEIGHT="49"
                          WIDTH="128"
                          VPOS="575"
                          HPOS="118"
                          CONTENT="plures"/>
                  <SP HEIGHT="49" WIDTH="13" VPOS="575" HPOS="247"/>
                  <String HEIGHT="49"
                          WIDTH="193"
                          VPOS="575"
                          HPOS="208"
                          CONTENT="spiratores."/>
                  <SP HEIGHT="49" WIDTH="13" VPOS="575" HPOS="401"/>
                  <String HEIGHT="49"
                          WIDTH="116"
                          VPOS="575"
                          HPOS="362"
                          CONTENT="Dicit"/>
                  <SP HEIGHT="49" WIDTH="13" VPOS="575" HPOS="478"/>
                  <String HEIGHT="49" WIDTH="64" VPOS="575" HPOS="439" CONTENT="."/>
                  <SP HEIGHT="49" WIDTH="13" VPOS="575" HPOS="503"/>
                  <String HEIGHT="49" WIDTH="77" VPOS="575" HPOS="465" CONTENT="n."/>
                  <SP HEIGHT="49" WIDTH="13" VPOS="575" HPOS="542"/>
                  <String HEIGHT="49"
                          WIDTH="154"
                          VPOS="575"
                          HPOS="503"
                          CONTENT="Hylarius"/>
                  <SP HEIGHT="49" WIDTH="13" VPOS="575" HPOS="657"/>
                  <String HEIGHT="49" WIDTH="77" VPOS="575" HPOS="619" CONTENT="2."/>
                  <SP HEIGHT="49" WIDTH="13" VPOS="575" HPOS="696"/>
                  <String HEIGHT="49" WIDTH="51" VPOS="575" HPOS="645" CONTENT="de"/>
               </TextLine>
               <TextLine ID="r2l29"
                         BASELINE="662"
                         HEIGHT="53"
                         WIDTH="571"
                         VPOS="609"
                         HPOS="130">
                  <String HEIGHT="53"
                          WIDTH="146"
                          VPOS="609"
                          HPOS="117"
                          CONTENT="Trinit."/>
                  <SP HEIGHT="53" WIDTH="13" VPOS="609" HPOS="263"/>
                  <String HEIGHT="53"
                          WIDTH="106"
                          VPOS="609"
                          HPOS="223"
                          CONTENT="quod"/>
                  <SP HEIGHT="53" WIDTH="13" VPOS="609" HPOS="329"/>
                  <String HEIGHT="53"
                          WIDTH="159"
                          VPOS="609"
                          HPOS="289"
                          CONTENT="Spiritus"/>
                  <SP HEIGHT="53" WIDTH="13" VPOS="609" HPOS="449"/>
                  <String HEIGHT="53"
                          WIDTH="146"
                          VPOS="609"
                          HPOS="409"
                          CONTENT="Sanctus"/>
                  <SP HEIGHT="53" WIDTH="13" VPOS="609" HPOS="555"/>
                  <String HEIGHT="53"
                          WIDTH="159"
                          VPOS="609"
                          HPOS="515"
                          CONTENT="procedit"/>
                  <SP HEIGHT="53" WIDTH="13" VPOS="609" HPOS="674"/>
                  <String HEIGHT="53" WIDTH="66" VPOS="609" HPOS="635" CONTENT="a"/>
                  <SP HEIGHT="53" WIDTH="13" VPOS="609" HPOS="701"/>
                  <String HEIGHT="53" WIDTH="53" VPOS="609" HPOS="648" CONTENT="pa"/>
               </TextLine>
               <TextLine ID="r2l31"
                         BASELINE="691"
                         HEIGHT="45"
                         WIDTH="575"
                         VPOS="646"
                         HPOS="126">
                  <String HEIGHT="45" WIDTH="94" VPOS="646" HPOS="113" CONTENT="tre"/>
                  <SP HEIGHT="45" WIDTH="13" VPOS="646" HPOS="206"/>
                  <String HEIGHT="45" WIDTH="67" VPOS="646" HPOS="166" CONTENT="&amp;"/>
                  <SP HEIGHT="45" WIDTH="13" VPOS="646" HPOS="233"/>
                  <String HEIGHT="45"
                          WIDTH="120"
                          VPOS="646"
                          HPOS="193"
                          CONTENT="filio"/>
                  <SP HEIGHT="45" WIDTH="13" VPOS="646" HPOS="313"/>
                  <String HEIGHT="45"
                          WIDTH="201"
                          VPOS="646"
                          HPOS="273"
                          CONTENT="auctoribus,"/>
                  <SP HEIGHT="45" WIDTH="13" VPOS="646" HPOS="474"/>
                  <String HEIGHT="45"
                          WIDTH="107"
                          VPOS="646"
                          HPOS="434"
                          CONTENT="quod"/>
                  <SP HEIGHT="45" WIDTH="13" VPOS="646" HPOS="541"/>
                  <String HEIGHT="45"
                          WIDTH="107"
                          VPOS="646"
                          HPOS="500"
                          CONTENT="idem"/>
                  <SP HEIGHT="45" WIDTH="13" VPOS="646" HPOS="607"/>
                  <String HEIGHT="45"
                          WIDTH="107"
                          VPOS="646"
                          HPOS="567"
                          CONTENT="est,"/>
                  <SP HEIGHT="45" WIDTH="13" VPOS="646" HPOS="674"/>
                  <String HEIGHT="45" WIDTH="80" VPOS="646" HPOS="621" CONTENT="quod"/>
               </TextLine>
               <TextLine ID="r2l33"
                         BASELINE="722"
                         HEIGHT="42"
                         WIDTH="571"
                         VPOS="680"
                         HPOS="124">
                  <String HEIGHT="42"
                          WIDTH="202"
                          VPOS="680"
                          HPOS="112"
                          CONTENT="spiratoribus."/>
                  <SP HEIGHT="42" WIDTH="12" VPOS="680" HPOS="314"/>
                  <String HEIGHT="42" WIDTH="83" VPOS="680" HPOS="279" CONTENT="Tum"/>
                  <SP HEIGHT="42" WIDTH="12" VPOS="680" HPOS="362"/>
                  <String HEIGHT="42" WIDTH="95" VPOS="680" HPOS="326" CONTENT="quia"/>
                  <SP HEIGHT="42" WIDTH="12" VPOS="680" HPOS="421"/>
                  <String HEIGHT="42" WIDTH="83" VPOS="680" HPOS="386" CONTENT="non"/>
                  <SP HEIGHT="42" WIDTH="12" VPOS="680" HPOS="469"/>
                  <String HEIGHT="42" WIDTH="83" VPOS="680" HPOS="433" CONTENT="est"/>
                  <SP HEIGHT="42" WIDTH="12" VPOS="680" HPOS="517"/>
                  <String HEIGHT="42" WIDTH="83" VPOS="680" HPOS="481" CONTENT="par"/>
                  <SP HEIGHT="42" WIDTH="12" VPOS="680" HPOS="564"/>
                  <String HEIGHT="42"
                          WIDTH="107"
                          VPOS="680"
                          HPOS="528"
                          CONTENT="ratio"/>
                  <SP HEIGHT="42" WIDTH="12" VPOS="680" HPOS="636"/>
                  <String HEIGHT="42" WIDTH="71" VPOS="680" HPOS="600" CONTENT="de"/>
                  <SP HEIGHT="42" WIDTH="12" VPOS="680" HPOS="671"/>
                  <String HEIGHT="42" WIDTH="71" VPOS="680" HPOS="624" CONTENT="crea"/>
               </TextLine>
               <TextLine ID="r2l35"
                         BASELINE="762"
                         HEIGHT="43"
                         WIDTH="577"
                         VPOS="719"
                         HPOS="124">
                  <String HEIGHT="43" WIDTH="99" VPOS="719" HPOS="110" CONTENT="re,"/>
                  <SP HEIGHT="43" WIDTH="14" VPOS="719" HPOS="208"/>
                  <String HEIGHT="43" WIDTH="70" VPOS="719" HPOS="166" CONTENT="&amp;"/>
                  <SP HEIGHT="43" WIDTH="14" VPOS="719" HPOS="237"/>
                  <String HEIGHT="43"
                          WIDTH="169"
                          VPOS="719"
                          HPOS="194"
                          CONTENT="spirare:"/>
                  <SP HEIGHT="43" WIDTH="14" VPOS="719" HPOS="363"/>
                  <String HEIGHT="43" WIDTH="99" VPOS="719" HPOS="321" CONTENT="Nam"/>
                  <SP HEIGHT="43" WIDTH="14" VPOS="719" HPOS="420"/>
                  <String HEIGHT="43" WIDTH="99" VPOS="719" HPOS="377" CONTENT="hoc"/>
                  <SP HEIGHT="43" WIDTH="14" VPOS="719" HPOS="476"/>
                  <String HEIGHT="43"
                          WIDTH="127"
                          VPOS="719"
                          HPOS="434"
                          CONTENT="nomen"/>
                  <SP HEIGHT="43" WIDTH="14" VPOS="719" HPOS="560"/>
                  <String HEIGHT="43"
                          WIDTH="197"
                          VPOS="719"
                          HPOS="504"
                          CONTENT="substantiuum"/>
               </TextLine>
               <TextLine ID="r2l37"
                         BASELINE="797"
                         HEIGHT="42"
                         WIDTH="570"
                         VPOS="755"
                         HPOS="131">
                  <String HEIGHT="42"
                          WIDTH="155"
                          VPOS="755"
                          HPOS="118"
                          CONTENT="creator,"/>
                  <SP HEIGHT="42" WIDTH="13" VPOS="755" HPOS="274"/>
                  <String HEIGHT="42"
                          WIDTH="181"
                          VPOS="755"
                          HPOS="235"
                          CONTENT="significat"/>
                  <SP HEIGHT="42" WIDTH="13" VPOS="755" HPOS="416"/>
                  <String HEIGHT="42"
                          WIDTH="117"
                          VPOS="755"
                          HPOS="377"
                          CONTENT="talem"/>
                  <SP HEIGHT="42" WIDTH="13" VPOS="755" HPOS="494"/>
                  <String HEIGHT="42"
                          WIDTH="143"
                          VPOS="755"
                          HPOS="455"
                          CONTENT="formam,"/>
                  <SP HEIGHT="42" WIDTH="13" VPOS="755" HPOS="597"/>
                  <String HEIGHT="42" WIDTH="91" VPOS="755" HPOS="559" CONTENT="cui"/>
                  <SP HEIGHT="42" WIDTH="13" VPOS="755" HPOS="649"/>
                  <String HEIGHT="42"
                          WIDTH="104"
                          VPOS="755"
                          HPOS="597"
                          CONTENT="potest"/>
               </TextLine>
               <TextLine ID="r2l39"
                         BASELINE="827"
                         HEIGHT="36"
                         WIDTH="575"
                         VPOS="791"
                         HPOS="129">
                  <String HEIGHT="36"
                          WIDTH="141"
                          VPOS="791"
                          HPOS="117"
                          CONTENT="attribui"/>
                  <SP HEIGHT="36" WIDTH="12" VPOS="791" HPOS="258"/>
                  <String HEIGHT="36"
                          WIDTH="106"
                          VPOS="791"
                          HPOS="223"
                          CONTENT="actus"/>
                  <SP HEIGHT="36" WIDTH="12" VPOS="791" HPOS="328"/>
                  <String HEIGHT="36"
                          WIDTH="141"
                          VPOS="791"
                          HPOS="293"
                          CONTENT="creandi,"/>
                  <SP HEIGHT="36" WIDTH="12" VPOS="791" HPOS="434"/>
                  <String HEIGHT="36"
                          WIDTH="188"
                          VPOS="791"
                          HPOS="399"
                          CONTENT="attribuitur,"/>
                  <SP HEIGHT="36" WIDTH="12" VPOS="791" HPOS="587"/>
                  <String HEIGHT="36" WIDTH="59" VPOS="791" HPOS="551" CONTENT="n"/>
                  <SP HEIGHT="36" WIDTH="12" VPOS="791" HPOS="610"/>
                  <String HEIGHT="36" WIDTH="94" VPOS="791" HPOS="575" CONTENT="act)"/>
                  <SP HEIGHT="36" WIDTH="12" VPOS="791" HPOS="669"/>
                  <String HEIGHT="36"
                          WIDTH="82"
                          VPOS="791"
                          HPOS="622"
                          CONTENT="cream"/>
               </TextLine>
               <TextLine ID="r2l41"
                         BASELINE="861"
                         HEIGHT="42"
                         WIDTH="576"
                         VPOS="819"
                         HPOS="127">
                  <String HEIGHT="42" WIDTH="69" VPOS="819" HPOS="115" CONTENT="di"/>
                  <SP HEIGHT="42" WIDTH="12" VPOS="819" HPOS="185"/>
                  <String HEIGHT="42" WIDTH="92" VPOS="819" HPOS="150" CONTENT="ipsi"/>
                  <SP HEIGHT="42" WIDTH="12" VPOS="819" HPOS="242"/>
                  <String HEIGHT="42"
                          WIDTH="150"
                          VPOS="819"
                          HPOS="208"
                          CONTENT="essentiae"/>
                  <SP HEIGHT="42" WIDTH="12" VPOS="819" HPOS="357"/>
                  <String HEIGHT="42" WIDTH="92" VPOS="819" HPOS="323" CONTENT="quod"/>
                  <SP HEIGHT="42" WIDTH="12" VPOS="819" HPOS="415"/>
                  <String HEIGHT="42" WIDTH="81" VPOS="819" HPOS="380" CONTENT="est"/>
                  <SP HEIGHT="42" WIDTH="12" VPOS="819" HPOS="461"/>
                  <String HEIGHT="42"
                          WIDTH="115"
                          VPOS="819"
                          HPOS="427"
                          CONTENT="virtus"/>
                  <SP HEIGHT="42" WIDTH="12" VPOS="819" HPOS="542"/>
                  <String HEIGHT="42"
                          WIDTH="150"
                          VPOS="819"
                          HPOS="507"
                          CONTENT="creatiua,"/>
                  <SP HEIGHT="42" WIDTH="12" VPOS="819" HPOS="657"/>
                  <String HEIGHT="42" WIDTH="58" VPOS="819" HPOS="622" CONTENT="&amp;"/>
                  <SP HEIGHT="42" WIDTH="12" VPOS="819" HPOS="680"/>
                  <String HEIGHT="42" WIDTH="69" VPOS="819" HPOS="634" CONTENT="ideo"/>
               </TextLine>
               <TextLine ID="r2l43"
                         BASELINE="900"
                         HEIGHT="40"
                         WIDTH="574"
                         VPOS="860"
                         HPOS="129">
                  <String HEIGHT="40" WIDTH="84" VPOS="860" HPOS="115" CONTENT="ei"/>
                  <SP HEIGHT="40" WIDTH="14" VPOS="860" HPOS="199"/>
                  <String HEIGHT="40"
                          WIDTH="182"
                          VPOS="860"
                          HPOS="157"
                          CONTENT="adderetur"/>
                  <SP HEIGHT="40" WIDTH="14" VPOS="860" HPOS="339"/>
                  <String HEIGHT="40"
                          WIDTH="168"
                          VPOS="860"
                          HPOS="297"
                          CONTENT="terminus"/>
                  <SP HEIGHT="40" WIDTH="14" VPOS="860" HPOS="465"/>
                  <String HEIGHT="40"
                          WIDTH="182"
                          VPOS="860"
                          HPOS="423"
                          CONTENT="numeralis"/>
                  <SP HEIGHT="40" WIDTH="14" VPOS="860" HPOS="605"/>
                  <String HEIGHT="40"
                          WIDTH="140"
                          VPOS="860"
                          HPOS="563"
                          CONTENT="omnino"/>
                  <SP HEIGHT="40" WIDTH="14" VPOS="860" HPOS="703"/>
                  <String HEIGHT="40" WIDTH="56" VPOS="860" HPOS="647" CONTENT="vi"/>
               </TextLine>
               <TextLine ID="r2l45"
                         BASELINE="942"
                         HEIGHT="50"
                         WIDTH="574"
                         VPOS="892"
                         HPOS="130">
                  <String HEIGHT="50"
                          WIDTH="123"
                          VPOS="892"
                          HPOS="116"
                          CONTENT="detur"/>
                  <SP HEIGHT="50" WIDTH="14" VPOS="892" HPOS="239"/>
                  <String HEIGHT="50"
                          WIDTH="164"
                          VPOS="892"
                          HPOS="198"
                          CONTENT="numerari"/>
                  <SP HEIGHT="50" WIDTH="14" VPOS="892" HPOS="362"/>
                  <String HEIGHT="50"
                          WIDTH="178"
                          VPOS="892"
                          HPOS="321"
                          CONTENT="essentia;"/>
                  <SP HEIGHT="50" WIDTH="14" VPOS="892" HPOS="499"/>
                  <String HEIGHT="50" WIDTH="96" VPOS="892" HPOS="458" CONTENT="non"/>
                  <SP HEIGHT="50" WIDTH="14" VPOS="892" HPOS="554"/>
                  <String HEIGHT="50" WIDTH="96" VPOS="892" HPOS="513" CONTENT="sic"/>
                  <SP HEIGHT="50" WIDTH="14" VPOS="892" HPOS="608"/>
                  <String HEIGHT="50"
                          WIDTH="123"
                          VPOS="892"
                          HPOS="567"
                          CONTENT="autem"/>
                  <SP HEIGHT="50" WIDTH="14" VPOS="892" HPOS="690"/>
                  <String HEIGHT="50" WIDTH="68" VPOS="892" HPOS="636" CONTENT="con"/>
               </TextLine>
               <TextLine ID="r2l47"
                         BASELINE="971"
                         HEIGHT="43"
                         WIDTH="569"
                         VPOS="928"
                         HPOS="132">
                  <String HEIGHT="43"
                          WIDTH="129"
                          VPOS="928"
                          HPOS="119"
                          CONTENT="tingit"/>
                  <SP HEIGHT="43" WIDTH="13" VPOS="928" HPOS="248"/>
                  <String HEIGHT="43" WIDTH="78" VPOS="928" HPOS="210" CONTENT="de"/>
                  <SP HEIGHT="43" WIDTH="13" VPOS="928" HPOS="287"/>
                  <String HEIGHT="43" WIDTH="91" VPOS="928" HPOS="248" CONTENT="hoc"/>
                  <SP HEIGHT="43" WIDTH="13" VPOS="928" HPOS="339"/>
                  <String HEIGHT="43"
                          WIDTH="129"
                          VPOS="928"
                          HPOS="300"
                          CONTENT="nomine"/>
                  <SP HEIGHT="43" WIDTH="13" VPOS="928" HPOS="429"/>
                  <String HEIGHT="43"
                          WIDTH="168"
                          VPOS="928"
                          HPOS="391"
                          CONTENT="spirator,"/>
                  <SP HEIGHT="43" WIDTH="13" VPOS="928" HPOS="559"/>
                  <String HEIGHT="43"
                          WIDTH="103"
                          VPOS="928"
                          HPOS="520"
                          CONTENT="quia"/>
                  <SP HEIGHT="43" WIDTH="13" VPOS="928" HPOS="623"/>
                  <String HEIGHT="43"
                          WIDTH="129"
                          VPOS="928"
                          HPOS="572"
                          CONTENT="signifi"
                          SUBS_TYPE="HypPart1"
                          SUBS_CONTENT="significat"/>
                  <HYP CONTENT="-"/>
               </TextLine>
               <TextLine ID="r2l49"
                         BASELINE="1007"
                         HEIGHT="39"
                         WIDTH="576"
                         VPOS="968"
                         HPOS="128">
                  <String HEIGHT="39"
                          WIDTH="92"
                          VPOS="968"
                          HPOS="115"
                          CONTENT="cat"
                          SUBS_TYPE="HypPart2"
                          SUBS_CONTENT="significat"/>
                  <SP HEIGHT="39" WIDTH="13" VPOS="968" HPOS="207"/>
                  <String HEIGHT="39"
                          WIDTH="118"
                          VPOS="968"
                          HPOS="167"
                          CONTENT="talem"/>
                  <SP HEIGHT="39" WIDTH="13" VPOS="968" HPOS="285"/>
                  <String HEIGHT="39"
                          WIDTH="144"
                          VPOS="968"
                          HPOS="246"
                          CONTENT="formam,"/>
                  <SP HEIGHT="39" WIDTH="13" VPOS="968" HPOS="390"/>
                  <String HEIGHT="39" WIDTH="92" VPOS="968" HPOS="351" CONTENT="cui"/>
                  <SP HEIGHT="39" WIDTH="13" VPOS="968" HPOS="442"/>
                  <String HEIGHT="39" WIDTH="92" VPOS="968" HPOS="403" CONTENT="non"/>
                  <SP HEIGHT="39" WIDTH="13" VPOS="968" HPOS="495"/>
                  <String HEIGHT="39"
                          WIDTH="131"
                          VPOS="968"
                          HPOS="455"
                          CONTENT="potest"/>
                  <SP HEIGHT="39" WIDTH="13" VPOS="968" HPOS="586"/>
                  <String HEIGHT="39"
                          WIDTH="157"
                          VPOS="968"
                          HPOS="547"
                          CONTENT="attribui"/>
                  <SP HEIGHT="39" WIDTH="13" VPOS="968" HPOS="704"/>
                  <String HEIGHT="39"
                          WIDTH="52"
                          VPOS="968"
                          HPOS="652"
                          CONTENT="a"
                          SUBS_TYPE="HypPart1"
                          SUBS_CONTENT="actus"/>
                  <HYP CONTENT="-"/>
               </TextLine>
               <TextLine ID="r2l51"
                         BASELINE="1047"
                         HEIGHT="49"
                         WIDTH="582"
                         VPOS="998"
                         HPOS="120">
                  <String HEIGHT="49"
                          WIDTH="111"
                          VPOS="998"
                          HPOS="106"
                          CONTENT="ctus"
                          SUBS_TYPE="HypPart2"
                          SUBS_CONTENT="actus"/>
                  <SP HEIGHT="49" WIDTH="14" VPOS="998" HPOS="217"/>
                  <String HEIGHT="49"
                          WIDTH="180"
                          VPOS="998"
                          HPOS="175"
                          CONTENT="spirandi,"/>
                  <SP HEIGHT="49" WIDTH="14" VPOS="998" HPOS="356"/>
                  <String HEIGHT="49"
                          WIDTH="111"
                          VPOS="998"
                          HPOS="314"
                          CONTENT="immo"/>
                  <SP HEIGHT="49" WIDTH="14" VPOS="998" HPOS="425"/>
                  <String HEIGHT="49"
                          WIDTH="125"
                          VPOS="998"
                          HPOS="383"
                          CONTENT="solum"/>
                  <SP HEIGHT="49" WIDTH="14" VPOS="998" HPOS="508"/>
                  <String HEIGHT="49"
                          WIDTH="208"
                          VPOS="998"
                          HPOS="466"
                          CONTENT="attribuitur"/>
                  <SP HEIGHT="49" WIDTH="14" VPOS="998" HPOS="674"/>
                  <String HEIGHT="49"
                          WIDTH="83"
                          VPOS="998"
                          HPOS="619"
                          CONTENT="duo"
                          SUBS_TYPE="HypPart1"
                          SUBS_CONTENT="duobus"/>
                  <HYP CONTENT="-"/>
               </TextLine>
               <TextLine ID="r2l53"
                         BASELINE="1079"
                         HEIGHT="47"
                         WIDTH="578"
                         VPOS="1032"
                         HPOS="123">
                  <String HEIGHT="47"
                          WIDTH="88"
                          VPOS="1032"
                          HPOS="110"
                          CONTENT="bus"
                          SUBS_TYPE="HypPart2"
                          SUBS_CONTENT="duobus"/>
                  <SP HEIGHT="47" WIDTH="13" VPOS="1032" HPOS="198"/>
                  <String HEIGHT="47"
                          WIDTH="201"
                          VPOS="1032"
                          HPOS="161"
                          CONTENT="determinatis"/>
                  <SP HEIGHT="47" WIDTH="13" VPOS="1032" HPOS="362"/>
                  <String HEIGHT="47"
                          WIDTH="188"
                          VPOS="1032"
                          HPOS="324"
                          CONTENT="suppositis,"/>
                  <SP HEIGHT="47" WIDTH="13" VPOS="1032" HPOS="513"/>
                  <String HEIGHT="47" WIDTH="75" VPOS="1032" HPOS="475" CONTENT="in"/>
                  <SP HEIGHT="47" WIDTH="13" VPOS="1032" HPOS="550"/>
                  <String HEIGHT="47"
                          WIDTH="126"
                          VPOS="1032"
                          HPOS="513"
                          CONTENT="quibus"/>
                  <SP HEIGHT="47" WIDTH="13" VPOS="1032" HPOS="638"/>
                  <String HEIGHT="47" WIDTH="88" VPOS="1032" HPOS="600" CONTENT="est"/>
                  <SP HEIGHT="47" WIDTH="13" VPOS="1032" HPOS="688"/>
                  <String HEIGHT="47" WIDTH="63" VPOS="1032" HPOS="638" CONTENT="vir"/>
               </TextLine>
               <TextLine ID="r2l55"
                         BASELINE="1108"
                         HEIGHT="40"
                         WIDTH="576"
                         VPOS="1068"
                         HPOS="125">
                  <String HEIGHT="40" WIDTH="98" VPOS="1068" HPOS="111" CONTENT="tus"/>
                  <SP HEIGHT="40" WIDTH="14" VPOS="1068" HPOS="209"/>
                  <String HEIGHT="40"
                          WIDTH="197"
                          VPOS="1068"
                          HPOS="167"
                          CONTENT="spiratiua;"/>
                  <SP HEIGHT="40" WIDTH="14" VPOS="1068" HPOS="364"/>
                  <String HEIGHT="40"
                          WIDTH="197"
                          VPOS="1068"
                          HPOS="322"
                          CONTENT="Quapropter"/>
                  <SP HEIGHT="40" WIDTH="14" VPOS="1068" HPOS="518"/>
                  <String HEIGHT="40"
                          WIDTH="169"
                          VPOS="1068"
                          HPOS="476"
                          CONTENT="terminus"/>
                  <SP HEIGHT="40" WIDTH="14" VPOS="1068" HPOS="645"/>
                  <String HEIGHT="40"
                          WIDTH="112"
                          VPOS="1068"
                          HPOS="589"
                          CONTENT="numera"/>
               </TextLine>
               <TextLine ID="r2l57"
                         BASELINE="1146"
                         HEIGHT="43"
                         WIDTH="578"
                         VPOS="1103"
                         HPOS="127">
                  <String HEIGHT="43" WIDTH="94" VPOS="1103" HPOS="114" CONTENT="lis"/>
                  <SP HEIGHT="43" WIDTH="13" VPOS="1103" HPOS="208"/>
                  <String HEIGHT="43"
                          WIDTH="108"
                          VPOS="1103"
                          HPOS="167"
                          CONTENT="sibi"/>
                  <SP HEIGHT="43" WIDTH="13" VPOS="1103" HPOS="275"/>
                  <String HEIGHT="43"
                          WIDTH="148"
                          VPOS="1103"
                          HPOS="235"
                          CONTENT="additus"/>
                  <SP HEIGHT="43" WIDTH="13" VPOS="1103" HPOS="382"/>
                  <String HEIGHT="43" WIDTH="94" VPOS="1103" HPOS="342" CONTENT="non"/>
                  <SP HEIGHT="43" WIDTH="13" VPOS="1103" HPOS="436"/>
                  <String HEIGHT="43"
                          WIDTH="175"
                          VPOS="1103"
                          HPOS="396"
                          CONTENT="numerabit"/>
                  <SP HEIGHT="43" WIDTH="13" VPOS="1103" HPOS="571"/>
                  <String HEIGHT="43"
                          WIDTH="148"
                          VPOS="1103"
                          HPOS="530"
                          CONTENT="formam,"/>
                  <SP HEIGHT="43" WIDTH="13" VPOS="1103" HPOS="678"/>
                  <String HEIGHT="43" WIDTH="94" VPOS="1103" HPOS="638" CONTENT="sed"/>
                  <SP HEIGHT="43" WIDTH="13" VPOS="1103" HPOS="732"/>
                  <String HEIGHT="43" WIDTH="27" VPOS="1103" HPOS="678" CONTENT=""/>
               </TextLine>
               <TextLine ID="r2l59"
                         BASELINE="1182"
                         HEIGHT="43"
                         WIDTH="537"
                         VPOS="1139"
                         HPOS="121">
                  <String HEIGHT="43"
                          WIDTH="179"
                          VPOS="1139"
                          HPOS="108"
                          CONTENT="supposita,"/>
                  <SP HEIGHT="43" WIDTH="13" VPOS="1139" HPOS="287"/>
                  <String HEIGHT="43"
                          WIDTH="128"
                          VPOS="1139"
                          HPOS="249"
                          CONTENT="quibus"/>
                  <SP HEIGHT="43" WIDTH="13" VPOS="1139" HPOS="377"/>
                  <String HEIGHT="43"
                          WIDTH="192"
                          VPOS="1139"
                          HPOS="338"
                          CONTENT="attribuitur"/>
                  <SP HEIGHT="43" WIDTH="13" VPOS="1139" HPOS="530"/>
                  <String HEIGHT="43"
                          WIDTH="115"
                          VPOS="1139"
                          HPOS="492"
                          CONTENT="talis"/>
                  <SP HEIGHT="43" WIDTH="13" VPOS="1139" HPOS="607"/>
                  <String HEIGHT="43"
                          WIDTH="102"
                          VPOS="1139"
                          HPOS="556"
                          CONTENT="actus."/>
               </TextLine>
               <TextLine ID="r2l61"
                         BASELINE="1222"
                         HEIGHT="50"
                         WIDTH="542"
                         VPOS="1172"
                         HPOS="163">
                  <String HEIGHT="50" WIDTH="83" VPOS="1172" HPOS="149" CONTENT="Ad"/>
                  <SP HEIGHT="50" WIDTH="14" VPOS="1172" HPOS="232"/>
                  <String HEIGHT="50"
                          WIDTH="167"
                          VPOS="1172"
                          HPOS="191"
                          CONTENT="rationes"/>
                  <SP HEIGHT="50" WIDTH="14" VPOS="1172" HPOS="358"/>
                  <String HEIGHT="50"
                          WIDTH="153"
                          VPOS="1172"
                          HPOS="316"
                          CONTENT="illorum"/>
                  <SP HEIGHT="50" WIDTH="14" VPOS="1172" HPOS="469"/>
                  <String HEIGHT="50"
                          WIDTH="125"
                          VPOS="1172"
                          HPOS="427"
                          CONTENT="dico,"/>
                  <SP HEIGHT="50" WIDTH="14" VPOS="1172" HPOS="552"/>
                  <String HEIGHT="50"
                          WIDTH="111"
                          VPOS="1172"
                          HPOS="510"
                          CONTENT="quod"/>
                  <SP HEIGHT="50" WIDTH="14" VPOS="1172" HPOS="622"/>
                  <String HEIGHT="50"
                          WIDTH="139"
                          VPOS="1172"
                          HPOS="566"
                          CONTENT="fundamen"/>
               </TextLine>
               <TextLine ID="r2l63"
                         BASELINE="1256"
                         HEIGHT="41"
                         WIDTH="567"
                         VPOS="1215"
                         HPOS="132">
                  <String HEIGHT="41" WIDTH="86" VPOS="1215" HPOS="120" CONTENT="tum"/>
                  <SP HEIGHT="41" WIDTH="12" VPOS="1215" HPOS="206"/>
                  <String HEIGHT="41" WIDTH="86" VPOS="1215" HPOS="169" CONTENT="cui"/>
                  <SP HEIGHT="41" WIDTH="12" VPOS="1215" HPOS="255"/>
                  <String HEIGHT="41"
                          WIDTH="185"
                          VPOS="1215"
                          HPOS="218"
                          CONTENT="innituntur,"/>
                  <SP HEIGHT="41" WIDTH="12" VPOS="1215" HPOS="403"/>
                  <String HEIGHT="41" WIDTH="86" VPOS="1215" HPOS="366" CONTENT="non"/>
                  <SP HEIGHT="41" WIDTH="12" VPOS="1215" HPOS="452"/>
                  <String HEIGHT="41" WIDTH="86" VPOS="1215" HPOS="416" CONTENT="est"/>
                  <SP HEIGHT="41" WIDTH="12" VPOS="1215" HPOS="502"/>
                  <String HEIGHT="41"
                          WIDTH="148"
                          VPOS="1215"
                          HPOS="465"
                          CONTENT="efficax;"/>
                  <SP HEIGHT="41" WIDTH="12" VPOS="1215" HPOS="613"/>
                  <String HEIGHT="41" WIDTH="86" VPOS="1215" HPOS="576" CONTENT="nam"/>
                  <SP HEIGHT="41" WIDTH="12" VPOS="1215" HPOS="662"/>
                  <String HEIGHT="41"
                          WIDTH="86"
                          VPOS="1215"
                          HPOS="613"
                          CONTENT="quam"
                          SUBS_TYPE="HypPart1"
                          SUBS_CONTENT="quamuis"/>
                  <HYP CONTENT="-"/>
               </TextLine>
               <TextLine ID="r2l65"
                         BASELINE="1288"
                         HEIGHT="42"
                         WIDTH="573"
                         VPOS="1246"
                         HPOS="135">
                  <String HEIGHT="42"
                          WIDTH="100"
                          VPOS="1246"
                          HPOS="121"
                          CONTENT="uis"
                          SUBS_TYPE="HypPart2"
                          SUBS_CONTENT="quamuis"/>
                  <SP HEIGHT="42" WIDTH="14" VPOS="1246" HPOS="221"/>
                  <String HEIGHT="42"
                          WIDTH="129"
                          VPOS="1246"
                          HPOS="178"
                          CONTENT="nomen"/>
                  <SP HEIGHT="42" WIDTH="14" VPOS="1246" HPOS="307"/>
                  <String HEIGHT="42"
                          WIDTH="215"
                          VPOS="1246"
                          HPOS="264"
                          CONTENT="adiectiuum,"/>
                  <SP HEIGHT="42" WIDTH="14" VPOS="1246" HPOS="479"/>
                  <String HEIGHT="42" WIDTH="72" VPOS="1246" HPOS="436" CONTENT="&amp;"/>
                  <SP HEIGHT="42" WIDTH="14" VPOS="1246" HPOS="507"/>
                  <String HEIGHT="42"
                          WIDTH="229"
                          VPOS="1246"
                          HPOS="464"
                          CONTENT="substantiuum"/>
                  <SP HEIGHT="42" WIDTH="14" VPOS="1246" HPOS="694"/>
                  <String HEIGHT="42" WIDTH="72" VPOS="1246" HPOS="636" CONTENT="dif"/>
               </TextLine>
               <TextLine ID="r2l67"
                         BASELINE="1321"
                         HEIGHT="41"
                         WIDTH="574"
                         VPOS="1280"
                         HPOS="125">
                  <String HEIGHT="41"
                          WIDTH="140"
                          VPOS="1280"
                          HPOS="111"
                          CONTENT="ferant"/>
                  <SP HEIGHT="41" WIDTH="14" VPOS="1280" HPOS="251"/>
                  <String HEIGHT="41" WIDTH="84" VPOS="1280" HPOS="209" CONTENT="in"/>
                  <SP HEIGHT="41" WIDTH="14" VPOS="1280" HPOS="293"/>
                  <String HEIGHT="41"
                          WIDTH="112"
                          VPOS="1280"
                          HPOS="251"
                          CONTENT="modo"/>
                  <SP HEIGHT="41" WIDTH="14" VPOS="1280" HPOS="363"/>
                  <String HEIGHT="41"
                          WIDTH="238"
                          VPOS="1280"
                          HPOS="321"
                          CONTENT="significandi,"/>
                  <SP HEIGHT="41" WIDTH="14" VPOS="1280" HPOS="559"/>
                  <String HEIGHT="41"
                          WIDTH="196"
                          VPOS="1280"
                          HPOS="503"
                          CONTENT="possunttamen"/>
               </TextLine>
               <TextLine ID="r2l69"
                         BASELINE="1363"
                         HEIGHT="47"
                         WIDTH="568"
                         VPOS="1316"
                         HPOS="128">
                  <String HEIGHT="47"
                          WIDTH="172"
                          VPOS="1316"
                          HPOS="115"
                          CONTENT="conuenire"/>
                  <SP HEIGHT="47" WIDTH="13" VPOS="1316" HPOS="287"/>
                  <String HEIGHT="47" WIDTH="79" VPOS="1316" HPOS="247" CONTENT="in"/>
                  <SP HEIGHT="47" WIDTH="13" VPOS="1316" HPOS="326"/>
                  <String HEIGHT="47"
                          WIDTH="185"
                          VPOS="1316"
                          HPOS="287"
                          CONTENT="principali"/>
                  <SP HEIGHT="47" WIDTH="13" VPOS="1316" HPOS="471"/>
                  <String HEIGHT="47"
                          WIDTH="211"
                          VPOS="1316"
                          HPOS="432"
                          CONTENT="significato,"/>
                  <SP HEIGHT="47" WIDTH="13" VPOS="1316" HPOS="643"/>
                  <String HEIGHT="47" WIDTH="66" VPOS="1316" HPOS="604" CONTENT="&amp;"/>
                  <SP HEIGHT="47" WIDTH="13" VPOS="1316" HPOS="670"/>
                  <String HEIGHT="47"
                          WIDTH="79"
                          VPOS="1316"
                          HPOS="617"
                          CONTENT="quia"/>
               </TextLine>
               <TextLine ID="r2l71"
                         BASELINE="1398"
                         HEIGHT="44"
                         WIDTH="569"
                         VPOS="1354"
                         HPOS="126">
                  <String HEIGHT="44"
                          WIDTH="167"
                          VPOS="1354"
                          HPOS="112"
                          CONTENT="terminus"/>
                  <SP HEIGHT="44" WIDTH="14" VPOS="1354" HPOS="279"/>
                  <String HEIGHT="44"
                          WIDTH="180"
                          VPOS="1354"
                          HPOS="237"
                          CONTENT="numeralis"/>
                  <SP HEIGHT="44" WIDTH="14" VPOS="1354" HPOS="417"/>
                  <String HEIGHT="44"
                          WIDTH="153"
                          VPOS="1354"
                          HPOS="376"
                          CONTENT="numerat"/>
                  <SP HEIGHT="44" WIDTH="14" VPOS="1354" HPOS="528"/>
                  <String HEIGHT="44"
                          WIDTH="194"
                          VPOS="1354"
                          HPOS="487"
                          CONTENT="principale"/>
                  <SP HEIGHT="44" WIDTH="14" VPOS="1354" HPOS="681"/>
                  <String HEIGHT="44"
                          WIDTH="69"
                          VPOS="1354"
                          HPOS="626"
                          CONTENT="si"
                          SUBS_TYPE="HypPart1"
                          SUBS_CONTENT="significatum"/>
                  <HYP CONTENT="-"/>
               </TextLine>
               <TextLine ID="r2l73"
                         BASELINE="1433"
                         HEIGHT="44"
                         WIDTH="577"
                         VPOS="1389"
                         HPOS="127">
                  <String HEIGHT="44"
                          WIDTH="184"
                          VPOS="1389"
                          HPOS="114"
                          CONTENT="gnificatum"
                          SUBS_TYPE="HypPart2"
                          SUBS_CONTENT="significatum"/>
                  <SP HEIGHT="44" WIDTH="13" VPOS="1389" HPOS="297"/>
                  <String HEIGHT="44"
                          WIDTH="144"
                          VPOS="1389"
                          HPOS="258"
                          CONTENT="nominis"/>
                  <SP HEIGHT="44" WIDTH="13" VPOS="1389" HPOS="402"/>
                  <String HEIGHT="44"
                          WIDTH="105"
                          VPOS="1389"
                          HPOS="363"
                          CONTENT="(cui"/>
                  <SP HEIGHT="44" WIDTH="13" VPOS="1389" HPOS="468"/>
                  <String HEIGHT="44"
                          WIDTH="157"
                          VPOS="1389"
                          HPOS="429"
                          CONTENT="additur)"/>
                  <SP HEIGHT="44" WIDTH="13" VPOS="1389" HPOS="586"/>
                  <String HEIGHT="44"
                          WIDTH="144"
                          VPOS="1389"
                          HPOS="547"
                          CONTENT="idcirco"/>
                  <SP HEIGHT="44" WIDTH="13" VPOS="1389" HPOS="691"/>
                  <String HEIGHT="44" WIDTH="66" VPOS="1389" HPOS="638" CONTENT="vbi"/>
               </TextLine>
               <TextLine ID="r2l75"
                         BASELINE="1465"
                         HEIGHT="46"
                         WIDTH="570"
                         VPOS="1419"
                         HPOS="135">
                  <String HEIGHT="46"
                          WIDTH="214"
                          VPOS="1419"
                          HPOS="121"
                          CONTENT="adiectiuum,"/>
                  <SP HEIGHT="46" WIDTH="14" VPOS="1419" HPOS="335"/>
                  <String HEIGHT="46" WIDTH="71" VPOS="1419" HPOS="292" CONTENT="&amp;"/>
                  <SP HEIGHT="46" WIDTH="14" VPOS="1419" HPOS="363"/>
                  <String HEIGHT="46"
                          WIDTH="228"
                          VPOS="1419"
                          HPOS="320"
                          CONTENT="substantiuum"/>
                  <SP HEIGHT="46" WIDTH="14" VPOS="1419" HPOS="548"/>
                  <String HEIGHT="46"
                          WIDTH="200"
                          VPOS="1419"
                          HPOS="506"
                          CONTENT="conueniunt"/>
                  <SP HEIGHT="46" WIDTH="14" VPOS="1419" HPOS="705"/>
                  <String HEIGHT="46" WIDTH="57" VPOS="1419" HPOS="648" CONTENT="in"/>
               </TextLine>
               <TextLine ID="r2l77"
                         BASELINE="1502"
                         HEIGHT="40"
                         WIDTH="568"
                         VPOS="1462"
                         HPOS="135">
                  <String HEIGHT="40"
                          WIDTH="189"
                          VPOS="1462"
                          HPOS="121"
                          CONTENT="principali"/>
                  <SP HEIGHT="40" WIDTH="14" VPOS="1462" HPOS="311"/>
                  <String HEIGHT="40"
                          WIDTH="216"
                          VPOS="1462"
                          HPOS="270"
                          CONTENT="significato,"/>
                  <SP HEIGHT="40" WIDTH="14" VPOS="1462" HPOS="487"/>
                  <String HEIGHT="40"
                          WIDTH="122"
                          VPOS="1462"
                          HPOS="446"
                          CONTENT="eodem"/>
                  <SP HEIGHT="40" WIDTH="14" VPOS="1462" HPOS="568"/>
                  <String HEIGHT="40"
                          WIDTH="108"
                          VPOS="1462"
                          HPOS="527"
                          CONTENT="modo"/>
                  <SP HEIGHT="40" WIDTH="14" VPOS="1462" HPOS="635"/>
                  <String HEIGHT="40"
                          WIDTH="122"
                          VPOS="1462"
                          HPOS="581"
                          CONTENT="numeram"/>
               </TextLine>
               <TextLine ID="r2l79"
                         BASELINE="1536"
                         HEIGHT="41"
                         WIDTH="576"
                         VPOS="1495"
                         HPOS="127">
                  <String HEIGHT="41"
                          WIDTH="101"
                          VPOS="1495"
                          HPOS="113"
                          CONTENT="tur"/>
                  <SP HEIGHT="41" WIDTH="14" VPOS="1495" HPOS="213"/>
                  <String HEIGHT="41"
                          WIDTH="101"
                          VPOS="1495"
                          HPOS="170"
                          CONTENT="per"/>
                  <SP HEIGHT="41" WIDTH="14" VPOS="1495" HPOS="271"/>
                  <String HEIGHT="41"
                          WIDTH="173"
                          VPOS="1495"
                          HPOS="228"
                          CONTENT="terminum"/>
                  <SP HEIGHT="41" WIDTH="14" VPOS="1495" HPOS="401"/>
                  <String HEIGHT="41"
                          WIDTH="187"
                          VPOS="1495"
                          HPOS="357"
                          CONTENT="numeralem"/>
                  <SP HEIGHT="41" WIDTH="14" VPOS="1495" HPOS="545"/>
                  <String HEIGHT="41"
                          WIDTH="101"
                          VPOS="1495"
                          HPOS="501"
                          CONTENT="eis"/>
                  <SP HEIGHT="41" WIDTH="14" VPOS="1495" HPOS="602"/>
                  <String HEIGHT="41"
                          WIDTH="173"
                          VPOS="1495"
                          HPOS="559"
                          CONTENT="additum,"/>
                  <SP HEIGHT="41" WIDTH="14" VPOS="1495" HPOS="732"/>
                  <String HEIGHT="41" WIDTH="29" VPOS="1495" HPOS="674" CONTENT=""/>
               </TextLine>
               <TextLine ID="r2l81"
                         BASELINE="1565"
                         HEIGHT="37"
                         WIDTH="564"
                         VPOS="1528"
                         HPOS="130">
                  <String HEIGHT="37"
                          WIDTH="118"
                          VPOS="1528"
                          HPOS="117"
                          CONTENT="sicut"/>
                  <SP HEIGHT="37" WIDTH="13" VPOS="1528" HPOS="235"/>
                  <String HEIGHT="37"
                          WIDTH="118"
                          VPOS="1528"
                          HPOS="196"
                          CONTENT="patet"/>
                  <SP HEIGHT="37" WIDTH="13" VPOS="1528" HPOS="314"/>
                  <String HEIGHT="37" WIDTH="79" VPOS="1528" HPOS="274" CONTENT="de"/>
                  <SP HEIGHT="37" WIDTH="13" VPOS="1528" HPOS="353"/>
                  <String HEIGHT="37" WIDTH="92" VPOS="1528" HPOS="314" CONTENT="hoc"/>
                  <SP HEIGHT="37" WIDTH="13" VPOS="1528" HPOS="405"/>
                  <String HEIGHT="37"
                          WIDTH="171"
                          VPOS="1528"
                          HPOS="366"
                          CONTENT="adiectiuo"/>
                  <SP HEIGHT="37" WIDTH="13" VPOS="1528" HPOS="537"/>
                  <String HEIGHT="37"
                          WIDTH="197"
                          VPOS="1528"
                          HPOS="497"
                          CONTENT="aedificans,"/>
                  <SP HEIGHT="37" WIDTH="13" VPOS="1528" HPOS="694"/>
                  <String HEIGHT="37" WIDTH="66" VPOS="1528" HPOS="655" CONTENT="&amp;"/>
                  <SP HEIGHT="37" WIDTH="13" VPOS="1528" HPOS="720"/>
                  <String HEIGHT="37" WIDTH="26" VPOS="1528" HPOS="668" CONTENT=""/>
               </TextLine>
               <TextLine ID="r2l83"
                         BASELINE="1605"
                         HEIGHT="45"
                         WIDTH="574"
                         VPOS="1560"
                         HPOS="127">
                  <String HEIGHT="45"
                          WIDTH="100"
                          VPOS="1560"
                          HPOS="113"
                          CONTENT="hoc"/>
                  <SP HEIGHT="45" WIDTH="14" VPOS="1560" HPOS="213"/>
                  <String HEIGHT="45"
                          WIDTH="215"
                          VPOS="1560"
                          HPOS="170"
                          CONTENT="substantiuo"/>
                  <SP HEIGHT="45" WIDTH="14" VPOS="1560" HPOS="385"/>
                  <String HEIGHT="45"
                          WIDTH="230"
                          VPOS="1560"
                          HPOS="342"
                          CONTENT="aedificator,"/>
                  <SP HEIGHT="45" WIDTH="14" VPOS="1560" HPOS="572"/>
                  <String HEIGHT="45"
                          WIDTH="100"
                          VPOS="1560"
                          HPOS="529"
                          CONTENT="nam"/>
                  <SP HEIGHT="45" WIDTH="14" VPOS="1560" HPOS="629"/>
                  <String HEIGHT="45"
                          WIDTH="115"
                          VPOS="1560"
                          HPOS="586"
                          CONTENT="quia"/>
                  <SP HEIGHT="45" WIDTH="14" VPOS="1560" HPOS="701"/>
                  <String HEIGHT="45" WIDTH="57" VPOS="1560" HPOS="644" CONTENT="in"/>
               </TextLine>
               <TextLine ID="r2l88"
                         BASELINE="1642"
                         HEIGHT="46"
                         WIDTH="571"
                         VPOS="1596"
                         HPOS="130">
                  <String HEIGHT="46"
                          WIDTH="182"
                          VPOS="1596"
                          HPOS="117"
                          CONTENT="principali"/>
                  <SP HEIGHT="46" WIDTH="13" VPOS="1596" HPOS="299"/>
                  <String HEIGHT="46"
                          WIDTH="195"
                          VPOS="1596"
                          HPOS="260"
                          CONTENT="significato"/>
                  <SP HEIGHT="46" WIDTH="13" VPOS="1596" HPOS="454"/>
                  <String HEIGHT="46"
                          WIDTH="195"
                          VPOS="1596"
                          HPOS="416"
                          CONTENT="conueniunt,"/>
                  <SP HEIGHT="46" WIDTH="13" VPOS="1596" HPOS="610"/>
                  <String HEIGHT="46"
                          WIDTH="117"
                          VPOS="1596"
                          HPOS="571"
                          CONTENT="sicut"/>
                  <SP HEIGHT="46" WIDTH="13" VPOS="1596" HPOS="688"/>
                  <String HEIGHT="46" WIDTH="65" VPOS="1596" HPOS="636" CONTENT="plu"/>
               </TextLine>
               <TextLine ID="r2l91"
                         BASELINE="1682"
                         HEIGHT="43"
                         WIDTH="566"
                         VPOS="1639"
                         HPOS="133">
                  <String HEIGHT="43"
                          WIDTH="160"
                          VPOS="1639"
                          HPOS="121"
                          CONTENT="rificatur"/>
                  <SP HEIGHT="43" WIDTH="12" VPOS="1639" HPOS="281"/>
                  <String HEIGHT="43"
                          WIDTH="185"
                          VPOS="1639"
                          HPOS="244"
                          CONTENT="aedificans,"/>
                  <SP HEIGHT="43" WIDTH="12" VPOS="1639" HPOS="428"/>
                  <String HEIGHT="43" WIDTH="86" VPOS="1639" HPOS="391" CONTENT="ita"/>
                  <SP HEIGHT="43" WIDTH="12" VPOS="1639" HPOS="478"/>
                  <String HEIGHT="43"
                          WIDTH="197"
                          VPOS="1639"
                          HPOS="441"
                          CONTENT="plurificatur"/>
                  <SP HEIGHT="43" WIDTH="12" VPOS="1639" HPOS="637"/>
                  <String HEIGHT="43"
                          WIDTH="111"
                          VPOS="1639"
                          HPOS="588"
                          CONTENT="aedifi"/>
               </TextLine>
               <TextLine ID="r2l94"
                         BASELINE="1711"
                         HEIGHT="40"
                         WIDTH="90"
                         VPOS="1671"
                         HPOS="135">
                  <String HEIGHT="40"
                          WIDTH="120"
                          VPOS="1671"
                          HPOS="105"
                          CONTENT="cator."/>
               </TextLine>
               <TextLine ID="r2l96"
                         BASELINE="1751"
                         HEIGHT="52"
                         WIDTH="523"
                         VPOS="1699"
                         HPOS="171">
                  <String HEIGHT="52" WIDTH="78" VPOS="1699" HPOS="158" CONTENT="Ad"/>
                  <SP HEIGHT="52" WIDTH="13" VPOS="1699" HPOS="236"/>
                  <String HEIGHT="52"
                          WIDTH="131"
                          VPOS="1699"
                          HPOS="197"
                          CONTENT="illud,"/>
                  <SP HEIGHT="52" WIDTH="13" VPOS="1699" HPOS="328"/>
                  <String HEIGHT="52"
                          WIDTH="105"
                          VPOS="1699"
                          HPOS="289"
                          CONTENT="quod"/>
                  <SP HEIGHT="52" WIDTH="13" VPOS="1699" HPOS="393"/>
                  <String HEIGHT="52" WIDTH="78" VPOS="1699" HPOS="354" CONTENT="ab"/>
                  <SP HEIGHT="52" WIDTH="13" VPOS="1699" HPOS="433"/>
                  <String HEIGHT="52"
                          WIDTH="118"
                          VPOS="1699"
                          HPOS="393"
                          CONTENT="alijs"/>
                  <SP HEIGHT="52" WIDTH="13" VPOS="1699" HPOS="511"/>
                  <String HEIGHT="52"
                          WIDTH="144"
                          VPOS="1699"
                          HPOS="472"
                          CONTENT="additur"/>
                  <SP HEIGHT="52" WIDTH="13" VPOS="1699" HPOS="616"/>
                  <String HEIGHT="52" WIDTH="92" VPOS="1699" HPOS="576" CONTENT="pro"/>
                  <SP HEIGHT="52" WIDTH="13" VPOS="1699" HPOS="668"/>
                  <String HEIGHT="52"
                          WIDTH="78"
                          VPOS="1699"
                          HPOS="616"
                          CONTENT="con"
                          SUBS_TYPE="HypPart1"
                          SUBS_CONTENT="conclusione,"/>
                  <HYP CONTENT="-"/>
               </TextLine>
               <TextLine ID="r2l98"
                         BASELINE="1778"
                         HEIGHT="42"
                         WIDTH="558"
                         VPOS="1736"
                         HPOS="136">
                  <String HEIGHT="42"
                          WIDTH="181"
                          VPOS="1736"
                          HPOS="122"
                          CONTENT="clusione,"
                          SUBS_TYPE="HypPart2"
                          SUBS_CONTENT="conclusione,"/>
                  <SP HEIGHT="42" WIDTH="14" VPOS="1736" HPOS="303"/>
                  <String HEIGHT="42"
                          WIDTH="112"
                          VPOS="1736"
                          HPOS="262"
                          CONTENT="quod"/>
                  <SP HEIGHT="42" WIDTH="14" VPOS="1736" HPOS="373"/>
                  <String HEIGHT="42"
                          WIDTH="126"
                          VPOS="1736"
                          HPOS="331"
                          CONTENT="nomen"/>
                  <SP HEIGHT="42" WIDTH="14" VPOS="1736" HPOS="457"/>
                  <String HEIGHT="42"
                          WIDTH="223"
                          VPOS="1736"
                          HPOS="415"
                          CONTENT="substantiuum"/>
                  <SP HEIGHT="42" WIDTH="14" VPOS="1736" HPOS="638"/>
                  <String HEIGHT="42"
                          WIDTH="112"
                          VPOS="1736"
                          HPOS="582"
                          CONTENT="termi"
                          SUBS_TYPE="HypPart1"
                          SUBS_CONTENT="terminet"/>
                  <HYP CONTENT="-"/>
               </TextLine>
               <TextLine ID="r2l100"
                         BASELINE="1822"
                         HEIGHT="52"
                         WIDTH="576"
                         VPOS="1770"
                         HPOS="125">
                  <String HEIGHT="52"
                          WIDTH="96"
                          VPOS="1770"
                          HPOS="111"
                          CONTENT="net"
                          SUBS_TYPE="HypPart2"
                          SUBS_CONTENT="terminet"/>
                  <SP HEIGHT="52" WIDTH="14" VPOS="1770" HPOS="207"/>
                  <String HEIGHT="52"
                          WIDTH="219"
                          VPOS="1770"
                          HPOS="166"
                          CONTENT="dependentiam"/>
                  <SP HEIGHT="52" WIDTH="14" VPOS="1770" HPOS="386"/>
                  <String HEIGHT="52"
                          WIDTH="151"
                          VPOS="1770"
                          HPOS="344"
                          CONTENT="termini"/>
                  <SP HEIGHT="52" WIDTH="14" VPOS="1770" HPOS="495"/>
                  <String HEIGHT="52"
                          WIDTH="192"
                          VPOS="1770"
                          HPOS="454"
                          CONTENT="numeralis,"/>
                  <SP HEIGHT="52" WIDTH="14" VPOS="1770" HPOS="646"/>
                  <String HEIGHT="52"
                          WIDTH="123"
                          VPOS="1770"
                          HPOS="605"
                          CONTENT="dico,"/>
                  <SP HEIGHT="52" WIDTH="14" VPOS="1770" HPOS="728"/>
                  <String HEIGHT="52" WIDTH="27" VPOS="1770" HPOS="674" CONTENT=""/>
               </TextLine>
               <TextLine ID="r2l102"
                         BASELINE="1851"
                         HEIGHT="36"
                         WIDTH="574"
                         VPOS="1815"
                         HPOS="130">
                  <String HEIGHT="36"
                          WIDTH="118"
                          VPOS="1815"
                          HPOS="115"
                          CONTENT="quod"/>
                  <SP HEIGHT="36" WIDTH="15" VPOS="1815" HPOS="233"/>
                  <String HEIGHT="36"
                          WIDTH="103"
                          VPOS="1815"
                          HPOS="189"
                          CONTENT="non"/>
                  <SP HEIGHT="36" WIDTH="15" VPOS="1815" HPOS="292"/>
                  <String HEIGHT="36"
                          WIDTH="177"
                          VPOS="1815"
                          HPOS="248"
                          CONTENT="terminat"/>
                  <SP HEIGHT="36" WIDTH="15" VPOS="1815" HPOS="424"/>
                  <String HEIGHT="36"
                          WIDTH="132"
                          VPOS="1815"
                          HPOS="380"
                          CONTENT="talem"/>
                  <SP HEIGHT="36" WIDTH="15" VPOS="1815" HPOS="513"/>
                  <String HEIGHT="36"
                          WIDTH="235"
                          VPOS="1815"
                          HPOS="469"
                          CONTENT="dependentiam"/>
                  <SP HEIGHT="36" WIDTH="15" VPOS="1815" HPOS="704"/>
                  <String HEIGHT="36" WIDTH="59" VPOS="1815" HPOS="645" CONTENT="ra"/>
               </TextLine>
               <TextLine ID="r2l104"
                         BASELINE="1888"
                         HEIGHT="45"
                         WIDTH="568"
                         VPOS="1843"
                         HPOS="132">
                  <String HEIGHT="45"
                          WIDTH="107"
                          VPOS="1843"
                          HPOS="120"
                          CONTENT="tione"/>
                  <SP HEIGHT="45" WIDTH="12" VPOS="1843" HPOS="227"/>
                  <String HEIGHT="45"
                          WIDTH="118"
                          VPOS="1843"
                          HPOS="191"
                          CONTENT="formae"/>
                  <SP HEIGHT="45" WIDTH="12" VPOS="1843" HPOS="310"/>
                  <String HEIGHT="45"
                          WIDTH="201"
                          VPOS="1843"
                          HPOS="274"
                          CONTENT="significatae,"/>
                  <SP HEIGHT="45" WIDTH="12" VPOS="1843" HPOS="475"/>
                  <String HEIGHT="45"
                          WIDTH="107"
                          VPOS="1843"
                          HPOS="440"
                          CONTENT="tunc."/>
                  <SP HEIGHT="45" WIDTH="12" VPOS="1843" HPOS="546"/>
                  <String HEIGHT="45" WIDTH="71" VPOS="1843" HPOS="511" CONTENT="nm"/>
                  <SP HEIGHT="45" WIDTH="12" VPOS="1843" HPOS="582"/>
                  <String HEIGHT="45"
                          WIDTH="178"
                          VPOS="1843"
                          HPOS="546"
                          CONTENT="sequeretur,"/>
                  <SP HEIGHT="45" WIDTH="12" VPOS="1843" HPOS="724"/>
                  <String HEIGHT="45" WIDTH="24" VPOS="1843" HPOS="676" CONTENT=""/>
               </TextLine>
               <TextLine ID="r2l106"
                         BASELINE="1930"
                         HEIGHT="54"
                         WIDTH="572"
                         VPOS="1876"
                         HPOS="131">
                  <String HEIGHT="54"
                          WIDTH="112"
                          VPOS="1876"
                          HPOS="117"
                          CONTENT="quod"/>
                  <SP HEIGHT="54" WIDTH="14" VPOS="1876" HPOS="229"/>
                  <String HEIGHT="54"
                          WIDTH="140"
                          VPOS="1876"
                          HPOS="187"
                          CONTENT="actus,"/>
                  <SP HEIGHT="54" WIDTH="14" VPOS="1876" HPOS="326"/>
                  <String HEIGHT="54" WIDTH="70" VPOS="1876" HPOS="284" CONTENT="a"/>
                  <SP HEIGHT="54" WIDTH="14" VPOS="1876" HPOS="354"/>
                  <String HEIGHT="54" WIDTH="98" VPOS="1876" HPOS="312" CONTENT="quo"/>
                  <SP HEIGHT="54" WIDTH="14" VPOS="1876" HPOS="410"/>
                  <String HEIGHT="54"
                          WIDTH="126"
                          VPOS="1876"
                          HPOS="368"
                          CONTENT="talis"/>
                  <SP HEIGHT="54" WIDTH="14" VPOS="1876" HPOS="494"/>
                  <String HEIGHT="54"
                          WIDTH="126"
                          VPOS="1876"
                          HPOS="452"
                          CONTENT="forma"/>
                  <SP HEIGHT="54" WIDTH="14" VPOS="1876" HPOS="577"/>
                  <String HEIGHT="54"
                          WIDTH="195"
                          VPOS="1876"
                          HPOS="536"
                          CONTENT="nominatur,"/>
                  <SP HEIGHT="54" WIDTH="14" VPOS="1876" HPOS="731"/>
                  <String HEIGHT="54" WIDTH="28" VPOS="1876" HPOS="675" CONTENT=""/>
               </TextLine>
               <TextLine ID="r2l108"
                         BASELINE="1952"
                         HEIGHT="40"
                         WIDTH="562"
                         VPOS="1912"
                         HPOS="132">
                  <String HEIGHT="40"
                          WIDTH="222"
                          VPOS="1912"
                          HPOS="119"
                          CONTENT="attribueretur"/>
                  <SP HEIGHT="40" WIDTH="13" VPOS="1912" HPOS="341"/>
                  <String HEIGHT="40"
                          WIDTH="105"
                          VPOS="1912"
                          HPOS="302"
                          CONTENT="ipsi"/>
                  <SP HEIGHT="40" WIDTH="13" VPOS="1912" HPOS="406"/>
                  <String HEIGHT="40"
                          WIDTH="144"
                          VPOS="1912"
                          HPOS="367"
                          CONTENT="formae,"/>
                  <SP HEIGHT="40" WIDTH="13" VPOS="1912" HPOS="511"/>
                  <String HEIGHT="40"
                          WIDTH="105"
                          VPOS="1912"
                          HPOS="472"
                          CONTENT="quod"/>
                  <SP HEIGHT="40" WIDTH="13" VPOS="1912" HPOS="576"/>
                  <String HEIGHT="40" WIDTH="91" VPOS="1912" HPOS="537" CONTENT="est"/>
                  <SP HEIGHT="40" WIDTH="13" VPOS="1912" HPOS="629"/>
                  <String HEIGHT="40"
                          WIDTH="118"
                          VPOS="1912"
                          HPOS="576"
                          CONTENT="falsum."/>
               </TextLine>
               <TextLine ID="r2l111"
                         BASELINE="1989"
                         HEIGHT="36"
                         WIDTH="563"
                         VPOS="1953"
                         HPOS="135">
                  <String HEIGHT="36"
                          WIDTH="130"
                          VPOS="1953"
                          HPOS="121"
                          CONTENT="Magis"/>
                  <SP HEIGHT="36" WIDTH="14" VPOS="1953" HPOS="250"/>
                  <String HEIGHT="36"
                          WIDTH="115"
                          VPOS="1953"
                          HPOS="207"
                          CONTENT="ergo"/>
                  <SP HEIGHT="36" WIDTH="14" VPOS="1953" HPOS="323"/>
                  <String HEIGHT="36"
                          WIDTH="173"
                          VPOS="1953"
                          HPOS="279"
                          CONTENT="dicendum"/>
                  <SP HEIGHT="36" WIDTH="14" VPOS="1953" HPOS="453"/>
                  <String HEIGHT="36"
                          WIDTH="115"
                          VPOS="1953"
                          HPOS="409"
                          CONTENT="est,"/>
                  <SP HEIGHT="36" WIDTH="14" VPOS="1953" HPOS="525"/>
                  <String HEIGHT="36"
                          WIDTH="115"
                          VPOS="1953"
                          HPOS="481"
                          CONTENT="quod"/>
                  <SP HEIGHT="36" WIDTH="14" VPOS="1953" HPOS="597"/>
                  <String HEIGHT="36"
                          WIDTH="159"
                          VPOS="1953"
                          HPOS="539"
                          CONTENT="terminent"/>
               </TextLine>
               <TextLine ID="r2l113"
                         BASELINE="2035"
                         HEIGHT="49"
                         WIDTH="562"
                         VPOS="1986"
                         HPOS="131">
                  <String HEIGHT="49"
                          WIDTH="219"
                          VPOS="1986"
                          HPOS="117"
                          CONTENT="dependentiam"/>
                  <SP HEIGHT="49" WIDTH="14" VPOS="1986" HPOS="337"/>
                  <String HEIGHT="49"
                          WIDTH="151"
                          VPOS="1986"
                          HPOS="295"
                          CONTENT="ratione"/>
                  <SP HEIGHT="49" WIDTH="14" VPOS="1986" HPOS="446"/>
                  <String HEIGHT="49"
                          WIDTH="219"
                          VPOS="1986"
                          HPOS="405"
                          CONTENT="suppositorum"/>
                  <SP HEIGHT="49" WIDTH="14" VPOS="1986" HPOS="624"/>
                  <String HEIGHT="49" WIDTH="82" VPOS="1986" HPOS="583" CONTENT="in"/>
                  <SP HEIGHT="49" WIDTH="14" VPOS="1986" HPOS="666"/>
                  <String HEIGHT="49"
                          WIDTH="82"
                          VPOS="1986"
                          HPOS="611"
                          CONTENT="qui"
                          SUBS_TYPE="HypPart1"
                          SUBS_CONTENT="quibus"/>
                  <HYP CONTENT="-"/>
               </TextLine>
               <TextLine ID="r2l115"
                         BASELINE="2067"
                         HEIGHT="45"
                         WIDTH="569"
                         VPOS="2022"
                         HPOS="131">
                  <String HEIGHT="45"
                          WIDTH="87"
                          VPOS="2022"
                          HPOS="119"
                          CONTENT="bus"
                          SUBS_TYPE="HypPart2"
                          SUBS_CONTENT="quibus"/>
                  <SP HEIGHT="45" WIDTH="12" VPOS="2022" HPOS="205"/>
                  <String HEIGHT="45" WIDTH="87" VPOS="2022" HPOS="168" CONTENT="est"/>
                  <SP HEIGHT="45" WIDTH="12" VPOS="2022" HPOS="255"/>
                  <String HEIGHT="45"
                          WIDTH="111"
                          VPOS="2022"
                          HPOS="218"
                          CONTENT="talis"/>
                  <SP HEIGHT="45" WIDTH="12" VPOS="2022" HPOS="329"/>
                  <String HEIGHT="45"
                          WIDTH="124"
                          VPOS="2022"
                          HPOS="292"
                          CONTENT="forma,"/>
                  <SP HEIGHT="45" WIDTH="12" VPOS="2022" HPOS="416"/>
                  <String HEIGHT="45" WIDTH="87" VPOS="2022" HPOS="378" CONTENT="nam"/>
                  <SP HEIGHT="45" WIDTH="12" VPOS="2022" HPOS="465"/>
                  <String HEIGHT="45"
                          WIDTH="111"
                          VPOS="2022"
                          HPOS="428"
                          CONTENT="sicut"/>
                  <SP HEIGHT="45" WIDTH="12" VPOS="2022" HPOS="539"/>
                  <String HEIGHT="45"
                          WIDTH="124"
                          VPOS="2022"
                          HPOS="502"
                          CONTENT="actus,"/>
                  <SP HEIGHT="45" WIDTH="12" VPOS="2022" HPOS="626"/>
                  <String HEIGHT="45" WIDTH="62" VPOS="2022" HPOS="589" CONTENT="a"/>
                  <SP HEIGHT="45" WIDTH="12" VPOS="2022" HPOS="651"/>
                  <String HEIGHT="45" WIDTH="87" VPOS="2022" HPOS="613" CONTENT="quo"/>
                  <SP HEIGHT="45" WIDTH="12" VPOS="2022" HPOS="700"/>
                  <String HEIGHT="45" WIDTH="49" VPOS="2022" HPOS="651" CONTENT="de"/>
               </TextLine>
               <TextLine ID="r2l117"
                         BASELINE="2096"
                         HEIGHT="39"
                         WIDTH="558"
                         VPOS="2057"
                         HPOS="134">
                  <String HEIGHT="39"
                          WIDTH="161"
                          VPOS="2057"
                          HPOS="122"
                          CONTENT="nominatur"/>
                  <SP HEIGHT="39" WIDTH="12" VPOS="2057" HPOS="283"/>
                  <String HEIGHT="39"
                          WIDTH="124"
                          VPOS="2057"
                          HPOS="246"
                          CONTENT="forma,"/>
                  <SP HEIGHT="39" WIDTH="12" VPOS="2057" HPOS="370"/>
                  <String HEIGHT="39" WIDTH="87" VPOS="2057" HPOS="332" CONTENT="non"/>
                  <SP HEIGHT="39" WIDTH="12" VPOS="2057" HPOS="419"/>
                  <String HEIGHT="39"
                          WIDTH="186"
                          VPOS="2057"
                          HPOS="382"
                          CONTENT="attribuitur"/>
                  <SP HEIGHT="39" WIDTH="12" VPOS="2057" HPOS="568"/>
                  <String HEIGHT="39"
                          WIDTH="136"
                          VPOS="2057"
                          HPOS="531"
                          CONTENT="formae,"/>
                  <SP HEIGHT="39" WIDTH="12" VPOS="2057" HPOS="667"/>
                  <String HEIGHT="39" WIDTH="87" VPOS="2057" HPOS="630" CONTENT="sed"/>
                  <SP HEIGHT="39" WIDTH="12" VPOS="2057" HPOS="717"/>
                  <String HEIGHT="39" WIDTH="25" VPOS="2057" HPOS="667" CONTENT=""/>
               </TextLine>
               <TextLine ID="r2l119"
                         BASELINE="2130"
                         HEIGHT="36"
                         WIDTH="558"
                         VPOS="2094"
                         HPOS="135">
                  <String HEIGHT="36"
                          WIDTH="173"
                          VPOS="2094"
                          HPOS="122"
                          CONTENT="supposito"/>
                  <SP HEIGHT="36" WIDTH="13" VPOS="2094" HPOS="294"/>
                  <String HEIGHT="36"
                          WIDTH="146"
                          VPOS="2094"
                          HPOS="255"
                          CONTENT="habenti"/>
                  <SP HEIGHT="36" WIDTH="13" VPOS="2094" HPOS="401"/>
                  <String HEIGHT="36"
                          WIDTH="146"
                          VPOS="2094"
                          HPOS="361"
                          CONTENT="formam,"/>
                  <SP HEIGHT="36" WIDTH="13" VPOS="2094" HPOS="507"/>
                  <String HEIGHT="36" WIDTH="93" VPOS="2094" HPOS="467" CONTENT="ita"/>
                  <SP HEIGHT="36" WIDTH="13" VPOS="2094" HPOS="560"/>
                  <String HEIGHT="36"
                          WIDTH="120"
                          VPOS="2094"
                          HPOS="520"
                          CONTENT="etiam"/>
                  <SP HEIGHT="36" WIDTH="13" VPOS="2094" HPOS="640"/>
                  <String HEIGHT="36"
                          WIDTH="106"
                          VPOS="2094"
                          HPOS="587"
                          CONTENT="termi"
                          SUBS_TYPE="HypPart1"
                          SUBS_CONTENT="terminare"/>
                  <HYP CONTENT="-"/>
               </TextLine>
               <TextLine ID="r2l122"
                         BASELINE="2170"
                         HEIGHT="47"
                         WIDTH="570"
                         VPOS="2123"
                         HPOS="128">
                  <String HEIGHT="47"
                          WIDTH="114"
                          VPOS="2123"
                          HPOS="114"
                          CONTENT="nare"
                          SUBS_TYPE="HypPart2"
                          SUBS_CONTENT="terminare"/>
                  <SP HEIGHT="47" WIDTH="14" VPOS="2123" HPOS="228"/>
                  <String HEIGHT="47"
                          WIDTH="228"
                          VPOS="2123"
                          HPOS="185"
                          CONTENT="dependentiam"/>
                  <SP HEIGHT="47" WIDTH="14" VPOS="2123" HPOS="413"/>
                  <String HEIGHT="47"
                          WIDTH="157"
                          VPOS="2123"
                          HPOS="370"
                          CONTENT="termini"/>
                  <SP HEIGHT="47" WIDTH="14" VPOS="2123" HPOS="527"/>
                  <String HEIGHT="47"
                          WIDTH="200"
                          VPOS="2123"
                          HPOS="484"
                          CONTENT="numeralis,"/>
                  <SP HEIGHT="47" WIDTH="14" VPOS="2123" HPOS="684"/>
                  <String HEIGHT="47" WIDTH="71" VPOS="2123" HPOS="627" CONTENT="vel"/>
               </TextLine>
               <TextLine ID="r2l124"
                         BASELINE="2218"
                         HEIGHT="60"
                         WIDTH="574"
                         VPOS="2158"
                         HPOS="125">
                  <String HEIGHT="60" WIDTH="93" VPOS="2158" HPOS="112" CONTENT="non"/>
                  <SP HEIGHT="60" WIDTH="13" VPOS="2158" HPOS="205"/>
                  <String HEIGHT="60"
                          WIDTH="200"
                          VPOS="2158"
                          HPOS="165"
                          CONTENT="attribuetur"/>
                  <SP HEIGHT="60" WIDTH="13" VPOS="2158" HPOS="365"/>
                  <String HEIGHT="60"
                          WIDTH="147"
                          VPOS="2158"
                          HPOS="325"
                          CONTENT="formae,"/>
                  <SP HEIGHT="60" WIDTH="13" VPOS="2158" HPOS="472"/>
                  <String HEIGHT="60" WIDTH="93" VPOS="2158" HPOS="432" CONTENT="vel"/>
                  <SP HEIGHT="60" WIDTH="13" VPOS="2158" HPOS="525"/>
                  <String HEIGHT="60"
                          WIDTH="120"
                          VPOS="2158"
                          HPOS="485"
                          CONTENT="solum"/>
                  <SP HEIGHT="60" WIDTH="13" VPOS="2158" HPOS="606"/>
                  <String HEIGHT="60"
                          WIDTH="147"
                          VPOS="2158"
                          HPOS="552"
                          CONTENT="attribue"/>
               </TextLine>
            </TextBlock>
            <TextBlock ID="TextRegion_1600825035498_331"
                       HEIGHT="2098"
                       WIDTH="590"
                       VPOS="146"
                       HPOS="720">
               <Shape>
                  <Polygon POINTS="720,146 1310,146 1310,2244 720,2244"/>
               </Shape>
               <TextLine ID="r2l4"
                         BASELINE="236"
                         HEIGHT="48"
                         WIDTH="571"
                         VPOS="188"
                         HPOS="725">
                  <String HEIGHT="48" WIDTH="89" VPOS="188" HPOS="712" CONTENT="tur"/>
                  <SP HEIGHT="48" WIDTH="13" VPOS="188" HPOS="801"/>
                  <String HEIGHT="48"
                          WIDTH="102"
                          VPOS="188"
                          HPOS="763"
                          CONTENT="sibi"/>
                  <SP HEIGHT="48" WIDTH="13" VPOS="188" HPOS="865"/>
                  <String HEIGHT="48"
                          WIDTH="140"
                          VPOS="188"
                          HPOS="827"
                          CONTENT="ratione"/>
                  <SP HEIGHT="48" WIDTH="13" VPOS="188" HPOS="966"/>
                  <String HEIGHT="48"
                          WIDTH="165"
                          VPOS="188"
                          HPOS="928"
                          CONTENT="suppositi"/>
                  <SP HEIGHT="48" WIDTH="13" VPOS="188" HPOS="1093"/>
                  <String HEIGHT="48" WIDTH="76" VPOS="188" HPOS="1055" CONTENT="in"/>
                  <SP HEIGHT="48" WIDTH="13" VPOS="188" HPOS="1131"/>
                  <String HEIGHT="48" WIDTH="89" VPOS="188" HPOS="1093" CONTENT="quo"/>
                  <SP HEIGHT="48" WIDTH="13" VPOS="188" HPOS="1182"/>
                  <String HEIGHT="48"
                          WIDTH="102"
                          VPOS="188"
                          HPOS="1144"
                          CONTENT="est,"/>
                  <SP HEIGHT="48" WIDTH="13" VPOS="188" HPOS="1245"/>
                  <String HEIGHT="48" WIDTH="63" VPOS="188" HPOS="1207" CONTENT="&amp;"/>
                  <SP HEIGHT="48" WIDTH="13" VPOS="188" HPOS="1271"/>
                  <String HEIGHT="48"
                          WIDTH="76"
                          VPOS="188"
                          HPOS="1220"
                          CONTENT="ideo"/>
               </TextLine>
               <TextLine ID="r2l6"
                         BASELINE="270"
                         HEIGHT="41"
                         WIDTH="564"
                         VPOS="229"
                         HPOS="731">
                  <String HEIGHT="41"
                          WIDTH="246"
                          VPOS="229"
                          HPOS="717"
                          CONTENT="quantuncunque"/>
                  <SP HEIGHT="41" WIDTH="14" VPOS="229" HPOS="962"/>
                  <String HEIGHT="41"
                          WIDTH="130"
                          VPOS="229"
                          HPOS="919"
                          CONTENT="nomen"/>
                  <SP HEIGHT="41" WIDTH="14" VPOS="229" HPOS="1049"/>
                  <String HEIGHT="41"
                          WIDTH="231"
                          VPOS="229"
                          HPOS="1006"
                          CONTENT="substantiuum"/>
                  <SP HEIGHT="41" WIDTH="14" VPOS="229" HPOS="1237"/>
                  <String HEIGHT="41"
                          WIDTH="116"
                          VPOS="229"
                          HPOS="1179"
                          CONTENT="termi"
                          SUBS_TYPE="HypPart1"
                          SUBS_CONTENT="terminet"/>
                  <HYP CONTENT="-"/>
               </TextLine>
               <TextLine ID="r2l8"
                         BASELINE="313"
                         HEIGHT="45"
                         WIDTH="572"
                         VPOS="268"
                         HPOS="731">
                  <String HEIGHT="45"
                          WIDTH="100"
                          VPOS="268"
                          HPOS="717"
                          CONTENT="net"
                          SUBS_TYPE="HypPart2"
                          SUBS_CONTENT="terminet"/>
                  <SP HEIGHT="45" WIDTH="14" VPOS="268" HPOS="817"/>
                  <String HEIGHT="45"
                          WIDTH="229"
                          VPOS="268"
                          HPOS="774"
                          CONTENT="dependentiam"/>
                  <SP HEIGHT="45" WIDTH="14" VPOS="268" HPOS="1003"/>
                  <String HEIGHT="45"
                          WIDTH="157"
                          VPOS="268"
                          HPOS="960"
                          CONTENT="termini"/>
                  <SP HEIGHT="45" WIDTH="14" VPOS="268" HPOS="1117"/>
                  <String HEIGHT="45"
                          WIDTH="200"
                          VPOS="268"
                          HPOS="1074"
                          CONTENT="numeralis,"/>
                  <SP HEIGHT="45" WIDTH="14" VPOS="268" HPOS="1274"/>
                  <String HEIGHT="45"
                          WIDTH="86"
                          VPOS="268"
                          HPOS="1217"
                          CONTENT="quia"/>
               </TextLine>
               <TextLine ID="r2l10"
                         BASELINE="345"
                         HEIGHT="46"
                         WIDTH="570"
                         VPOS="299"
                         HPOS="731">
                  <String HEIGHT="46" WIDTH="100" VPOS="299" HPOS="717" CONTENT="non"/>
                  <SP HEIGHT="46" WIDTH="14" VPOS="299" HPOS="817"/>
                  <String HEIGHT="46"
                          WIDTH="171"
                          VPOS="299"
                          HPOS="774"
                          CONTENT="terminat"/>
                  <SP HEIGHT="46" WIDTH="14" VPOS="299" HPOS="945"/>
                  <String HEIGHT="46" WIDTH="100" VPOS="299" HPOS="902" CONTENT="eam"/>
                  <SP HEIGHT="46" WIDTH="14" VPOS="299" HPOS="1002"/>
                  <String HEIGHT="46"
                          WIDTH="157"
                          VPOS="299"
                          HPOS="959"
                          CONTENT="ratione"/>
                  <SP HEIGHT="46" WIDTH="14" VPOS="299" HPOS="1116"/>
                  <String HEIGHT="46"
                          WIDTH="157"
                          VPOS="299"
                          HPOS="1073"
                          CONTENT="formae,"/>
                  <SP HEIGHT="46" WIDTH="14" VPOS="299" HPOS="1230"/>
                  <String HEIGHT="46"
                          WIDTH="100"
                          VPOS="299"
                          HPOS="1187"
                          CONTENT="sed"/>
                  <SP HEIGHT="46" WIDTH="14" VPOS="299" HPOS="1287"/>
                  <String HEIGHT="46"
                          WIDTH="71"
                          VPOS="299"
                          HPOS="1230"
                          CONTENT="ra"
                          SUBS_TYPE="HypPart1"
                          SUBS_CONTENT="ratione"/>
                  <HYP CONTENT="-"/>
               </TextLine>
               <TextLine ID="r2l12"
                         BASELINE="389"
                         HEIGHT="55"
                         WIDTH="566"
                         VPOS="334"
                         HPOS="730">
                  <String HEIGHT="55"
                          WIDTH="118"
                          VPOS="334"
                          HPOS="717"
                          CONTENT="tione"
                          SUBS_TYPE="HypPart2"
                          SUBS_CONTENT="ratione"/>
                  <SP HEIGHT="55" WIDTH="13" VPOS="334" HPOS="835"/>
                  <String HEIGHT="55"
                          WIDTH="171"
                          VPOS="334"
                          HPOS="796"
                          CONTENT="suppositi"/>
                  <SP HEIGHT="55" WIDTH="13" VPOS="334" HPOS="967"/>
                  <String HEIGHT="55"
                          WIDTH="145"
                          VPOS="334"
                          HPOS="927"
                          CONTENT="habenti"/>
                  <SP HEIGHT="55" WIDTH="13" VPOS="334" HPOS="1072"/>
                  <String HEIGHT="55"
                          WIDTH="105"
                          VPOS="334"
                          HPOS="1033"
                          CONTENT="eam,"/>
                  <SP HEIGHT="55" WIDTH="13" VPOS="334" HPOS="1138"/>
                  <String HEIGHT="55" WIDTH="92" VPOS="334" HPOS="1099" CONTENT="non"/>
                  <SP HEIGHT="55" WIDTH="13" VPOS="334" HPOS="1191"/>
                  <String HEIGHT="55"
                          WIDTH="158"
                          VPOS="334"
                          HPOS="1138"
                          CONTENT="plurifica"
                          SUBS_TYPE="HypPart1"
                          SUBS_CONTENT="plurificabit"/>
                  <HYP CONTENT="-"/>
               </TextLine>
               <TextLine ID="r2l15"
                         BASELINE="416"
                         HEIGHT="52"
                         WIDTH="351"
                         VPOS="364"
                         HPOS="730">
                  <String HEIGHT="52"
                          WIDTH="95"
                          VPOS="364"
                          HPOS="717"
                          CONTENT="bit"
                          SUBS_TYPE="HypPart2"
                          SUBS_CONTENT="plurificabit"/>
                  <SP HEIGHT="52" WIDTH="14" VPOS="364" HPOS="811"/>
                  <String HEIGHT="52"
                          WIDTH="149"
                          VPOS="364"
                          HPOS="771"
                          CONTENT="formam,"/>
                  <SP HEIGHT="52" WIDTH="14" VPOS="364" HPOS="919"/>
                  <String HEIGHT="52" WIDTH="95" VPOS="364" HPOS="879" CONTENT="sed"/>
                  <SP HEIGHT="52" WIDTH="14" VPOS="364" HPOS="973"/>
                  <String HEIGHT="52"
                          WIDTH="162"
                          VPOS="364"
                          HPOS="919"
                          CONTENT="supposita."/>
               </TextLine>
               <TextLine ID="r2l18"
                         BASELINE="447"
                         HEIGHT="45"
                         WIDTH="529"
                         VPOS="402"
                         HPOS="765">
                  <String HEIGHT="45"
                          WIDTH="195"
                          VPOS="402"
                          HPOS="751"
                          CONTENT="Quapropter"/>
                  <SP HEIGHT="45" WIDTH="14" VPOS="402" HPOS="946"/>
                  <String HEIGHT="45"
                          WIDTH="153"
                          VPOS="402"
                          HPOS="904"
                          CONTENT="videtur"/>
                  <SP HEIGHT="45" WIDTH="14" VPOS="402" HPOS="1057"/>
                  <String HEIGHT="45"
                          WIDTH="111"
                          VPOS="402"
                          HPOS="1016"
                          CONTENT="esse"/>
                  <SP HEIGHT="45" WIDTH="14" VPOS="402" HPOS="1127"/>
                  <String HEIGHT="45"
                          WIDTH="167"
                          VPOS="402"
                          HPOS="1085"
                          CONTENT="dicendum"/>
                  <SP HEIGHT="45" WIDTH="14" VPOS="402" HPOS="1252"/>
                  <String HEIGHT="45"
                          WIDTH="97"
                          VPOS="402"
                          HPOS="1197"
                          CONTENT="secu"
                          SUBS_TYPE="HypPart1"
                          SUBS_CONTENT="secudum"/>
                  <HYP CONTENT="-"/>
               </TextLine>
               <TextLine ID="r2l20"
                         BASELINE="487"
                         HEIGHT="48"
                         WIDTH="568"
                         VPOS="439"
                         HPOS="732">
                  <String HEIGHT="48"
                          WIDTH="102"
                          VPOS="439"
                          HPOS="717"
                          CONTENT="dum"
                          SUBS_TYPE="HypPart2"
                          SUBS_CONTENT="secudum"/>
                  <SP HEIGHT="48" WIDTH="15" VPOS="439" HPOS="819"/>
                  <String HEIGHT="48"
                          WIDTH="189"
                          VPOS="439"
                          HPOS="776"
                          CONTENT="opinionem"/>
                  <SP HEIGHT="48" WIDTH="15" VPOS="439" HPOS="965"/>
                  <String HEIGHT="48" WIDTH="87" VPOS="439" HPOS="921" CONTENT="D."/>
                  <SP HEIGHT="48" WIDTH="15" VPOS="439" HPOS="1009"/>
                  <String HEIGHT="48"
                          WIDTH="160"
                          VPOS="439"
                          HPOS="965"
                          CONTENT="AEgidij"/>
                  <SP HEIGHT="48" WIDTH="15" VPOS="439" HPOS="1125"/>
                  <String HEIGHT="48"
                          WIDTH="189"
                          VPOS="439"
                          HPOS="1082"
                          CONTENT="dicentis,"/>
                  <SP HEIGHT="48" WIDTH="15" VPOS="439" HPOS="1271"/>
                  <String HEIGHT="48"
                          WIDTH="87"
                          VPOS="439"
                          HPOS="1213"
                          CONTENT="quod"/>
               </TextLine>
               <TextLine ID="r2l22"
                         BASELINE="512"
                         HEIGHT="38"
                         WIDTH="576"
                         VPOS="474"
                         HPOS="729">
                  <String HEIGHT="38"
                          WIDTH="227"
                          VPOS="474"
                          HPOS="714"
                          CONTENT="quemadmodum"/>
                  <SP HEIGHT="38" WIDTH="15" VPOS="474" HPOS="941"/>
                  <String HEIGHT="38"
                          WIDTH="212"
                          VPOS="474"
                          HPOS="896"
                          CONTENT="conceditur"/>
                  <SP HEIGHT="38" WIDTH="15" VPOS="474" HPOS="1108"/>
                  <String HEIGHT="38"
                          WIDTH="167"
                          VPOS="474"
                          HPOS="1062"
                          CONTENT="patrem,"/>
                  <SP HEIGHT="38" WIDTH="15" VPOS="474" HPOS="1229"/>
                  <String HEIGHT="38" WIDTH="76" VPOS="474" HPOS="1184" CONTENT="&amp;"/>
                  <SP HEIGHT="38" WIDTH="15" VPOS="474" HPOS="1260"/>
                  <String HEIGHT="38"
                          WIDTH="106"
                          VPOS="474"
                          HPOS="1199"
                          CONTENT="filiu"/>
               </TextLine>
               <TextLine ID="r2l24"
                         BASELINE="554"
                         HEIGHT="46"
                         WIDTH="568"
                         VPOS="508"
                         HPOS="728">
                  <String HEIGHT="46" WIDTH="97" VPOS="508" HPOS="716" CONTENT="esse"/>
                  <SP HEIGHT="46" WIDTH="12" VPOS="508" HPOS="813"/>
                  <String HEIGHT="46"
                          WIDTH="121"
                          VPOS="508"
                          HPOS="776"
                          CONTENT="plures"/>
                  <SP HEIGHT="46" WIDTH="12" VPOS="508" HPOS="897"/>
                  <String HEIGHT="46"
                          WIDTH="169"
                          VPOS="508"
                          HPOS="861"
                          CONTENT="spirantes,"/>
                  <SP HEIGHT="46" WIDTH="12" VPOS="508" HPOS="1030"/>
                  <String HEIGHT="46" WIDTH="85" VPOS="508" HPOS="994" CONTENT="ita"/>
                  <SP HEIGHT="46" WIDTH="12" VPOS="508" HPOS="1078"/>
                  <String HEIGHT="46"
                          WIDTH="121"
                          VPOS="508"
                          HPOS="1042"
                          CONTENT="potest"/>
                  <SP HEIGHT="46" WIDTH="12" VPOS="508" HPOS="1163"/>
                  <String HEIGHT="46"
                          WIDTH="145"
                          VPOS="508"
                          HPOS="1127"
                          CONTENT="concedi,"/>
                  <SP HEIGHT="46" WIDTH="12" VPOS="508" HPOS="1272"/>
                  <String HEIGHT="46"
                          WIDTH="73"
                          VPOS="508"
                          HPOS="1223"
                          CONTENT="quod"/>
               </TextLine>
               <TextLine ID="r2l26"
                         BASELINE="588"
                         HEIGHT="46"
                         WIDTH="576"
                         VPOS="542"
                         HPOS="730">
                  <String HEIGHT="46"
                          WIDTH="112"
                          VPOS="542"
                          HPOS="716"
                          CONTENT="sint"/>
                  <SP HEIGHT="46" WIDTH="14" VPOS="542" HPOS="828"/>
                  <String HEIGHT="46"
                          WIDTH="140"
                          VPOS="542"
                          HPOS="786"
                          CONTENT="plures"/>
                  <SP HEIGHT="46" WIDTH="14" VPOS="542" HPOS="927"/>
                  <String HEIGHT="46"
                          WIDTH="211"
                          VPOS="542"
                          HPOS="885"
                          CONTENT="spiratores,"/>
                  <SP HEIGHT="46" WIDTH="14" VPOS="542" HPOS="1095"/>
                  <String HEIGHT="46"
                          WIDTH="126"
                          VPOS="542"
                          HPOS="1053"
                          CONTENT="cuius"/>
                  <SP HEIGHT="46" WIDTH="14" VPOS="542" HPOS="1180"/>
                  <String HEIGHT="46"
                          WIDTH="183"
                          VPOS="542"
                          HPOS="1123"
                          CONTENT="fundamentum"/>
               </TextLine>
               <TextLine ID="r2l28"
                         BASELINE="622"
                         HEIGHT="41"
                         WIDTH="574"
                         VPOS="581"
                         HPOS="729">
                  <String HEIGHT="41"
                          WIDTH="104"
                          VPOS="581"
                          HPOS="716"
                          CONTENT="stat"/>
                  <SP HEIGHT="41" WIDTH="13" VPOS="581" HPOS="820"/>
                  <String HEIGHT="41" WIDTH="78" VPOS="581" HPOS="781" CONTENT="in"/>
                  <SP HEIGHT="41" WIDTH="13" VPOS="581" HPOS="859"/>
                  <String HEIGHT="41"
                          WIDTH="104"
                          VPOS="581"
                          HPOS="820"
                          CONTENT="hoc,"/>
                  <SP HEIGHT="41" WIDTH="13" VPOS="581" HPOS="925"/>
                  <String HEIGHT="41"
                          WIDTH="104"
                          VPOS="581"
                          HPOS="886"
                          CONTENT="quod"/>
                  <SP HEIGHT="41" WIDTH="13" VPOS="581" HPOS="990"/>
                  <String HEIGHT="41"
                          WIDTH="144"
                          VPOS="581"
                          HPOS="951"
                          CONTENT="quamuis"/>
                  <SP HEIGHT="41" WIDTH="13" VPOS="581" HPOS="1094"/>
                  <String HEIGHT="41"
                          WIDTH="130"
                          VPOS="581"
                          HPOS="1055"
                          CONTENT="pater,"/>
                  <SP HEIGHT="41" WIDTH="13" VPOS="581" HPOS="1186"/>
                  <String HEIGHT="41" WIDTH="65" VPOS="581" HPOS="1146" CONTENT="&amp;"/>
                  <SP HEIGHT="41" WIDTH="13" VPOS="581" HPOS="1212"/>
                  <String HEIGHT="41"
                          WIDTH="130"
                          VPOS="581"
                          HPOS="1173"
                          CONTENT="filius"/>
                  <SP HEIGHT="41" WIDTH="13" VPOS="581" HPOS="1303"/>
                  <String HEIGHT="41" WIDTH="52" VPOS="581" HPOS="1251" CONTENT="ha"/>
               </TextLine>
               <TextLine ID="r2l30"
                         BASELINE="654"
                         HEIGHT="38"
                         WIDTH="577"
                         VPOS="616"
                         HPOS="730">
                  <String HEIGHT="38"
                          WIDTH="127"
                          VPOS="616"
                          HPOS="716"
                          CONTENT="beant"/>
                  <SP HEIGHT="38" WIDTH="14" VPOS="616" HPOS="843"/>
                  <String HEIGHT="38"
                          WIDTH="113"
                          VPOS="616"
                          HPOS="800"
                          CONTENT="vnam"/>
                  <SP HEIGHT="38" WIDTH="14" VPOS="616" HPOS="913"/>
                  <String HEIGHT="38"
                          WIDTH="169"
                          VPOS="616"
                          HPOS="871"
                          CONTENT="virtutem"/>
                  <SP HEIGHT="38" WIDTH="14" VPOS="616" HPOS="1040"/>
                  <String HEIGHT="38"
                          WIDTH="211"
                          VPOS="616"
                          HPOS="997"
                          CONTENT="spiratiuam,"/>
                  <SP HEIGHT="38" WIDTH="14" VPOS="616" HPOS="1208"/>
                  <String HEIGHT="38"
                          WIDTH="127"
                          VPOS="616"
                          HPOS="1166"
                          CONTENT="actus"/>
                  <SP HEIGHT="38" WIDTH="14" VPOS="616" HPOS="1293"/>
                  <String HEIGHT="38"
                          WIDTH="70"
                          VPOS="616"
                          HPOS="1237"
                          CONTENT="ta"
                          SUBS_TYPE="HypPart1"
                          SUBS_CONTENT="tamen"/>
                  <HYP CONTENT="-"/>
               </TextLine>
               <TextLine ID="r2l32"
                         BASELINE="689"
                         HEIGHT="38"
                         WIDTH="573"
                         VPOS="651"
                         HPOS="736">
                  <String HEIGHT="38"
                          WIDTH="85"
                          VPOS="651"
                          HPOS="724"
                          CONTENT="men"
                          SUBS_TYPE="HypPart2"
                          SUBS_CONTENT="tamen"/>
                  <SP HEIGHT="38" WIDTH="12" VPOS="651" HPOS="809"/>
                  <String HEIGHT="38"
                          WIDTH="146"
                          VPOS="651"
                          HPOS="773"
                          CONTENT="spirandi"/>
                  <SP HEIGHT="38" WIDTH="12" VPOS="651" HPOS="919"/>
                  <String HEIGHT="38" WIDTH="85" VPOS="651" HPOS="882" CONTENT="non"/>
                  <SP HEIGHT="38" WIDTH="12" VPOS="651" HPOS="968"/>
                  <String HEIGHT="38"
                          WIDTH="183"
                          VPOS="651"
                          HPOS="931"
                          CONTENT="attribuitur"/>
                  <SP HEIGHT="38" WIDTH="12" VPOS="651" HPOS="1114"/>
                  <String HEIGHT="38"
                          WIDTH="98"
                          VPOS="651"
                          HPOS="1077"
                          CONTENT="illi"/>
                  <SP HEIGHT="38" WIDTH="12" VPOS="651" HPOS="1175"/>
                  <String HEIGHT="38"
                          WIDTH="146"
                          VPOS="651"
                          HPOS="1138"
                          CONTENT="virtuti,"/>
                  <SP HEIGHT="38" WIDTH="12" VPOS="651" HPOS="1285"/>
                  <String HEIGHT="38" WIDTH="85" VPOS="651" HPOS="1248" CONTENT="sed"/>
                  <SP HEIGHT="38" WIDTH="12" VPOS="651" HPOS="1333"/>
                  <String HEIGHT="38" WIDTH="24" VPOS="651" HPOS="1285" CONTENT=""/>
               </TextLine>
               <TextLine ID="r2l34"
                         BASELINE="729"
                         HEIGHT="41"
                         WIDTH="574"
                         VPOS="688"
                         HPOS="730">
                  <String HEIGHT="41"
                          WIDTH="183"
                          VPOS="688"
                          HPOS="717"
                          CONTENT="suppositis"/>
                  <SP HEIGHT="41" WIDTH="13" VPOS="688" HPOS="900"/>
                  <String HEIGHT="41"
                          WIDTH="183"
                          VPOS="688"
                          HPOS="860"
                          CONTENT="habentibus"/>
                  <SP HEIGHT="41" WIDTH="13" VPOS="688" HPOS="1043"/>
                  <String HEIGHT="41"
                          WIDTH="104"
                          VPOS="688"
                          HPOS="1004"
                          CONTENT="eam,"/>
                  <SP HEIGHT="41" WIDTH="13" VPOS="688" HPOS="1108"/>
                  <String HEIGHT="41"
                          WIDTH="104"
                          VPOS="688"
                          HPOS="1069"
                          CONTENT="ideo"/>
                  <SP HEIGHT="41" WIDTH="13" VPOS="688" HPOS="1174"/>
                  <String HEIGHT="41"
                          WIDTH="157"
                          VPOS="688"
                          HPOS="1134"
                          CONTENT="terminus"/>
                  <SP HEIGHT="41" WIDTH="13" VPOS="688" HPOS="1291"/>
                  <String HEIGHT="41"
                          WIDTH="65"
                          VPOS="688"
                          HPOS="1239"
                          CONTENT="nu"
                          SUBS_TYPE="HypPart1"
                          SUBS_CONTENT="numeralis"/>
                  <HYP CONTENT="-"/>
               </TextLine>
               <TextLine ID="r2l36"
                         BASELINE="762"
                         HEIGHT="47"
                         WIDTH="573"
                         VPOS="715"
                         HPOS="730">
                  <String HEIGHT="47"
                          WIDTH="140"
                          VPOS="715"
                          HPOS="717"
                          CONTENT="meralis"
                          SUBS_TYPE="HypPart2"
                          SUBS_CONTENT="numeralis"/>
                  <SP HEIGHT="47" WIDTH="13" VPOS="715" HPOS="857"/>
                  <String HEIGHT="47"
                          WIDTH="140"
                          VPOS="715"
                          HPOS="819"
                          CONTENT="additus"/>
                  <SP HEIGHT="47" WIDTH="13" VPOS="715" HPOS="959"/>
                  <String HEIGHT="47"
                          WIDTH="127"
                          VPOS="715"
                          HPOS="921"
                          CONTENT="nomini"/>
                  <SP HEIGHT="47" WIDTH="13" VPOS="715" HPOS="1048"/>
                  <String HEIGHT="47"
                          WIDTH="178"
                          VPOS="715"
                          HPOS="1010"
                          CONTENT="adiectiuo,"/>
                  <SP HEIGHT="47" WIDTH="13" VPOS="715" HPOS="1188"/>
                  <String HEIGHT="47" WIDTH="89" VPOS="715" HPOS="1150" CONTENT="vel"/>
                  <SP HEIGHT="47" WIDTH="13" VPOS="715" HPOS="1239"/>
                  <String HEIGHT="47"
                          WIDTH="115"
                          VPOS="715"
                          HPOS="1188"
                          CONTENT="substam"/>
               </TextLine>
               <TextLine ID="r2l38"
                         BASELINE="806"
                         HEIGHT="51"
                         WIDTH="570"
                         VPOS="755"
                         HPOS="737">
                  <String HEIGHT="51" WIDTH="99" VPOS="755" HPOS="725" CONTENT="tiuo"/>
                  <SP HEIGHT="51" WIDTH="12" VPOS="755" HPOS="824"/>
                  <String HEIGHT="51"
                          WIDTH="198"
                          VPOS="755"
                          HPOS="787"
                          CONTENT="significanti"/>
                  <SP HEIGHT="51" WIDTH="12" VPOS="755" HPOS="985"/>
                  <String HEIGHT="51"
                          WIDTH="149"
                          VPOS="755"
                          HPOS="948"
                          CONTENT="virtutem"/>
                  <SP HEIGHT="51" WIDTH="12" VPOS="755" HPOS="1096"/>
                  <String HEIGHT="51" WIDTH="74" VPOS="755" HPOS="1059" CONTENT="in"/>
                  <SP HEIGHT="51" WIDTH="12" VPOS="755" HPOS="1134"/>
                  <String HEIGHT="51"
                          WIDTH="124"
                          VPOS="755"
                          HPOS="1096"
                          CONTENT="ordine"/>
                  <SP HEIGHT="51" WIDTH="12" VPOS="755" HPOS="1220"/>
                  <String HEIGHT="51" WIDTH="74" VPOS="755" HPOS="1183" CONTENT="ad"/>
                  <SP HEIGHT="51" WIDTH="12" VPOS="755" HPOS="1257"/>
                  <String HEIGHT="51"
                          WIDTH="99"
                          VPOS="755"
                          HPOS="1208"
                          CONTENT="actum,"/>
               </TextLine>
               <TextLine ID="r2l40"
                         BASELINE="835"
                         HEIGHT="44"
                         WIDTH="568"
                         VPOS="791"
                         HPOS="729">
                  <String HEIGHT="44" WIDTH="99" VPOS="791" HPOS="715" CONTENT="non"/>
                  <SP HEIGHT="44" WIDTH="14" VPOS="791" HPOS="814"/>
                  <String HEIGHT="44"
                          WIDTH="185"
                          VPOS="791"
                          HPOS="772"
                          CONTENT="numerabit"/>
                  <SP HEIGHT="44" WIDTH="14" VPOS="791" HPOS="956"/>
                  <String HEIGHT="44"
                          WIDTH="199"
                          VPOS="791"
                          HPOS="914"
                          CONTENT="necessario"/>
                  <SP HEIGHT="44" WIDTH="14" VPOS="791" HPOS="1112"/>
                  <String HEIGHT="44"
                          WIDTH="128"
                          VPOS="791"
                          HPOS="1070"
                          CONTENT="ipsam"/>
                  <SP HEIGHT="44" WIDTH="14" VPOS="791" HPOS="1198"/>
                  <String HEIGHT="44"
                          WIDTH="156"
                          VPOS="791"
                          HPOS="1141"
                          CONTENT="virtutem,"/>
               </TextLine>
               <TextLine ID="r2l42"
                         BASELINE="872"
                         HEIGHT="48"
                         WIDTH="366"
                         VPOS="824"
                         HPOS="731">
                  <String HEIGHT="48" WIDTH="95" VPOS="824" HPOS="717" CONTENT="sed"/>
                  <SP HEIGHT="48" WIDTH="14" VPOS="824" HPOS="812"/>
                  <String HEIGHT="48"
                          WIDTH="176"
                          VPOS="824"
                          HPOS="772"
                          CONTENT="supposita"/>
                  <SP HEIGHT="48" WIDTH="14" VPOS="824" HPOS="948"/>
                  <String HEIGHT="48"
                          WIDTH="163"
                          VPOS="824"
                          HPOS="907"
                          CONTENT="habentia"/>
                  <SP HEIGHT="48" WIDTH="14" VPOS="824" HPOS="1070"/>
                  <String HEIGHT="48"
                          WIDTH="81"
                          VPOS="824"
                          HPOS="1016"
                          CONTENT="eam."/>
               </TextLine>
               <TextLine ID="r2l44"
                         BASELINE="904"
                         HEIGHT="61"
                         WIDTH="531"
                         VPOS="843"
                         HPOS="766">
                  <String HEIGHT="61" WIDTH="76" VPOS="843" HPOS="753" CONTENT="Et"/>
                  <SP HEIGHT="61" WIDTH="13" VPOS="843" HPOS="829"/>
                  <String HEIGHT="61"
                          WIDTH="152"
                          VPOS="843"
                          HPOS="791"
                          CONTENT="confirmo"/>
                  <SP HEIGHT="61" WIDTH="13" VPOS="843" HPOS="943"/>
                  <String HEIGHT="61"
                          WIDTH="101"
                          VPOS="843"
                          HPOS="905"
                          CONTENT="eius"/>
                  <SP HEIGHT="61" WIDTH="13" VPOS="843" HPOS="1006"/>
                  <String HEIGHT="61"
                          WIDTH="164"
                          VPOS="843"
                          HPOS="968"
                          CONTENT="rationem,"/>
                  <SP HEIGHT="61" WIDTH="13" VPOS="843" HPOS="1133"/>
                  <String HEIGHT="61"
                          WIDTH="101"
                          VPOS="843"
                          HPOS="1095"
                          CONTENT="quia"/>
                  <SP HEIGHT="61" WIDTH="13" VPOS="843" HPOS="1196"/>
                  <String HEIGHT="61"
                          WIDTH="126"
                          VPOS="843"
                          HPOS="1158"
                          CONTENT="(sicut"/>
                  <SP HEIGHT="61" WIDTH="13" VPOS="843" HPOS="1284"/>
                  <String HEIGHT="61" WIDTH="63" VPOS="843" HPOS="1234" CONTENT="tan"/>
               </TextLine>
               <TextLine ID="r2l46"
                         BASELINE="940"
                         HEIGHT="44"
                         WIDTH="573"
                         VPOS="896"
                         HPOS="727">
                  <String HEIGHT="44"
                          WIDTH="166"
                          VPOS="896"
                          HPOS="712"
                          CONTENT="gebatur"/>
                  <SP HEIGHT="44" WIDTH="15" VPOS="896" HPOS="878"/>
                  <String HEIGHT="44"
                          WIDTH="196"
                          VPOS="896"
                          HPOS="833"
                          CONTENT="superius)"/>
                  <SP HEIGHT="44" WIDTH="15" VPOS="896" HPOS="1029"/>
                  <String HEIGHT="44"
                          WIDTH="151"
                          VPOS="896"
                          HPOS="983"
                          CONTENT="quando"/>
                  <SP HEIGHT="44" WIDTH="15" VPOS="896" HPOS="1134"/>
                  <String HEIGHT="44"
                          WIDTH="226"
                          VPOS="896"
                          HPOS="1089"
                          CONTENT="adiectiuum,"/>
                  <SP HEIGHT="44" WIDTH="15" VPOS="896" HPOS="1315"/>
                  <String HEIGHT="44" WIDTH="45" VPOS="896" HPOS="1255" CONTENT="&amp;"/>
               </TextLine>
               <TextLine ID="r2l48"
                         BASELINE="978"
                         HEIGHT="47"
                         WIDTH="563"
                         VPOS="931"
                         HPOS="737">
                  <String HEIGHT="47"
                          WIDTH="201"
                          VPOS="931"
                          HPOS="724"
                          CONTENT="ubstantiuum"/>
                  <SP HEIGHT="47" WIDTH="13" VPOS="931" HPOS="925"/>
                  <String HEIGHT="47"
                          WIDTH="188"
                          VPOS="931"
                          HPOS="884"
                          CONTENT="conueniunt"/>
                  <SP HEIGHT="47" WIDTH="13" VPOS="931" HPOS="1072"/>
                  <String HEIGHT="47" WIDTH="80" VPOS="931" HPOS="1032" CONTENT="in"/>
                  <SP HEIGHT="47" WIDTH="13" VPOS="931" HPOS="1112"/>
                  <String HEIGHT="47"
                          WIDTH="188"
                          VPOS="931"
                          HPOS="1072"
                          CONTENT="principali"/>
                  <SP HEIGHT="47" WIDTH="13" VPOS="931" HPOS="1260"/>
                  <String HEIGHT="47"
                          WIDTH="94"
                          VPOS="931"
                          HPOS="1206"
                          CONTENT="signi"/>
               </TextLine>
               <TextLine ID="r2l50"
                         BASELINE="1009"
                         HEIGHT="42"
                         WIDTH="562"
                         VPOS="967"
                         HPOS="735">
                  <String HEIGHT="42"
                          WIDTH="144"
                          VPOS="967"
                          HPOS="721"
                          CONTENT="ficato"/>
                  <SP HEIGHT="42" WIDTH="14" VPOS="967" HPOS="865"/>
                  <String HEIGHT="42"
                          WIDTH="144"
                          VPOS="967"
                          HPOS="821"
                          CONTENT="semper"/>
                  <SP HEIGHT="42" WIDTH="14" VPOS="967" HPOS="966"/>
                  <String HEIGHT="42"
                          WIDTH="144"
                          VPOS="967"
                          HPOS="922"
                          CONTENT="habent"/>
                  <SP HEIGHT="42" WIDTH="14" VPOS="967" HPOS="1066"/>
                  <String HEIGHT="42"
                          WIDTH="173"
                          VPOS="967"
                          HPOS="1023"
                          CONTENT="numerari"/>
                  <SP HEIGHT="42" WIDTH="14" VPOS="967" HPOS="1196"/>
                  <String HEIGHT="42"
                          WIDTH="130"
                          VPOS="967"
                          HPOS="1153"
                          CONTENT="eodem"/>
                  <SP HEIGHT="42" WIDTH="14" VPOS="967" HPOS="1283"/>
                  <String HEIGHT="42"
                          WIDTH="72"
                          VPOS="967"
                          HPOS="1225"
                          CONTENT="mo"
                          SUBS_TYPE="HypPart1"
                          SUBS_CONTENT="modo"/>
                  <HYP CONTENT="-"/>
               </TextLine>
               <TextLine ID="r2l52"
                         BASELINE="1043"
                         HEIGHT="39"
                         WIDTH="566"
                         VPOS="1004"
                         HPOS="733">
                  <String HEIGHT="39"
                          WIDTH="89"
                          VPOS="1004"
                          HPOS="718"
                          CONTENT="do"
                          SUBS_TYPE="HypPart2"
                          SUBS_CONTENT="modo"/>
                  <SP HEIGHT="39" WIDTH="15" VPOS="1004" HPOS="807"/>
                  <String HEIGHT="39"
                          WIDTH="104"
                          VPOS="1004"
                          HPOS="763"
                          CONTENT="per"/>
                  <SP HEIGHT="39" WIDTH="15" VPOS="1004" HPOS="867"/>
                  <String HEIGHT="39"
                          WIDTH="179"
                          VPOS="1004"
                          HPOS="822"
                          CONTENT="terminum"/>
                  <SP HEIGHT="39" WIDTH="15" VPOS="1004" HPOS="1001"/>
                  <String HEIGHT="39"
                          WIDTH="194"
                          VPOS="1004"
                          HPOS="956"
                          CONTENT="numeralem"/>
                  <SP HEIGHT="39" WIDTH="15" VPOS="1004" HPOS="1150"/>
                  <String HEIGHT="39"
                          WIDTH="104"
                          VPOS="1004"
                          HPOS="1105"
                          CONTENT="eis"/>
                  <SP HEIGHT="39" WIDTH="15" VPOS="1004" HPOS="1210"/>
                  <String HEIGHT="39"
                          WIDTH="149"
                          VPOS="1004"
                          HPOS="1150"
                          CONTENT="additum;"/>
               </TextLine>
               <TextLine ID="r2l54"
                         BASELINE="1075"
                         HEIGHT="38"
                         WIDTH="569"
                         VPOS="1037"
                         HPOS="731">
                  <String HEIGHT="38" WIDTH="78" VPOS="1037" HPOS="718" CONTENT="si"/>
                  <SP HEIGHT="38" WIDTH="13" VPOS="1037" HPOS="796"/>
                  <String HEIGHT="38"
                          WIDTH="116"
                          VPOS="1037"
                          HPOS="757"
                          CONTENT="autem"/>
                  <SP HEIGHT="38" WIDTH="13" VPOS="1037" HPOS="873"/>
                  <String HEIGHT="38"
                          WIDTH="168"
                          VPOS="1037"
                          HPOS="834"
                          CONTENT="contingat"/>
                  <SP HEIGHT="38" WIDTH="13" VPOS="1037" HPOS="1003"/>
                  <String HEIGHT="38"
                          WIDTH="194"
                          VPOS="1037"
                          HPOS="964"
                          CONTENT="contratium,"/>
                  <SP HEIGHT="38" WIDTH="13" VPOS="1037" HPOS="1158"/>
                  <String HEIGHT="38"
                          WIDTH="116"
                          VPOS="1037"
                          HPOS="1119"
                          CONTENT="sicut"/>
                  <SP HEIGHT="38" WIDTH="13" VPOS="1037" HPOS="1235"/>
                  <String HEIGHT="38" WIDTH="78" VPOS="1037" HPOS="1197" CONTENT="in"/>
                  <SP HEIGHT="38" WIDTH="13" VPOS="1037" HPOS="1274"/>
                  <String HEIGHT="38"
                          WIDTH="78"
                          VPOS="1037"
                          HPOS="1222"
                          CONTENT="crea"/>
               </TextLine>
               <TextLine ID="r2l56"
                         BASELINE="1110"
                         HEIGHT="39"
                         WIDTH="581"
                         VPOS="1071"
                         HPOS="734">
                  <String HEIGHT="39" WIDTH="87" VPOS="1071" HPOS="722" CONTENT="te,"/>
                  <SP HEIGHT="39" WIDTH="12" VPOS="1071" HPOS="808"/>
                  <String HEIGHT="39" WIDTH="62" VPOS="1071" HPOS="771" CONTENT="&amp;"/>
                  <SP HEIGHT="39" WIDTH="12" VPOS="1071" HPOS="833"/>
                  <String HEIGHT="39"
                          WIDTH="161"
                          VPOS="1071"
                          HPOS="796"
                          CONTENT="creatore,"/>
                  <SP HEIGHT="39" WIDTH="12" VPOS="1071" HPOS="957"/>
                  <String HEIGHT="39" WIDTH="87" VPOS="1071" HPOS="919" CONTENT="hoc"/>
                  <SP HEIGHT="39" WIDTH="12" VPOS="1071" HPOS="1006"/>
                  <String HEIGHT="39"
                          WIDTH="99"
                          VPOS="1071"
                          HPOS="969"
                          CONTENT="ideo"/>
                  <SP HEIGHT="39" WIDTH="12" VPOS="1071" HPOS="1068"/>
                  <String HEIGHT="39"
                          WIDTH="99"
                          VPOS="1071"
                          HPOS="1031"
                          CONTENT="est,"/>
                  <SP HEIGHT="39" WIDTH="12" VPOS="1071" HPOS="1130"/>
                  <String HEIGHT="39"
                          WIDTH="99"
                          VPOS="1071"
                          HPOS="1092"
                          CONTENT="quia"/>
                  <SP HEIGHT="39" WIDTH="12" VPOS="1071" HPOS="1191"/>
                  <String HEIGHT="39"
                          WIDTH="124"
                          VPOS="1071"
                          HPOS="1154"
                          CONTENT="actus,"/>
                  <SP HEIGHT="39" WIDTH="12" VPOS="1071" HPOS="1278"/>
                  <String HEIGHT="39" WIDTH="62" VPOS="1071" HPOS="1241" CONTENT="a"/>
                  <SP HEIGHT="39" WIDTH="12" VPOS="1071" HPOS="1303"/>
                  <String HEIGHT="39"
                          WIDTH="62"
                          VPOS="1071"
                          HPOS="1253"
                          CONTENT="quo"/>
               </TextLine>
               <TextLine ID="r2l58"
                         BASELINE="1148"
                         HEIGHT="38"
                         WIDTH="565"
                         VPOS="1110"
                         HPOS="737">
                  <String HEIGHT="38" WIDTH="92" VPOS="1110" HPOS="724" CONTENT="fit"/>
                  <SP HEIGHT="38" WIDTH="13" VPOS="1110" HPOS="816"/>
                  <String HEIGHT="38"
                          WIDTH="197"
                          VPOS="1110"
                          HPOS="776"
                          CONTENT="denominatio"/>
                  <SP HEIGHT="38" WIDTH="13" VPOS="1110" HPOS="974"/>
                  <String HEIGHT="38"
                          WIDTH="131"
                          VPOS="1110"
                          HPOS="934"
                          CONTENT="formae"/>
                  <SP HEIGHT="38" WIDTH="13" VPOS="1110" HPOS="1065"/>
                  <String HEIGHT="38"
                          WIDTH="184"
                          VPOS="1110"
                          HPOS="1026"
                          CONTENT="importatae"/>
                  <SP HEIGHT="38" WIDTH="13" VPOS="1110" HPOS="1210"/>
                  <String HEIGHT="38"
                          WIDTH="92"
                          VPOS="1110"
                          HPOS="1171"
                          CONTENT="per"/>
                  <SP HEIGHT="38" WIDTH="13" VPOS="1110" HPOS="1263"/>
                  <String HEIGHT="38"
                          WIDTH="92"
                          VPOS="1110"
                          HPOS="1210"
                          CONTENT="vtrun"/>
               </TextLine>
               <TextLine ID="r2l60"
                         BASELINE="1187"
                         HEIGHT="42"
                         WIDTH="571"
                         VPOS="1145"
                         HPOS="733">
                  <String HEIGHT="42" WIDTH="91" VPOS="1145" HPOS="720" CONTENT="que"/>
                  <SP HEIGHT="42" WIDTH="13" VPOS="1145" HPOS="811"/>
                  <String HEIGHT="42"
                          WIDTH="130"
                          VPOS="1145"
                          HPOS="772"
                          CONTENT="nomen,"/>
                  <SP HEIGHT="42" WIDTH="13" VPOS="1145" HPOS="902"/>
                  <String HEIGHT="42" WIDTH="91" VPOS="1145" HPOS="863" CONTENT="ita"/>
                  <SP HEIGHT="42" WIDTH="13" VPOS="1145" HPOS="954"/>
                  <String HEIGHT="42"
                          WIDTH="130"
                          VPOS="1145"
                          HPOS="915"
                          CONTENT="potest"/>
                  <SP HEIGHT="42" WIDTH="13" VPOS="1145" HPOS="1044"/>
                  <String HEIGHT="42"
                          WIDTH="156"
                          VPOS="1145"
                          HPOS="1006"
                          CONTENT="attribui"/>
                  <SP HEIGHT="42" WIDTH="13" VPOS="1145" HPOS="1161"/>
                  <String HEIGHT="42"
                          WIDTH="130"
                          VPOS="1145"
                          HPOS="1122"
                          CONTENT="formae"/>
                  <SP HEIGHT="42" WIDTH="13" VPOS="1145" HPOS="1252"/>
                  <String HEIGHT="42"
                          WIDTH="117"
                          VPOS="1145"
                          HPOS="1213"
                          CONTENT="sicut"/>
                  <SP HEIGHT="42" WIDTH="13" VPOS="1145" HPOS="1330"/>
                  <String HEIGHT="42" WIDTH="26" VPOS="1145" HPOS="1278" CONTENT=""/>
               </TextLine>
               <TextLine ID="r2l62"
                         BASELINE="1218"
                         HEIGHT="39"
                         WIDTH="569"
                         VPOS="1179"
                         HPOS="734">
                  <String HEIGHT="39"
                          WIDTH="177"
                          VPOS="1179"
                          HPOS="721"
                          CONTENT="supposito."/>
                  <SP HEIGHT="39" WIDTH="13" VPOS="1179" HPOS="898"/>
                  <String HEIGHT="39" WIDTH="76" VPOS="1179" HPOS="860" CONTENT="Et"/>
                  <SP HEIGHT="39" WIDTH="13" VPOS="1179" HPOS="936"/>
                  <String HEIGHT="39"
                          WIDTH="101"
                          VPOS="1179"
                          HPOS="898"
                          CONTENT="ideo"/>
                  <SP HEIGHT="39" WIDTH="13" VPOS="1179" HPOS="1000"/>
                  <String HEIGHT="39" WIDTH="76" VPOS="1179" HPOS="962" CONTENT="si"/>
                  <SP HEIGHT="39" WIDTH="13" VPOS="1179" HPOS="1037"/>
                  <String HEIGHT="39"
                          WIDTH="126"
                          VPOS="1179"
                          HPOS="1000"
                          CONTENT="posset"/>
                  <SP HEIGHT="39" WIDTH="13" VPOS="1179" HPOS="1126"/>
                  <String HEIGHT="39"
                          WIDTH="89"
                          VPOS="1179"
                          HPOS="1088"
                          CONTENT="eis"/>
                  <SP HEIGHT="39" WIDTH="13" VPOS="1179" HPOS="1177"/>
                  <String HEIGHT="39"
                          WIDTH="152"
                          VPOS="1179"
                          HPOS="1139"
                          CONTENT="terminus"/>
                  <SP HEIGHT="39" WIDTH="13" VPOS="1179" HPOS="1290"/>
                  <String HEIGHT="39"
                          WIDTH="63"
                          VPOS="1179"
                          HPOS="1240"
                          CONTENT="nu"
                          SUBS_TYPE="HypPart1"
                          SUBS_CONTENT="numeralis"/>
                  <HYP CONTENT="-"/>
               </TextLine>
               <TextLine ID="r2l64"
                         BASELINE="1260"
                         HEIGHT="49"
                         WIDTH="574"
                         VPOS="1211"
                         HPOS="737">
                  <String HEIGHT="49"
                          WIDTH="154"
                          VPOS="1211"
                          HPOS="723"
                          CONTENT="meralis"
                          SUBS_TYPE="HypPart2"
                          SUBS_CONTENT="numeralis"/>
                  <SP HEIGHT="49" WIDTH="14" VPOS="1211" HPOS="877"/>
                  <String HEIGHT="49"
                          WIDTH="112"
                          VPOS="1211"
                          HPOS="835"
                          CONTENT="addi"/>
                  <SP HEIGHT="49" WIDTH="14" VPOS="1211" HPOS="947"/>
                  <String HEIGHT="49"
                          WIDTH="126"
                          VPOS="1211"
                          HPOS="905"
                          CONTENT="eodem"/>
                  <SP HEIGHT="49" WIDTH="14" VPOS="1211" HPOS="1031"/>
                  <String HEIGHT="49"
                          WIDTH="126"
                          VPOS="1211"
                          HPOS="989"
                          CONTENT="modo,"/>
                  <SP HEIGHT="49" WIDTH="14" VPOS="1211" HPOS="1115"/>
                  <String HEIGHT="49"
                          WIDTH="210"
                          VPOS="1211"
                          HPOS="1073"
                          CONTENT="sequeretur,"/>
                  <SP HEIGHT="49" WIDTH="14" VPOS="1211" HPOS="1283"/>
                  <String HEIGHT="49"
                          WIDTH="84"
                          VPOS="1211"
                          HPOS="1227"
                          CONTENT="quod"/>
               </TextLine>
               <TextLine ID="r2l66"
                         BASELINE="1295"
                         HEIGHT="41"
                         WIDTH="567"
                         VPOS="1254"
                         HPOS="733">
                  <String HEIGHT="41"
                          WIDTH="131"
                          VPOS="1254"
                          HPOS="718"
                          CONTENT="eodem"/>
                  <SP HEIGHT="41" WIDTH="15" VPOS="1254" HPOS="849"/>
                  <String HEIGHT="41"
                          WIDTH="116"
                          VPOS="1254"
                          HPOS="806"
                          CONTENT="modo"/>
                  <SP HEIGHT="41" WIDTH="15" VPOS="1254" HPOS="922"/>
                  <String HEIGHT="41"
                          WIDTH="218"
                          VPOS="1254"
                          HPOS="878"
                          CONTENT="numeraretur"/>
                  <SP HEIGHT="41" WIDTH="15" VPOS="1254" HPOS="1096"/>
                  <String HEIGHT="41"
                          WIDTH="131"
                          VPOS="1254"
                          HPOS="1053"
                          CONTENT="forma"/>
                  <SP HEIGHT="41" WIDTH="15" VPOS="1254" HPOS="1184"/>
                  <String HEIGHT="41"
                          WIDTH="131"
                          VPOS="1254"
                          HPOS="1140"
                          CONTENT="sicut"/>
                  <SP HEIGHT="41" WIDTH="15" VPOS="1254" HPOS="1271"/>
                  <String HEIGHT="41"
                          WIDTH="87"
                          VPOS="1254"
                          HPOS="1213"
                          CONTENT="sup"
                          SUBS_TYPE="HypPart1"
                          SUBS_CONTENT="suppositum:"/>
                  <HYP CONTENT="-"/>
               </TextLine>
               <TextLine ID="r2l68"
                         BASELINE="1330"
                         HEIGHT="44"
                         WIDTH="570"
                         VPOS="1286"
                         HPOS="734">
                  <String HEIGHT="44"
                          WIDTH="167"
                          VPOS="1286"
                          HPOS="720"
                          CONTENT="positum:"
                          SUBS_TYPE="HypPart2"
                          SUBS_CONTENT="suppositum:"/>
                  <SP HEIGHT="44" WIDTH="14" VPOS="1286" HPOS="887"/>
                  <String HEIGHT="44" WIDTH="97" VPOS="1286" HPOS="845" CONTENT="vbi"/>
                  <SP HEIGHT="44" WIDTH="14" VPOS="1286" HPOS="943"/>
                  <String HEIGHT="44"
                          WIDTH="111"
                          VPOS="1286"
                          HPOS="901"
                          CONTENT="ergo"/>
                  <SP HEIGHT="44" WIDTH="14" VPOS="1286" HPOS="1012"/>
                  <String HEIGHT="44"
                          WIDTH="139"
                          VPOS="1286"
                          HPOS="970"
                          CONTENT="actus,"/>
                  <SP HEIGHT="44" WIDTH="14" VPOS="1286" HPOS="1109"/>
                  <String HEIGHT="44" WIDTH="70" VPOS="1286" HPOS="1068" CONTENT="a"/>
                  <SP HEIGHT="44" WIDTH="14" VPOS="1286" HPOS="1137"/>
                  <String HEIGHT="44"
                          WIDTH="97"
                          VPOS="1286"
                          HPOS="1095"
                          CONTENT="quo"/>
                  <SP HEIGHT="44" WIDTH="14" VPOS="1286" HPOS="1193"/>
                  <String HEIGHT="44"
                          WIDTH="97"
                          VPOS="1286"
                          HPOS="1151"
                          CONTENT="sit"/>
                  <SP HEIGHT="44" WIDTH="14" VPOS="1286" HPOS="1248"/>
                  <String HEIGHT="44"
                          WIDTH="111"
                          VPOS="1286"
                          HPOS="1193"
                          CONTENT="denomi"/>
               </TextLine>
               <TextLine ID="r2l70"
                         BASELINE="1364"
                         HEIGHT="44"
                         WIDTH="567"
                         VPOS="1320"
                         HPOS="735">
                  <String HEIGHT="44"
                          WIDTH="124"
                          VPOS="1320"
                          HPOS="721"
                          CONTENT="natio"/>
                  <SP HEIGHT="44" WIDTH="14" VPOS="1320" HPOS="846"/>
                  <String HEIGHT="44"
                          WIDTH="138"
                          VPOS="1320"
                          HPOS="804"
                          CONTENT="formae"/>
                  <SP HEIGHT="44" WIDTH="14" VPOS="1320" HPOS="942"/>
                  <String HEIGHT="44"
                          WIDTH="194"
                          VPOS="1320"
                          HPOS="901"
                          CONTENT="importatae"/>
                  <SP HEIGHT="44" WIDTH="14" VPOS="1320" HPOS="1095"/>
                  <String HEIGHT="44"
                          WIDTH="97"
                          VPOS="1320"
                          HPOS="1053"
                          CONTENT="per"/>
                  <SP HEIGHT="44" WIDTH="14" VPOS="1320" HPOS="1150"/>
                  <String HEIGHT="44"
                          WIDTH="207"
                          VPOS="1320"
                          HPOS="1108"
                          CONTENT="adiectiuum,"/>
                  <SP HEIGHT="44" WIDTH="14" VPOS="1320" HPOS="1316"/>
                  <String HEIGHT="44" WIDTH="41" VPOS="1320" HPOS="1261" CONTENT="&amp;"/>
               </TextLine>
               <TextLine ID="r2l72"
                         BASELINE="1393"
                         HEIGHT="37"
                         WIDTH="568"
                         VPOS="1356"
                         HPOS="733">
                  <String HEIGHT="37"
                          WIDTH="230"
                          VPOS="1356"
                          HPOS="719"
                          CONTENT="substantiuum,"/>
                  <SP HEIGHT="37" WIDTH="14" VPOS="1356" HPOS="949"/>
                  <String HEIGHT="37" WIDTH="95" VPOS="1356" HPOS="909" CONTENT="ita"/>
                  <SP HEIGHT="37" WIDTH="14" VPOS="1356" HPOS="1003"/>
                  <String HEIGHT="37"
                          WIDTH="162"
                          VPOS="1356"
                          HPOS="963"
                          CONTENT="conuenit"/>
                  <SP HEIGHT="37" WIDTH="14" VPOS="1356" HPOS="1125"/>
                  <String HEIGHT="37"
                          WIDTH="189"
                          VPOS="1356"
                          HPOS="1085"
                          CONTENT="supposito,"/>
                  <SP HEIGHT="37" WIDTH="14" VPOS="1356" HPOS="1274"/>
                  <String HEIGHT="37"
                          WIDTH="81"
                          VPOS="1356"
                          HPOS="1220"
                          CONTENT="quod"/>
               </TextLine>
               <TextLine ID="r2l74"
                         BASELINE="1431"
                         HEIGHT="46"
                         WIDTH="570"
                         VPOS="1385"
                         HPOS="733">
                  <String HEIGHT="46" WIDTH="93" VPOS="1385" HPOS="720" CONTENT="non"/>
                  <SP HEIGHT="46" WIDTH="13" VPOS="1385" HPOS="813"/>
                  <String HEIGHT="46"
                          WIDTH="146"
                          VPOS="1385"
                          HPOS="773"
                          CONTENT="formae,"/>
                  <SP HEIGHT="46" WIDTH="13" VPOS="1385" HPOS="919"/>
                  <String HEIGHT="46"
                          WIDTH="159"
                          VPOS="1385"
                          HPOS="879"
                          CONTENT="terminus"/>
                  <SP HEIGHT="46" WIDTH="13" VPOS="1385" HPOS="1038"/>
                  <String HEIGHT="46"
                          WIDTH="172"
                          VPOS="1385"
                          HPOS="998"
                          CONTENT="numeralis"/>
                  <SP HEIGHT="46" WIDTH="13" VPOS="1385" HPOS="1170"/>
                  <String HEIGHT="46"
                          WIDTH="146"
                          VPOS="1385"
                          HPOS="1131"
                          CONTENT="additus"/>
                  <SP HEIGHT="46" WIDTH="13" VPOS="1385" HPOS="1276"/>
                  <String HEIGHT="46"
                          WIDTH="80"
                          VPOS="1385"
                          HPOS="1223"
                          CONTENT="vtri"/>
               </TextLine>
               <TextLine ID="r2l76"
                         BASELINE="1471"
                         HEIGHT="49"
                         WIDTH="567"
                         VPOS="1422"
                         HPOS="735">
                  <String HEIGHT="49" WIDTH="97" VPOS="1422" HPOS="721" CONTENT="que"/>
                  <SP HEIGHT="49" WIDTH="14" VPOS="1422" HPOS="818"/>
                  <String HEIGHT="49"
                          WIDTH="152"
                          VPOS="1422"
                          HPOS="776"
                          CONTENT="nomini,"/>
                  <SP HEIGHT="49" WIDTH="14" VPOS="1422" HPOS="929"/>
                  <String HEIGHT="49"
                          WIDTH="180"
                          VPOS="1422"
                          HPOS="887"
                          CONTENT="numerabit"/>
                  <SP HEIGHT="49" WIDTH="14" VPOS="1422" HPOS="1067"/>
                  <String HEIGHT="49"
                          WIDTH="194"
                          VPOS="1422"
                          HPOS="1025"
                          CONTENT="supposita,"/>
                  <SP HEIGHT="49" WIDTH="14" VPOS="1422" HPOS="1219"/>
                  <String HEIGHT="49" WIDTH="69" VPOS="1422" HPOS="1178" CONTENT="&amp;"/>
                  <SP HEIGHT="49" WIDTH="14" VPOS="1422" HPOS="1247"/>
                  <String HEIGHT="49"
                          WIDTH="97"
                          VPOS="1422"
                          HPOS="1205"
                          CONTENT="non"/>
                  <SP HEIGHT="49" WIDTH="14" VPOS="1422" HPOS="1302"/>
                  <String HEIGHT="49" WIDTH="55" VPOS="1422" HPOS="1247" CONTENT="ne"/>
               </TextLine>
               <TextLine ID="r2l78"
                         BASELINE="1503"
                         HEIGHT="36"
                         WIDTH="560"
                         VPOS="1467"
                         HPOS="741">
                  <String HEIGHT="36"
                          WIDTH="172"
                          VPOS="1467"
                          HPOS="727"
                          CONTENT="cessario"/>
                  <SP HEIGHT="36" WIDTH="14" VPOS="1467" HPOS="899"/>
                  <String HEIGHT="36"
                          WIDTH="158"
                          VPOS="1467"
                          HPOS="856"
                          CONTENT="formam,"/>
                  <SP HEIGHT="36" WIDTH="14" VPOS="1467" HPOS="1014"/>
                  <String HEIGHT="36" WIDTH="72" VPOS="1467" HPOS="971" CONTENT="&amp;"/>
                  <SP HEIGHT="36" WIDTH="14" VPOS="1467" HPOS="1043"/>
                  <String HEIGHT="36"
                          WIDTH="115"
                          VPOS="1467"
                          HPOS="999"
                          CONTENT="ideo"/>
                  <SP HEIGHT="36" WIDTH="14" VPOS="1467" HPOS="1114"/>
                  <String HEIGHT="36"
                          WIDTH="144"
                          VPOS="1467"
                          HPOS="1071"
                          CONTENT="nullum"/>
                  <SP HEIGHT="36" WIDTH="14" VPOS="1467" HPOS="1215"/>
                  <String HEIGHT="36"
                          WIDTH="144"
                          VPOS="1467"
                          HPOS="1157"
                          CONTENT="inconue"
                          SUBS_TYPE="HypPart1"
                          SUBS_CONTENT="inconueniens"/>
                  <HYP CONTENT="-"/>
               </TextLine>
               <TextLine ID="r2l80"
                         BASELINE="1543"
                         HEIGHT="46"
                         WIDTH="572"
                         VPOS="1497"
                         HPOS="733">
                  <String HEIGHT="46"
                          WIDTH="110"
                          VPOS="1497"
                          HPOS="721"
                          CONTENT="niens"
                          SUBS_TYPE="HypPart2"
                          SUBS_CONTENT="inconueniens"/>
                  <SP HEIGHT="46" WIDTH="12" VPOS="1497" HPOS="830"/>
                  <String HEIGHT="46"
                          WIDTH="146"
                          VPOS="1497"
                          HPOS="794"
                          CONTENT="sequitur"/>
                  <SP HEIGHT="46" WIDTH="12" VPOS="1497" HPOS="940"/>
                  <String HEIGHT="46" WIDTH="73" VPOS="1497" HPOS="903" CONTENT="in"/>
                  <SP HEIGHT="46" WIDTH="12" VPOS="1497" HPOS="976"/>
                  <String HEIGHT="46"
                          WIDTH="134"
                          VPOS="1497"
                          HPOS="940"
                          CONTENT="pposito"/>
                  <SP HEIGHT="46" WIDTH="12" VPOS="1497" HPOS="1074"/>
                  <String HEIGHT="46" WIDTH="73" VPOS="1497" HPOS="1037" CONTENT="si"/>
                  <SP HEIGHT="46" WIDTH="12" VPOS="1497" HPOS="1110"/>
                  <String HEIGHT="46"
                          WIDTH="146"
                          VPOS="1497"
                          HPOS="1074"
                          CONTENT="vtrumque"/>
                  <SP HEIGHT="46" WIDTH="12" VPOS="1497" HPOS="1220"/>
                  <String HEIGHT="46"
                          WIDTH="110"
                          VPOS="1497"
                          HPOS="1183"
                          CONTENT="nomen"/>
                  <SP HEIGHT="46" WIDTH="12" VPOS="1497" HPOS="1293"/>
                  <String HEIGHT="46"
                          WIDTH="61"
                          VPOS="1497"
                          HPOS="1244"
                          CONTENT="spi"/>
               </TextLine>
               <TextLine ID="r2l82"
                         BASELINE="1575"
                         HEIGHT="46"
                         WIDTH="570"
                         VPOS="1529"
                         HPOS="729">
                  <String HEIGHT="46"
                          WIDTH="152"
                          VPOS="1529"
                          HPOS="716"
                          CONTENT="ratoris,"/>
                  <SP HEIGHT="46" WIDTH="13" VPOS="1529" HPOS="868"/>
                  <String HEIGHT="46" WIDTH="63" VPOS="1529" HPOS="830" CONTENT="&amp;"/>
                  <SP HEIGHT="46" WIDTH="13" VPOS="1529" HPOS="894"/>
                  <String HEIGHT="46"
                          WIDTH="165"
                          VPOS="1529"
                          HPOS="856"
                          CONTENT="spirantis"/>
                  <SP HEIGHT="46" WIDTH="13" VPOS="1529" HPOS="1020"/>
                  <String HEIGHT="46"
                          WIDTH="114"
                          VPOS="1529"
                          HPOS="982"
                          CONTENT="eodem"/>
                  <SP HEIGHT="46" WIDTH="13" VPOS="1529" HPOS="1096"/>
                  <String HEIGHT="46"
                          WIDTH="101"
                          VPOS="1529"
                          HPOS="1058"
                          CONTENT="modo"/>
                  <SP HEIGHT="46" WIDTH="13" VPOS="1529" HPOS="1160"/>
                  <String HEIGHT="46"
                          WIDTH="190"
                          VPOS="1529"
                          HPOS="1109"
                          CONTENT="plurificetur."/>
               </TextLine>
               <TextLine ID="line_1600825010674_318"
                         BASELINE="1613"
                         HEIGHT="45"
                         WIDTH="467"
                         VPOS="1568"
                         HPOS="785">
                  <String HEIGHT="45" WIDTH="216" VPOS="1568" HPOS="749" CONTENT="AD"/>
                  <SP HEIGHT="45" WIDTH="36" VPOS="1568" HPOS="965"/>
                  <String HEIGHT="45"
                          WIDTH="323"
                          VPOS="1568"
                          HPOS="857"
                          CONTENT="ARGVM"/>
                  <SP HEIGHT="45" WIDTH="36" VPOS="1568" HPOS="1180"/>
                  <String HEIGHT="45"
                          WIDTH="216"
                          VPOS="1568"
                          HPOS="1036"
                          CONTENT="ENTA"/>
               </TextLine>
               <TextLine ID="r2l90"
                         BASELINE="1646"
                         HEIGHT="50"
                         WIDTH="159"
                         VPOS="1596"
                         HPOS="942">
                  <String HEIGHT="50"
                          WIDTH="193"
                          VPOS="1596"
                          HPOS="931"
                          CONTENT="printipalito."/>
                  <SP HEIGHT="50" WIDTH="11" VPOS="1596" HPOS="1124"/>
                  <String HEIGHT="50" WIDTH="23" VPOS="1596" HPOS="1078" CONTENT=""/>
               </TextLine>
               <TextLine ID="r2l92"
                         BASELINE="1685"
                         HEIGHT="60"
                         WIDTH="508"
                         VPOS="1625"
                         HPOS="798">
                  <String HEIGHT="60" WIDTH="85" VPOS="1625" HPOS="781" CONTENT="D"/>
                  <SP HEIGHT="60" WIDTH="17" VPOS="1625" HPOS="866"/>
                  <String HEIGHT="60"
                          WIDTH="169"
                          VPOS="1625"
                          HPOS="815"
                          CONTENT="primum"/>
                  <SP HEIGHT="60" WIDTH="17" VPOS="1625" HPOS="984"/>
                  <String HEIGHT="60"
                          WIDTH="135"
                          VPOS="1625"
                          HPOS="933"
                          CONTENT="nego"/>
                  <SP HEIGHT="60" WIDTH="17" VPOS="1625" HPOS="1069"/>
                  <String HEIGHT="60"
                          WIDTH="305"
                          VPOS="1625"
                          HPOS="1018"
                          CONTENT="consequentiam,"/>
                  <SP HEIGHT="60" WIDTH="17" VPOS="1625" HPOS="1323"/>
                  <String HEIGHT="60" WIDTH="51" VPOS="1625" HPOS="1255" CONTENT="&amp;"/>
               </TextLine>
               <TextLine ID="r2l95"
                         BASELINE="1715"
                         HEIGHT="69"
                         WIDTH="572"
                         VPOS="1646"
                         HPOS="725">
                  <String HEIGHT="69"
                          WIDTH="118"
                          VPOS="1646"
                          HPOS="708"
                          CONTENT="cum"/>
                  <SP HEIGHT="69" WIDTH="17" VPOS="1646" HPOS="826"/>
                  <String HEIGHT="69"
                          WIDTH="219"
                          VPOS="1646"
                          HPOS="775"
                          CONTENT="probatur,"/>
                  <SP HEIGHT="69" WIDTH="17" VPOS="1646" HPOS="994"/>
                  <String HEIGHT="69"
                          WIDTH="135"
                          VPOS="1646"
                          HPOS="944"
                          CONTENT="quia"/>
                  <SP HEIGHT="69" WIDTH="17" VPOS="1646" HPOS="1078"/>
                  <String HEIGHT="69"
                          WIDTH="168"
                          VPOS="1646"
                          HPOS="1028"
                          CONTENT="mutuus"/>
                  <SP HEIGHT="69" WIDTH="17" VPOS="1646" HPOS="1196"/>
                  <String HEIGHT="69"
                          WIDTH="135"
                          VPOS="1646"
                          HPOS="1146"
                          CONTENT="amor"/>
                  <SP HEIGHT="69" WIDTH="17" VPOS="1646" HPOS="1280"/>
                  <String HEIGHT="69"
                          WIDTH="84"
                          VPOS="1646"
                          HPOS="1213"
                          CONTENT="re"
                          SUBS_TYPE="HypPart1"
                          SUBS_CONTENT="requirit"/>
                  <HYP CONTENT="-"/>
               </TextLine>
               <TextLine ID="r2l97"
                         BASELINE="1755"
                         HEIGHT="52"
                         WIDTH="578"
                         VPOS="1703"
                         HPOS="728">
                  <String HEIGHT="52"
                          WIDTH="126"
                          VPOS="1703"
                          HPOS="715"
                          CONTENT="quirit"
                          SUBS_TYPE="HypPart2"
                          SUBS_CONTENT="requirit"/>
                  <SP HEIGHT="52" WIDTH="13" VPOS="1703" HPOS="841"/>
                  <String HEIGHT="52"
                          WIDTH="176"
                          VPOS="1703"
                          HPOS="803"
                          CONTENT="distinctas"/>
                  <SP HEIGHT="52" WIDTH="13" VPOS="1703" HPOS="979"/>
                  <String HEIGHT="52"
                          WIDTH="163"
                          VPOS="1703"
                          HPOS="942"
                          CONTENT="personas,"/>
                  <SP HEIGHT="52" WIDTH="13" VPOS="1703" HPOS="1105"/>
                  <String HEIGHT="52"
                          WIDTH="101"
                          VPOS="1703"
                          HPOS="1067"
                          CONTENT="dico"/>
                  <SP HEIGHT="52" WIDTH="13" VPOS="1703" HPOS="1168"/>
                  <String HEIGHT="52"
                          WIDTH="88"
                          VPOS="1703"
                          HPOS="1130"
                          CONTENT="hoc"/>
                  <SP HEIGHT="52" WIDTH="13" VPOS="1703" HPOS="1218"/>
                  <String HEIGHT="52"
                          WIDTH="88"
                          VPOS="1703"
                          HPOS="1180"
                          CONTENT="non"/>
                  <SP HEIGHT="52" WIDTH="13" VPOS="1703" HPOS="1268"/>
                  <String HEIGHT="52"
                          WIDTH="88"
                          VPOS="1703"
                          HPOS="1218"
                          CONTENT="esse,"/>
               </TextLine>
               <TextLine ID="r2l99"
                         BASELINE="1780"
                         HEIGHT="42"
                         WIDTH="571"
                         VPOS="1738"
                         HPOS="730">
                  <String HEIGHT="42" WIDTH="80" VPOS="1738" HPOS="717" CONTENT="vt"/>
                  <SP HEIGHT="42" WIDTH="13" VPOS="1738" HPOS="796"/>
                  <String HEIGHT="42"
                          WIDTH="159"
                          VPOS="1738"
                          HPOS="757"
                          CONTENT="acquirat"/>
                  <SP HEIGHT="42" WIDTH="13" VPOS="1738" HPOS="916"/>
                  <String HEIGHT="42" WIDTH="80" VPOS="1738" HPOS="876" CONTENT="in"/>
                  <SP HEIGHT="42" WIDTH="13" VPOS="1738" HPOS="956"/>
                  <String HEIGHT="42" WIDTH="93" VPOS="1738" HPOS="916" CONTENT="eis"/>
                  <SP HEIGHT="42" WIDTH="13" VPOS="1738" HPOS="1009"/>
                  <String HEIGHT="42"
                          WIDTH="146"
                          VPOS="1738"
                          HPOS="969"
                          CONTENT="maiorem"/>
                  <SP HEIGHT="42" WIDTH="13" VPOS="1738" HPOS="1115"/>
                  <String HEIGHT="42"
                          WIDTH="226"
                          VPOS="1738"
                          HPOS="1075"
                          CONTENT="perfectionem,"/>
                  <SP HEIGHT="42" WIDTH="13" VPOS="1738" HPOS="1301"/>
                  <String HEIGHT="42" WIDTH="53" VPOS="1738" HPOS="1248" CONTENT="im"/>
               </TextLine>
               <TextLine ID="r2l101"
                         BASELINE="1817"
                         HEIGHT="35"
                         WIDTH="567"
                         VPOS="1782"
                         HPOS="731">
                  <String HEIGHT="35" WIDTH="76" VPOS="1782" HPOS="718" CONTENT="mo"/>
                  <SP HEIGHT="35" WIDTH="13" VPOS="1782" HPOS="794"/>
                  <String HEIGHT="35" WIDTH="76" VPOS="1782" HPOS="756" CONTENT="ex"/>
                  <SP HEIGHT="35" WIDTH="13" VPOS="1782" HPOS="832"/>
                  <String HEIGHT="35"
                          WIDTH="189"
                          VPOS="1782"
                          HPOS="794"
                          CONTENT="plenitudine"/>
                  <SP HEIGHT="35" WIDTH="13" VPOS="1782" HPOS="983"/>
                  <String HEIGHT="35"
                          WIDTH="101"
                          VPOS="1782"
                          HPOS="945"
                          CONTENT="suae"/>
                  <SP HEIGHT="35" WIDTH="13" VPOS="1782" HPOS="1046"/>
                  <String HEIGHT="35"
                          WIDTH="164"
                          VPOS="1782"
                          HPOS="1008"
                          CONTENT="infinitae"/>
                  <SP HEIGHT="35" WIDTH="13" VPOS="1782" HPOS="1172"/>
                  <String HEIGHT="35"
                          WIDTH="176"
                          VPOS="1782"
                          HPOS="1122"
                          CONTENT="perfectionis"/>
               </TextLine>
               <TextLine ID="r2l103"
                         BASELINE="1859"
                         HEIGHT="45"
                         WIDTH="565"
                         VPOS="1814"
                         HPOS="730">
                  <String HEIGHT="45"
                          WIDTH="105"
                          VPOS="1814"
                          HPOS="717"
                          CONTENT="quam"/>
                  <SP HEIGHT="45" WIDTH="13" VPOS="1814" HPOS="822"/>
                  <String HEIGHT="45"
                          WIDTH="118"
                          VPOS="1814"
                          HPOS="783"
                          CONTENT="habet"/>
                  <SP HEIGHT="45" WIDTH="13" VPOS="1814" HPOS="901"/>
                  <String HEIGHT="45" WIDTH="79" VPOS="1814" HPOS="861" CONTENT="ex"/>
                  <SP HEIGHT="45" WIDTH="13" VPOS="1814" HPOS="940"/>
                  <String HEIGHT="45" WIDTH="92" VPOS="1814" HPOS="901" CONTENT="se,"/>
                  <SP HEIGHT="45" WIDTH="13" VPOS="1814" HPOS="993"/>
                  <String HEIGHT="45"
                          WIDTH="145"
                          VPOS="1814"
                          HPOS="953"
                          CONTENT="exigiti"/>
                  <SP HEIGHT="45" WIDTH="13" VPOS="1814" HPOS="1098"/>
                  <String HEIGHT="45"
                          WIDTH="131"
                          VPOS="1814"
                          HPOS="1058"
                          CONTENT="habere"/>
                  <SP HEIGHT="45" WIDTH="13" VPOS="1814" HPOS="1190"/>
                  <String HEIGHT="45"
                          WIDTH="158"
                          VPOS="1814"
                          HPOS="1137"
                          CONTENT="distinctas"/>
               </TextLine>
               <TextLine ID="r2l105"
                         BASELINE="1896"
                         HEIGHT="49"
                         WIDTH="557"
                         VPOS="1847"
                         HPOS="739">
                  <String HEIGHT="49"
                          WIDTH="168"
                          VPOS="1847"
                          HPOS="726"
                          CONTENT="personas,"/>
                  <SP HEIGHT="49" WIDTH="13" VPOS="1847" HPOS="894"/>
                  <String HEIGHT="49" WIDTH="91" VPOS="1847" HPOS="856" CONTENT="ita"/>
                  <SP HEIGHT="49" WIDTH="13" VPOS="1847" HPOS="946"/>
                  <String HEIGHT="49"
                          WIDTH="117"
                          VPOS="1847"
                          HPOS="907"
                          CONTENT="tamen"/>
                  <SP HEIGHT="49" WIDTH="13" VPOS="1847" HPOS="1024"/>
                  <String HEIGHT="49"
                          WIDTH="104"
                          VPOS="1847"
                          HPOS="985"
                          CONTENT="quod"/>
                  <SP HEIGHT="49" WIDTH="13" VPOS="1847" HPOS="1089"/>
                  <String HEIGHT="49"
                          WIDTH="117"
                          VPOS="1847"
                          HPOS="1050"
                          CONTENT="aeque"/>
                  <SP HEIGHT="49" WIDTH="13" VPOS="1847" HPOS="1166"/>
                  <String HEIGHT="49"
                          WIDTH="155"
                          VPOS="1847"
                          HPOS="1128"
                          CONTENT="perfecte"/>
                  <SP HEIGHT="49" WIDTH="13" VPOS="1847" HPOS="1283"/>
                  <String HEIGHT="49"
                          WIDTH="65"
                          VPOS="1847"
                          HPOS="1231"
                          CONTENT="sit"/>
               </TextLine>
               <TextLine ID="r2l107"
                         BASELINE="1922"
                         HEIGHT="36"
                         WIDTH="555"
                         VPOS="1886"
                         HPOS="735">
                  <String HEIGHT="36" WIDTH="81" VPOS="1886" HPOS="721" CONTENT="in"/>
                  <SP HEIGHT="36" WIDTH="14" VPOS="1886" HPOS="803"/>
                  <String HEIGHT="36"
                          WIDTH="108"
                          VPOS="1886"
                          HPOS="762"
                          CONTENT="vna,"/>
                  <SP HEIGHT="36" WIDTH="14" VPOS="1886" HPOS="870"/>
                  <String HEIGHT="36" WIDTH="68" VPOS="1886" HPOS="830" CONTENT="&amp;"/>
                  <SP HEIGHT="36" WIDTH="14" VPOS="1886" HPOS="897"/>
                  <String HEIGHT="36" WIDTH="81" VPOS="1886" HPOS="857" CONTENT="in"/>
                  <SP HEIGHT="36" WIDTH="14" VPOS="1886" HPOS="938"/>
                  <String HEIGHT="36"
                          WIDTH="176"
                          VPOS="1886"
                          HPOS="897"
                          CONTENT="pluribus,"/>
                  <SP HEIGHT="36" WIDTH="14" VPOS="1886" HPOS="1073"/>
                  <String HEIGHT="36" WIDTH="68" VPOS="1886" HPOS="1033" CONTENT="&amp;"/>
                  <SP HEIGHT="36" WIDTH="14" VPOS="1886" HPOS="1100"/>
                  <String HEIGHT="36"
                          WIDTH="122"
                          VPOS="1886"
                          HPOS="1060"
                          CONTENT="eodem"/>
                  <SP HEIGHT="36" WIDTH="14" VPOS="1886" HPOS="1182"/>
                  <String HEIGHT="36"
                          WIDTH="108"
                          VPOS="1886"
                          HPOS="1141"
                          CONTENT="modo"/>
                  <SP HEIGHT="36" WIDTH="14" VPOS="1886" HPOS="1249"/>
                  <String HEIGHT="36"
                          WIDTH="95"
                          VPOS="1886"
                          HPOS="1195"
                          CONTENT="dice"
                          SUBS_TYPE="HypPart1"
                          SUBS_CONTENT="dicedum"/>
                  <HYP CONTENT="-"/>
               </TextLine>
               <TextLine ID="r2l109"
                         BASELINE="1958"
                         HEIGHT="41"
                         WIDTH="565"
                         VPOS="1917"
                         HPOS="735">
                  <String HEIGHT="41"
                          WIDTH="88"
                          VPOS="1917"
                          HPOS="722"
                          CONTENT="dum"
                          SUBS_TYPE="HypPart2"
                          SUBS_CONTENT="dicedum"/>
                  <SP HEIGHT="41" WIDTH="13" VPOS="1917" HPOS="810"/>
                  <String HEIGHT="41" WIDTH="88" VPOS="1917" HPOS="773" CONTENT="est"/>
                  <SP HEIGHT="41" WIDTH="13" VPOS="1917" HPOS="861"/>
                  <String HEIGHT="41" WIDTH="75" VPOS="1917" HPOS="823" CONTENT="de"/>
                  <SP HEIGHT="41" WIDTH="13" VPOS="1917" HPOS="898"/>
                  <String HEIGHT="41"
                          WIDTH="100"
                          VPOS="1917"
                          HPOS="861"
                          CONTENT="actu"/>
                  <SP HEIGHT="41" WIDTH="13" VPOS="1917" HPOS="961"/>
                  <String HEIGHT="41"
                          WIDTH="151"
                          VPOS="1917"
                          HPOS="923"
                          CONTENT="spiradi,"/>
                  <SP HEIGHT="41" WIDTH="13" VPOS="1917" HPOS="1074"/>
                  <String HEIGHT="41"
                          WIDTH="88"
                          VPOS="1917"
                          HPOS="1036"
                          CONTENT="qui"/>
                  <SP HEIGHT="41" WIDTH="13" VPOS="1917" HPOS="1124"/>
                  <String HEIGHT="41"
                          WIDTH="88"
                          VPOS="1917"
                          HPOS="1087"
                          CONTENT="tam"/>
                  <SP HEIGHT="41" WIDTH="13" VPOS="1917" HPOS="1174"/>
                  <String HEIGHT="41"
                          WIDTH="151"
                          VPOS="1917"
                          HPOS="1137"
                          CONTENT="perfecte"/>
                  <SP HEIGHT="41" WIDTH="13" VPOS="1917" HPOS="1287"/>
                  <String HEIGHT="41"
                          WIDTH="63"
                          VPOS="1917"
                          HPOS="1237"
                          CONTENT="est"/>
               </TextLine>
               <TextLine ID="r2l112"
                         BASELINE="1998"
                         HEIGHT="44"
                         WIDTH="415"
                         VPOS="1954"
                         HPOS="731">
                  <String HEIGHT="44" WIDTH="80" VPOS="1954" HPOS="718" CONTENT="ab"/>
                  <SP HEIGHT="44" WIDTH="13" VPOS="1954" HPOS="798"/>
                  <String HEIGHT="44" WIDTH="94" VPOS="1954" HPOS="758" CONTENT="vna"/>
                  <SP HEIGHT="44" WIDTH="13" VPOS="1954" HPOS="851"/>
                  <String HEIGHT="44"
                          WIDTH="161"
                          VPOS="1954"
                          HPOS="811"
                          CONTENT="persona,"/>
                  <SP HEIGHT="44" WIDTH="13" VPOS="1954" HPOS="972"/>
                  <String HEIGHT="44"
                          WIDTH="120"
                          VPOS="1954"
                          HPOS="932"
                          CONTENT="sicut"/>
                  <SP HEIGHT="44" WIDTH="13" VPOS="1954" HPOS="1052"/>
                  <String HEIGHT="44" WIDTH="67" VPOS="1954" HPOS="1012" CONTENT="a"/>
                  <SP HEIGHT="44" WIDTH="13" VPOS="1954" HPOS="1079"/>
                  <String HEIGHT="44"
                          WIDTH="120"
                          VPOS="1954"
                          HPOS="1026"
                          CONTENT="duabus."/>
               </TextLine>
               <TextLine ID="r2l114"
                         BASELINE="2025"
                         HEIGHT="46"
                         WIDTH="533"
                         VPOS="1979"
                         HPOS="762">
                  <String HEIGHT="46" WIDTH="97" VPOS="1979" HPOS="746" CONTENT="Ad"/>
                  <SP HEIGHT="46" WIDTH="16" VPOS="1979" HPOS="843"/>
                  <String HEIGHT="46"
                          WIDTH="194"
                          VPOS="1979"
                          HPOS="794"
                          CONTENT="secundum"/>
                  <SP HEIGHT="46" WIDTH="16" VPOS="1979" HPOS="988"/>
                  <String HEIGHT="46"
                          WIDTH="194"
                          VPOS="1979"
                          HPOS="940"
                          CONTENT="dicendum"/>
                  <SP HEIGHT="46" WIDTH="16" VPOS="1979" HPOS="1133"/>
                  <String HEIGHT="46"
                          WIDTH="129"
                          VPOS="1979"
                          HPOS="1085"
                          CONTENT="quod"/>
                  <SP HEIGHT="46" WIDTH="16" VPOS="1979" HPOS="1214"/>
                  <String HEIGHT="46"
                          WIDTH="113"
                          VPOS="1979"
                          HPOS="1166"
                          CONTENT="non"/>
                  <SP HEIGHT="46" WIDTH="16" VPOS="1979" HPOS="1279"/>
                  <String HEIGHT="46"
                          WIDTH="81"
                          VPOS="1979"
                          HPOS="1214"
                          CONTENT="va"
                          SUBS_TYPE="HypPart1"
                          SUBS_CONTENT="vaset"/>
                  <HYP CONTENT="-"/>
               </TextLine>
               <TextLine ID="r2l116"
                         BASELINE="2065"
                         HEIGHT="43"
                         WIDTH="562"
                         VPOS="2022"
                         HPOS="737">
                  <String HEIGHT="43"
                          WIDTH="89"
                          VPOS="2022"
                          HPOS="724"
                          CONTENT="set"
                          SUBS_TYPE="HypPart2"
                          SUBS_CONTENT="vaset"/>
                  <SP HEIGHT="43" WIDTH="13" VPOS="2022" HPOS="814"/>
                  <String HEIGHT="43"
                          WIDTH="217"
                          VPOS="2022"
                          HPOS="775"
                          CONTENT="consequentia,"/>
                  <SP HEIGHT="43" WIDTH="13" VPOS="2022" HPOS="992"/>
                  <String HEIGHT="43" WIDTH="89" VPOS="2022" HPOS="954" CONTENT="nec"/>
                  <SP HEIGHT="43" WIDTH="13" VPOS="2022" HPOS="1044"/>
                  <String HEIGHT="43"
                          WIDTH="89"
                          VPOS="2022"
                          HPOS="1005"
                          CONTENT="sua"/>
                  <SP HEIGHT="43" WIDTH="13" VPOS="2022" HPOS="1095"/>
                  <String HEIGHT="43"
                          WIDTH="166"
                          VPOS="2022"
                          HPOS="1056"
                          CONTENT="probatio,"/>
                  <SP HEIGHT="43" WIDTH="13" VPOS="2022" HPOS="1222"/>
                  <String HEIGHT="43"
                          WIDTH="102"
                          VPOS="2022"
                          HPOS="1184"
                          CONTENT="quia"/>
                  <SP HEIGHT="43" WIDTH="13" VPOS="2022" HPOS="1286"/>
                  <String HEIGHT="43"
                          WIDTH="64"
                          VPOS="2022"
                          HPOS="1235"
                          CONTENT="si"
                          SUBS_TYPE="HypPart1"
                          SUBS_CONTENT="sicut"/>
                  <HYP CONTENT="-"/>
               </TextLine>
               <TextLine ID="r2l118"
                         BASELINE="2099"
                         HEIGHT="37"
                         WIDTH="567"
                         VPOS="2062"
                         HPOS="730">
                  <String HEIGHT="37"
                          WIDTH="88"
                          VPOS="2062"
                          HPOS="717"
                          CONTENT="cut"
                          SUBS_TYPE="HypPart2"
                          SUBS_CONTENT="sicut"/>
                  <SP HEIGHT="37" WIDTH="13" VPOS="2062" HPOS="806"/>
                  <String HEIGHT="37" WIDTH="76" VPOS="2062" HPOS="768" CONTENT="in"/>
                  <SP HEIGHT="37" WIDTH="13" VPOS="2062" HPOS="843"/>
                  <String HEIGHT="37" WIDTH="76" VPOS="2062" HPOS="806" CONTENT="2."/>
                  <SP HEIGHT="37" WIDTH="13" VPOS="2062" HPOS="881"/>
                  <String HEIGHT="37"
                          WIDTH="101"
                          VPOS="2062"
                          HPOS="843"
                          CONTENT="art."/>
                  <SP HEIGHT="37" WIDTH="13" VPOS="2062" HPOS="944"/>
                  <String HEIGHT="37"
                          WIDTH="139"
                          VPOS="2062"
                          HPOS="906"
                          CONTENT="patuit,"/>
                  <SP HEIGHT="37" WIDTH="13" VPOS="2062" HPOS="1045"/>
                  <String HEIGHT="37"
                          WIDTH="202"
                          VPOS="2062"
                          HPOS="1007"
                          CONTENT="reduplicatio"/>
                  <SP HEIGHT="37" WIDTH="13" VPOS="2062" HPOS="1209"/>
                  <String HEIGHT="37"
                          WIDTH="88"
                          VPOS="2062"
                          HPOS="1171"
                          CONTENT="non"/>
                  <SP HEIGHT="37" WIDTH="13" VPOS="2062" HPOS="1259"/>
                  <String HEIGHT="37"
                          WIDTH="88"
                          VPOS="2062"
                          HPOS="1209"
                          CONTENT="debet"/>
               </TextLine>
               <TextLine ID="r2l120"
                         BASELINE="2141"
                         HEIGHT="52"
                         WIDTH="569"
                         VPOS="2089"
                         HPOS="732">
                  <String HEIGHT="52"
                          WIDTH="194"
                          VPOS="2089"
                          HPOS="719"
                          CONTENT="reduplicare"/>
                  <SP HEIGHT="52" WIDTH="13" VPOS="2089" HPOS="913"/>
                  <String HEIGHT="52"
                          WIDTH="168"
                          VPOS="2089"
                          HPOS="874"
                          CONTENT="supposita"/>
                  <SP HEIGHT="52" WIDTH="13" VPOS="2089" HPOS="1042"/>
                  <String HEIGHT="52"
                          WIDTH="181"
                          VPOS="2089"
                          HPOS="1004"
                          CONTENT="spirantia,"/>
                  <SP HEIGHT="52" WIDTH="13" VPOS="2089" HPOS="1185"/>
                  <String HEIGHT="52"
                          WIDTH="91"
                          VPOS="2089"
                          HPOS="1146"
                          CONTENT="sed"/>
                  <SP HEIGHT="52" WIDTH="13" VPOS="2089" HPOS="1236"/>
                  <String HEIGHT="52"
                          WIDTH="116"
                          VPOS="2089"
                          HPOS="1185"
                          CONTENT="princi"
                          SUBS_TYPE="HypPart1"
                          SUBS_CONTENT="principium"/>
                  <HYP CONTENT="-"/>
               </TextLine>
               <TextLine ID="r2l123"
                         BASELINE="2178"
                         HEIGHT="51"
                         WIDTH="239"
                         VPOS="2127"
                         HPOS="734">
                  <String HEIGHT="51"
                          WIDTH="120"
                          VPOS="2127"
                          HPOS="719"
                          CONTENT="pium"
                          SUBS_TYPE="HypPart2"
                          SUBS_CONTENT="principium"/>
                  <SP HEIGHT="51" WIDTH="15" VPOS="2127" HPOS="839"/>
                  <String HEIGHT="51"
                          WIDTH="194"
                          VPOS="2127"
                          HPOS="779"
                          CONTENT="spiratiuum."/>
               </TextLine>
               <TextLine ID="r2l125"
                         BASELINE="2216"
                         HEIGHT="62"
                         WIDTH="538"
                         VPOS="2154"
                         HPOS="767">
                  <String HEIGHT="62" WIDTH="87" VPOS="2154" HPOS="752" CONTENT="Ad"/>
                  <SP HEIGHT="62" WIDTH="15" VPOS="2154" HPOS="840"/>
                  <String HEIGHT="62"
                          WIDTH="160"
                          VPOS="2154"
                          HPOS="796"
                          CONTENT="tertium"/>
                  <SP HEIGHT="62" WIDTH="15" VPOS="2154" HPOS="956"/>
                  <String HEIGHT="62"
                          WIDTH="116"
                          VPOS="2154"
                          HPOS="912"
                          CONTENT="nego"/>
                  <SP HEIGHT="62" WIDTH="15" VPOS="2154" HPOS="1029"/>
                  <String HEIGHT="62"
                          WIDTH="131"
                          VPOS="2154"
                          HPOS="985"
                          CONTENT="eorum"/>
                  <SP HEIGHT="62" WIDTH="15" VPOS="2154" HPOS="1116"/>
                  <String HEIGHT="62"
                          WIDTH="262"
                          VPOS="2154"
                          HPOS="1072"
                          CONTENT="consequentiam,"/>
                  <SP HEIGHT="62" WIDTH="15" VPOS="2154" HPOS="1334"/>
                  <String HEIGHT="62" WIDTH="29" VPOS="2154" HPOS="1276" CONTENT=""/>
               </TextLine>
            </TextBlock>
         </PrintSpace>
      </Page>
   </Layout>
</alto>
