1500 2370
121 174 122 60 eipia
203 174 109 60 sunt
271 174 150 60 praeuia
366 174 218 60 productionibus

167 221 153 42 Tertio,
278 221 111 42 quia
347 221 166 42 videmus,
472 221 111 42 quod
542 221 125 42 etiam
611 221 97 42 motus

123 250 139 55 alterius
228 250 150 55 rationis,
343 250 104 55 sicut
413 250 116 55 rectus
494 250 58 55 &
517 250 174 55 circularis,
644 250 58 55 pos

117 293 113 49 sunt
187 293 183 49 terminari
328 293 85 49 ad
371 293 141 49 eundem
469 293 183 49 terminum,
610 293 85 49 vt
639 293 70 49 pa-

127 328 84 45 tet
175 328 72 45 5.
211 328 132 45 Physic.
307 328 96 45 quod
367 328 84 45 non
415 328 120 45 esset,
500 328 72 45 si
536 328 168 45 distinctio
656 328 48 45 mo

121 360 119 46 tuum,
200 360 66 46 &
227 360 212 46 productionum
399 360 172 46 sumeretur
531 360 79 46 ex
557 360 146 46 terminis,

115 401 86 47 sed
164 401 110 47 istae
237 401 147 47 rationes
348 401 86 47 non
397 401 196 47 sufficienter
556 401 135 47 arguunt
642 401 61 47 pre

116 430 126 51 fatam
200 430 196 51 opinionem,
354 430 112 51 quod
410 430 112 51 patet.

163 462 95 46 Nam
218 462 122 46 prima
299 462 162 46 deficit,
420 462 108 46 quia
488 462 95 46 non
542 462 95 46 est
582 462 122 46 inconue

122 505 119 44 niens
201 505 133 44 illud,
294 505 106 44 quod
360 505 93 44 est
413 505 119 44 prius
493 505 159 44 secundum
599 505 106 44 origi-

129 535 92 43 nem
181 535 157 43 recipere
299 535 157 43 speciem,
417 535 66 43 &
444 535 223 43 distinctionem
627 535 79 43 ab
654 535 52 43 ip

122 569 76 43 so
160 569 190 43 posteriori,
312 569 114 43 sicut
388 569 139 43 videmus
489 569 76 43 de
527 569 139 43 materia
615 569 89 43 respe

122 608 93 32 ctu
175 608 147 32 formae:
282 608 173 32 similiter
415 608 67 32 &
441 608 120 32 motus
521 608 173 32 recipiunt
641 608 67 32 di-

126 639 191 49 stinctionem
279 639 191 49 exterminis,
431 639 140 49 quamuis
533 639 102 49 sint
584 639 114 49 preuij-

128 677 102 40 quia
192 677 115 40 talis
269 677 179 40 praeuiatio
409 677 89 40 non
460 677 89 40 est
511 677 153 40 secundum
613 677 89 40 perfe

120 707 170 40 ctionem,
247 707 99 40 sed
304 707 170 40 secundum
417 707 156 40 originem.

161 741 141 42 Secunda
264 741 115 42 etiam
340 741 153 42 deficit,
455 741 102 42 quia
519 741 90 42 non
570 741 90 42 est
609 741 102 42 simile

124 779 81 40 de
164 779 189 40 principijs
313 779 95 40 per
367 779 203 40 habitudinem
529 779 81 40 ad
556 779 149 40 productio

125 818 113 39 nem,
195 818 70 39 &
223 818 84 39 de
266 818 253 39 productionibus
477 818 99 39 per
519 818 183 39 habitudinem

122 848 86 43 ad
165 848 186 43 producta,
307 848 114 43 quia
379 848 186 43 principia
507 848 200 43 productionum

118 884 81 48 in
158 884 148 48 diuinis
265 884 94 48 non
319 884 107 48 sunt
386 884 81 48 in
426 884 121 48 eodem
507 884 134 48 genere
601 884 94 48 cum
641 884 67 48 pro

124 918 214 38 ductionibus;
297 918 93 38 nam
351 918 107 38 illa
417 918 107 38 sunt
484 918 80 38 de
524 918 133 38 genere
604 918 107 38 absolu

119 954 88 42 ro,
170 954 201 42 productiones
333 954 100 42 vero
395 954 75 42 de
433 954 125 42 genere
521 954 188 42 relationis,
659 954 50 42 si

120 990 129 33 autem
206 990 215 33 comparentur
378 990 230 33 productiones
565 990 86 33 ad
593 990 115 33 produm

127 1020 98 44 eta
183 1020 112 44 sunt
253 1020 84 44 in
296 1020 126 44 eodem
380 1020 155 44 genere,
492 1020 112 44 quia
563 1020 112 44 sunt
619 1020 84 44 ambo

117 1059 82 37 de
158 1059 137 37 genere
255 1059 206 37 relationis,
420 1059 151 37 propter
529 1059 110 37 quod
598 1059 96 37 non
639 1059 69 37 po-

122 1089 97 42 test
182 1089 109 42 fieri
255 1089 133 42 illatio
352 1089 109 42 eodem
425 1089 97 42 modo
485 1089 73 42 ex
521 1089 133 42 vtraque
606 1089 97 42 parte.

161 1125 130 45 Tertia
252 1125 170 45 similiter
383 1125 157 45 deficit,
500 1125 104 45 nam,
565 1125 104 45 quod
618 1125 91 45 motus

122 1155 198 42 circularis,
280 1155 66 42 &
306 1155 132 42 rectus
399 1155 92 42 non
451 1155 224 42 distinguantur
623 1155 79 42 omni

122 1195 80 40 no
162 1195 80 40 ex
202 1195 160 40 termino,
322 1195 93 40 hoc
375 1195 107 40 ideo
441 1195 107 40 est,
508 1195 107 40 quia
575 1195 120 40 fiunt
641 1195 67 40 per

123 1231 112 41 media
197 1231 162 41 distincta
322 1231 112 41 inter
397 1231 87 41 se,
447 1231 62 41 &
472 1231 62 41 a
497 1231 150 41 termino,
609 1231 87 41 sed
647 1231 62 41 vbi

118 1264 240 42 remouerentur
313 1264 135 42 omnia
403 1264 135 42 media
493 1264 75 42 a
523 1264 180 42 motibus,
658 1264 75 42 &

122 1305 237 38 productionibus,
321 1305 112 38 sicut
396 1305 87 38 est
446 1305 75 38 in
484 1305 175 38 proposito,
609 1305 87 38 vide-

129 1332 126 49 retur
213 1332 195 49 accipienda
366 1332 195 49 distinctio
506 1332 195 49 productionum

122 1370 78 40 ab
161 1370 117 40 ipsis
239 1370 169 40 terminis;
369 1370 117 40 manet
447 1370 104 40 ergo
512 1370 117 40 prima
590 1370 143 40 opinio,

120 1402 127 39 nisi
200 1402 143 39 aliud
295 1402 175 39 dicatur
423 1402 159 39 contra
518 1402 96 39 eam.

164 1436 196 42 Quapropter
318 1436 112 42 mihi
388 1436 154 42 videtur
500 1436 140 42 aliter
584 1436 126 42 dicedum

120 1472 139 38 contra
217 1472 180 38 praefatam
356 1472 194 38 opinionem,
509 1472 222 38 quadruplici

109 1506 207 43 terenim
260 1506 207 43 videtur
392 1506 207 43 deficere.

154 1537 134 43 Primo,
248 1537 107 43 quia
315 1537 175 43 supponit,
449 1537 107 43 quod
516 1537 175 43 supposita
637 1537 67 43 pro

119 1578 127 34 dueta
203 1578 113 34 sint
274 1578 155 34 termini
387 1578 240 34 productionum,
584 1578 113 34 quod
641 1578 70 34 est

124 1610 143 35 falsum,
228 1610 155 35 siquidem
344 1610 155 35 terminus
461 1610 194 35 specificus,
616 1610 78 35 de
642 1610 65 35 quo

124 1644 105 39 ipsi
189 1644 184 39 loquuntur,
334 1644 92 39 non
386 1644 92 39 est
439 1644 118 39 illud
517 1644 105 39 quod
570 1644 131 39 produci-

126 1680 114 42 tur,
197 1680 100 42 sed
254 1680 128 42 forma
339 1680 114 42 quae
410 1680 213 42 productione
567 1680 128 42 communi

124 1713 142 40 catur,
223 1713 113 40 immo
294 1713 85 40 si
336 1713 198 40 suppositum
492 1713 128 40 esset
563 1713 142 40 terminus

137 1748 201 43 productionis
301 1748 76 43 in
339 1748 151 43 diuinis,
452 1748 189 43 sequeretur,
603 1748 101 43 quod
654 1748 50 43 re

124 1783 116 37 latio,
205 1783 93 37 quae
263 1783 81 37 est
310 1783 185 37 constitutiua
460 1783 127 37 ipsius,
553 1783 104 37 esset
610 1783 93 37 termi-

121 1816 106 45 nur,
187 1816 120 45 cuius
267 1816 186 45 contrarium
413 1816 106 45 fuit
479 1816 159 45 probatum
599 1816 106 45 ins,
652 1816 53 45 di

113 1851 182 42 stinetione.

152 1886 165 48 Secundo,
276 1886 110 48 quia
345 1886 124 48 dato,
428 1886 110 48 quod
496 1886 179 48 supposita
620 1886 83 48 pro-

119 1917 117 45 ducta
197 1917 130 45 essent
287 1917 155 45 termini,
404 1917 91 45 non
456 1917 143 45 possent
560 1917 91 45 per
611 1917 91 45 hoc
650 1917 52 45 ha

121 1956 118 38 bere,
200 1956 105 38 quod
265 1956 131 38 dictae
357 1956 210 38 productiones
527 1956 131 38 essent
606 1956 92 38 alte-

124 1990 99 47 rius
186 1990 161 47 rationis,
310 1990 62 47 &
335 1990 149 47 speciei;
446 1990 87 47 nam
496 1990 112 47 sicut
570 1990 124 47 patuit
645 1990 62 47 su-

130 2024 123 51 perius
216 2024 74 51 in
253 2024 74 51 9.
290 2024 148 51 distinc.
400 2024 172 51 distinctio
536 2024 160 51 diuinorum
646 2024 62 51 sup

121 2059 169 46 positorum
251 2059 117 46 magis
329 2059 195 46 assimilatur
484 2059 208 46 distinctioni
640 2059 65 46 in-

128 2095 172 47 diuiduali,
263 2095 98 47 quam
324 2095 184 47 specificae:
471 2095 110 47 magis
545 2095 98 47 ergo
606 2095 86 47 per
643 2095 61 47 hoc

123 2127 156 59 habetur,
240 2127 104 59 quod
305 2127 130 59 essent
396 2127 143 59 eiusdem
500 2127 169 59 rationis,
630 2127 65 59 &
643 2127 65 59 spe

723 179 115 66 ciei,
800 179 64 66 &
825 179 89 66 per
876 179 178 66 consequens
1016 179 165 66 generatio
1143 179 115 66 esset
1207 179 89 66 quae-

725 228 89 51 dam
776 228 165 51 spiratio,
903 228 64 51 &
929 228 153 51 spiratio
1043 228 140 51 quaedam
1145 228 178 51 generatio,

719 261 109 42 quod
787 261 109 42 ipsi
855 261 136 42 vitare
936 261 109 42 volunt

750 293 150 51 Tertio,
860 293 109 51 quia
928 293 137 51 illud,
1024 293 109 51 quod
1092 293 164 51 assumunt
1215 293 82 51 de
1242 293 55 51 mu

723 333 192 45 tationibus,
877 333 89 45 non
928 333 89 45 est
979 333 77 45 ad
1017 333 192 45 propositum;
1170 333 89 45 nam
1221 333 77 45 si
1247 333 51 45 mo

721 371 101 46 tus,
785 371 63 46 &
810 371 139 46 mutatio
911 371 215 46 specificantur
1088 371 63 46 a
1113 371 164 46 terminis,
1227 371 63 46 hoc

717 400 107 44 ideo
784 400 107 44 est,
851 400 107 44 quia
918 400 107 44 sunt
985 400 107 44 quid
1052 400 215 44 incompletum,
1227 400 67 44 &
1240 400 54 44 in

724 444 169 42 potentia,
854 444 143 42 propter
958 444 104 42 quod
1022 444 169 42 recipiunt
1139 444 156 42 complemen-

720 476 104 46 tum,
785 476 65 46 &
811 476 207 46 actualitatem
979 476 78 46 ab
1018 476 117 46 ipsis
1096 476 168 46 terminis:
1212 476 78 46 pro-

725 507 173 50 ductiones
858 507 120 50 autem
938 507 133 50 dictae
1031 507 93 50 non
1085 507 107 50 sunt
1151 507 107 50 quid
1205 507 93 50 incom

723 539 144 52 pletum,
828 539 66 52 &
854 539 79 52 in
893 539 171 52 potentia,
1025 539 105 52 immo
1090 539 105 52 sunt
1143 539 157 52 perfectis-

720 581 122 35 simae,
805 581 61 35 &
830 581 220 35 actualissimae,
1013 581 61 35 &
1037 581 98 35 ideo
1099 581 110 35 sicut
1172 581 86 35 non
1208 581 86 35 reci-

729 607 136 50 piunt
820 607 258 50 complementum,
1032 607 76 50 &
1062 607 243 50 actualitatem
1244 607 61 50 ex

726 643 162 52 terminis,
850 643 87 52 ita
900 643 112 52 etiam
975 643 87 52 non
1025 643 125 52 debent
1113 643 75 52 ex
1150 643 87 52 eis
1188 643 112 52 recipe-

725 684 79 35 re
764 684 158 35 speciem,
883 684 66 35 &
896 684 210 35 distinctionem.

767 719 132 45 Quarto
859 719 158 45 deficit,
978 719 105 45 quia
1044 719 171 45 supposita
1162 719 132 45 producta

721 750 172 46 inquantum
853 750 172 46 terminant
986 750 119 46 illas
1065 750 225 46 productiones,
1237 750 53 46 ha

728 782 114 43 bent
799 782 142 43 eundem
898 782 128 43 modum
983 782 241 43 distinctionis
1182 782 99 43 cum
1225 782 71 43 pro

725 816 205 42 ductionibns;
892 816 90 42 nam
943 816 116 42 sicut
1021 816 218 42 productiones,
1200 816 77 42 in
1226 816 77 42 quam

724 856 99 44 tum
780 856 239 44 productiones,
977 856 99 44 non
1034 856 141 44 habent
1132 856 84 44 ad
1174 856 155 44 inuicem

727 891 216 48 oppositonem,
903 891 95 48 ita
957 891 68 48 &
984 891 176 48 supposita
1119 891 176 48 producta,
1241 891 54 48 in

739 917 148 58 uantum
843 917 177 58 producta
976 917 148 58 nullam
1079 917 148 58 habent
1168 917 133 58 opposi-

723 957 144 47 tionem:
827 957 144 47 propter
932 957 105 47 quod
997 957 91 47 non
1050 957 91 47 est
1102 957 118 47 maior
1180 957 118 47 ratio
1246 957 52 47 di

729 990 192 42 stinctionis
883 990 77 42 in
921 990 179 42 productis,
1061 990 102 42 quam
1125 990 77 42 in
1151 990 153 42 productio-

725 1024 125 44 nibus,
813 1024 63 44 &
838 1024 100 44 ideo
901 1024 88 44 non
951 1024 125 44 potest
1038 1024 113 44 magis
1113 1024 125 44 reduci
1188 1024 113 44 distin-

727 1059 112 41 ctio
797 1059 225 41 productionum
980 1059 84 41 in
1022 1059 239 41 distinctionem
1205 1059 112 41 produ-

728 1093 155 42 ctorum,
841 1093 113 42 quam
911 1093 71 42 e
939 1093 169 42 conuerso
1066 1093 85 42 Ex
1109 1093 141 42 quibus
1193 1093 113 42 conclu

725 1131 92 39 do,
777 1131 105 39 quod
843 1131 132 39 dictae
935 1131 211 39 productiones
1107 1131 92 39 non
1146 1131 158 39 distinguum

728 1163 97 44 tur
783 1163 83 44 ex
825 1163 179 44 terminis:
963 1163 83 44 Si
1004 1163 110 44 vero
1073 1163 152 44 volumus
1184 1163 124 44 loqui
1253 1163 55 44 de

726 1201 151 40 termino
836 1201 165 40 formali,
960 1201 110 40 tunc
1029 1201 138 40 habent
1125 1201 124 40 vnum,
1208 1201 69 40 &
1221 1201 83 40 eun-

729 1237 93 40 dem
782 1237 173 40 terminum,
915 1237 160 40 scilicet
1035 1237 120 40 ipsam
1115 1237 146 40 diuinam
1208 1237 93 40 essen

726 1271 118 48 tiam,
804 1271 105 48 quia
870 1271 144 48 relatio
975 1271 92 48 non
1027 1271 131 48 potest
1119 1271 105 48 esse
1171 1271 131 48 terminus

727 1303 223 42 generationis;
911 1303 66 42 &
937 1303 92 42 per
990 1303 131 42 easdem
1082 1303 158 42 rationes
1200 1303 92 42 nec
1239 1303 66 42 ter

727 1342 116 41 minus
804 1342 205 41 spirationis:
971 1342 103 41 Vnde
1035 1342 141 41 restat,
1138 1342 103 41 quod
1202 1342 103 41 sola
1254 1342 51 41 es

722 1370 123 58 sentia
808 1370 86 58 sit
857 1370 148 58 terminus
968 1370 160 58 vtriusque
1091 1370 210 58 processionis,
1264 1370 62 58 &

729 1407 101 43 quia
793 1407 152 43 essentia
907 1407 89 43 est
957 1407 127 43 omnino
1046 1407 101 43 vna,
1109 1407 89 43 non
1160 1407 139 43 poterit
1248 1407 51 43 su

730 1437 84 46 mi
772 1437 195 46 distinctio
925 1437 126 46 harum
1009 1437 223 46 processionum
1190 1437 84 46 ex
1218 1437 56 46 ea

762 1475 162 42 Occurrit
884 1475 122 42 tamen
965 1475 135 42 contra
1060 1475 176 42 praedicta
1181 1475 122 42 dubita-

726 1510 95 43 tio;
786 1510 84 43 nam
833 1510 72 43 si
869 1510 143 43 essentia
977 1510 119 43 diuina
1060 1510 84 43 est
1108 1510 143 43 terminus
1204 1510 95 43 vtrius

721 1549 93 49 que
774 1549 225 49 productionis,
959 1549 79 49 vt
999 1549 132 49 dictum
1091 1549 93 49 est
1144 1549 119 49 modo,
1210 1549 93 49 sequi

723 1579 106 43 tur
784 1579 122 43 quod
860 1579 106 43 vna
920 1579 76 43 &
951 1579 137 43 eadem
1042 1579 152 43 natura
1133 1579 167 43 communice

727 1617 105 42 tur,
792 1617 144 42 duplici
897 1617 249 42 communicatione:
1107 1617 92 42 hoc
1160 1617 118 42 autem
1225 1617 66 42 non

729 1653 141 41 videtur
832 1653 179 41 possibile,
972 1653 102 41 quia
1036 1653 90 41 vna
1087 1653 128 41 natura
1177 1653 115 41 debet
1241 1653 64 41 ha-

721 1685 129 36 bere
801 1685 129 36 vnum
882 1685 257 36 determinatum
1091 1685 145 36 modum
1171 1685 129 36 commu-

723 1721 200 41 nicationis;
883 1721 160 41 alioquin
1003 1721 94 41 non
1057 1721 120 41 esset
1123 1721 174 41 determmatus

718 1756 133 51 modus
807 1756 236 51 generationis
999 1756 177 51 secundum
1117 1756 177 51 vnamquamui

723 1789 156 38 speciem,
840 1789 104 38 quod
905 1789 91 38 est
957 1789 143 38 falsum,
1062 1789 104 38 quia
1127 1789 104 38 tunc
1192 1789 78 38 ex
1218 1789 78 38 quou

721 1821 92 44 bet
773 1821 131 44 posset
865 1821 157 44 generari
983 1821 184 44 quodlibet,
1127 1821 118 44 sicut
1193 1821 105 44 arguit

731 1858 132 41 Commen.
827 1858 72 41 8.
863 1858 132 41 Physic.
959 1858 132 41 dicens,
1055 1858 72 41 si
1091 1858 108 41 esset
1151 1858 144 41 possibile;

724 1896 86 38 vt
767 1896 228 38 generaretur,
952 1896 114 38 homo
1023 1896 86 38 ex
1066 1896 100 38 non
1123 1896 143 38 semine
1208 1896 100 38 homi-

722 1931 120 47 minis
801 1931 106 47 tunc
868 1931 106 47 iste
934 1931 120 47 homo:
1014 1931 173 47 diceretur
1134 1931 159 47 aequiuocen

723 1962 103 54 cum
782 1962 147 54 homine
885 1962 176 54 generato
1017 1962 88 54 ex
1061 1962 162 54 semine,
1164 1962 132 54 quoniam

730 1994 130 45 quando
821 1994 142 45 materia
924 1994 130 45 fuerit
1015 1994 155 45 diuersa,
1119 1994 181 45 diuersifica-

726 2029 112 43 bitur
800 2029 62 43 &
825 2029 124 43 forma,
912 2029 62 43 &
937 2029 75 43 si
974 2029 87 43 non
1024 2029 124 43 essent
1111 2029 87 43 hic
1160 2029 137 43 formae,
1260 2029 62 43 &

728 2070 159 40 materiae
847 2070 159 40 propriae
967 2070 106 40 tune
1033 2070 173 40 quodlibet
1153 2070 146 40 generate-

726 2096 94 49 tur
779 2096 80 49 ex
819 2096 174 49 quolibet,
953 2096 107 49 immo
1020 2096 134 49 frutis
1114 2096 161 49 diceret;
1221 2096 80 49 quod

725 2135 185 51 huiusmodi
867 2135 156 51 homines
980 2135 128 51 esset
1066 2135 156 51 eiusdem
1165 2135 142 51 ratlonis
