1500 2364
176 176 202 61 sequeretur,
337 176 108 61 quod
405 176 94 61 vna
459 176 67 61 &
485 176 121 61 eadem
566 176 148 61 species
661 176 94 61 esset

173 216 65 43 a
199 216 144 43 natura,
304 216 65 43 &
330 216 65 43 a
356 216 118 43 casu,
434 216 118 43 sicut
513 216 131 43 arguit
604 216 131 43 ipidem
683 216 65 43 Com

176 252 109 48 vult
245 252 123 48 ergo,
327 252 109 48 quod
395 252 123 48 origo
477 252 82 48 in
518 252 178 48 vnaquaque
641 252 109 48 specie

170 292 109 46 sit
233 292 171 46 secudum
357 292 124 46 vnum
435 292 140 46 modum
513 292 233 46 determinatum;

175 322 76 41 &
205 322 122 41 ideo
281 322 137 41 eodem
373 322 183 41 commento
510 322 183 41 procedit
632 322 122 41 contra

175 357 196 41 Auicennam
326 357 211 41 asserentem
492 357 166 41 hominem
612 357 136 41 posse
688 357 60 41 ge

172 399 124 43 nerari
258 399 74 43 ex
295 399 111 43 terra
370 399 87 43 per
419 399 235 43 putrefactionem,
617 399 74 43 si
654 399 99 43 ergo
704 399 49 43 in

173 426 132 46 eadem
262 426 147 46 natura
365 426 177 46 secundum
497 426 162 46 speciem
615 426 103 46 non
659 426 88 46 pos-

172 461 108 41 sunt
240 461 108 41 poni
308 461 135 41 plures
403 461 108 41 modi
471 461 271 41 conmunicationis;
687 461 68 41 mul

177 496 84 46 to
219 496 125 46 minus
302 496 167 46 poterunt
428 496 111 46 poni
497 496 84 46 in
539 496 125 46 eadem
609 496 139 46 secundum

171 533 170 37 numerum,
298 533 85 37 vt
341 533 99 37 est
398 533 142 37 natura
497 533 156 37 diuina,
610 533 99 37 non
653 533 99 37 erunt

172 566 124 38 igitur
259 566 87 38 ibi
308 566 99 38 duae
371 566 199 38 processiones
532 566 149 38 alterius
632 566 124 38 rationis

174 600 153 50 specifice
280 600 153 50 distinctae.

202 610 82 67 Ad
243 610 95 67 hoc
298 610 163 67 dicendum
420 610 95 67 est
475 610 95 67 non
529 610 136 67 fuisse
624 610 82 67 de
652 610 95 67 inte-

174 669 123 43 tione
256 669 123 43 Comm.
338 669 109 43 quod
406 669 95 43 vna
461 669 136 43 natura
556 669 177 43 specifica
679 669 68 43 sic

170 702 172 43 haberet
295 702 125 43 vnum
373 702 250 43 determinatum
576 702 141 43 modum
654 702 94 43 suae

177 739 266 43 communicationis,
403 739 106 43 quod
469 739 93 43 non
522 739 133 43 posset
602 739 146 43 communica

172 769 82 43 ri
213 769 109 43 alio
281 769 122 43 modo,
363 769 109 43 quia
431 769 109 43 tunc
499 769 231 43 contradiceret
675 769 82 43 sibi

174 808 118 40 ipsi,;
257 808 82 40 sed
304 808 129 40 voluit,
398 808 94 40 quod
456 808 82 40 vna
503 808 118 40 natura
586 808 153 40 specisica
691 808 59 40 non

179 847 134 40 posset
272 847 201 40 communicari
433 847 161 40 diuersis
554 847 134 40 modis,
648 847 134 40 quorum

177 873 105 54 vnus
242 873 118 54 esset
321 873 66 54 a
347 873 144 54 natura,
452 873 66 54 &
479 873 118 54 alter
557 873 66 54 a
583 873 118 54 casu,
649 873 105 54 quando

176 903 116 49 vero,
254 903 129 49 neuter
344 903 116 49 modus
421 903 116 49 esset
499 903 65 49 a
525 903 116 49 casu,
602 903 103 49 tunc
667 903 90 49 non
705 903 52 49 ne

167 948 166 53 gauit
277 948 203 53 diuerso
424 948 147 53 modo
498 948 258 53 communicari.

202 981 105 42 Hanc
267 981 131 42 fuisse
359 981 118 42 Auer.
438 981 197 42 intentionem
596 981 118 42 patet
674 981 79 42 7.
701 981 52 42 Me

175 1014 107 42 taph.
246 1014 95 42 con.
305 1014 83 42 28.
353 1014 83 42 vbi
400 1014 118 42 Arist.
483 1014 142 42 quaerit,
589 1014 107 42 quare
649 1014 107 42 quaedam

169 1049 107 47 fiunt
241 1049 107 47 simul
312 1049 72 47 ab
348 1049 107 47 arte,
420 1049 60 47 &
444 1049 60 47 a
468 1049 131 47 natura,
563 1049 107 47 sicut
635 1049 143 47 sanitas,

176 1086 151 44 quaedam
286 1086 110 44 vero
354 1086 82 44 ab
396 1086 110 44 arte
464 1086 151 44 tantum,
574 1086 123 44 sicut
642 1086 110 44 domus:

182 1119 100 40 Vbi
239 1119 128 40 dicit
324 1119 128 40 Comm.
410 1119 114 40 quod
481 1119 86 40 in
524 1119 157 40 materia
624 1119 128 40 quorun-

172 1151 91 46 dam
224 1151 118 46 eorum
303 1151 105 46 quae
368 1151 183 46 generantur
512 1151 78 46 ab
551 1151 183 46 artificio,
682 1151 65 46 est

176 1187 102 47 pars,
244 1187 148 47 potentiae
358 1187 148 47 naturalis
472 1187 125 47 similis
563 1187 159 47 artificio,
688 1187 57 47 &
699 1187 46 47 in

177 1228 146 41 materia
283 1228 173 41 quorundam
416 1228 93 41 non
469 1228 66 41 e
496 1228 120 41 talis
575 1228 173 41 potentia,
708 1228 66 41 &

186 1260 86 40 sta
235 1260 98 40 sunt
296 1260 98 40 quae
357 1260 171 40 generantur
492 1260 73 40 ab
529 1260 159 40 artificio
639 1260 110 40 tantum.

177 1290 107 43 Vult
244 1290 121 43 ergo,
324 1290 107 43 quod
391 1290 94 43 duo
445 1290 107 43 modi
512 1290 214 43 generationis
673 1290 80 43 com-

180 1320 124 53 petant
266 1320 99 53 ijs,
328 1320 99 53 quae
390 1320 136 53 possunt
489 1320 111 53 fieri
563 1320 62 53 a
588 1320 136 53 natura,
687 1320 62 53 &
699 1320 50 53 ab

177 1363 114 36 arte,
254 1363 127 36 neuter
342 1363 114 36 tamen
419 1363 89 36 est
470 1363 64 36 a
495 1363 114 36 casu,
571 1363 89 36 sed
622 1363 64 36 a
635 1363 114 36 natura;

177 1397 170 42 inquantum
308 1397 118 42 etiam
386 1397 105 42 iste
452 1397 131 42 modus,
544 1397 92 42 qui
596 1397 92 42 est
648 1397 79 42 ab
674 1397 79 42 arte

176 1426 82 52 est
223 1426 59 52 a
247 1426 153 52 principio
364 1426 153 52 naturali,
482 1426 118 52 simili
564 1426 153 52 artificio
670 1426 82 52 nali;

185 1463 93 40 deo
238 1463 93 40 ars
291 1463 106 40 isto
357 1463 106 40 modo
423 1463 132 40 sumpta
516 1463 93 40 non
569 1463 172 40 diuiditur
688 1463 66 40 con

179 1497 95 49 tra
234 1497 164 49 naturam.
357 1497 82 49 Et
398 1497 82 49 in
438 1497 109 49 xij:
507 1497 136 49 Metaph
602 1497 109 49 comm
657 1497 95 49 xiij-

186 1535 126 40 licit,
274 1535 101 40 quod
337 1535 151 40 animalia
450 1535 151 40 generata
563 1535 75 40 ex
589 1535 163 40 putrefactio

185 1575 74 38 ne
222 1575 86 38 non
271 1575 98 38 sunt
332 1575 148 38 alterius
443 1575 135 38 speciei
542 1575 74 38 ab
579 1575 86 38 ijs
628 1575 98 38 quae
677 1575 74 38 gene

186 1604 131 45 rantur
277 1604 78 45 ex
317 1604 144 45 semine;
421 1604 105 45 quia
487 1604 105 45 tunc
552 1604 183 45 animalibus
683 1604 65 45 il-

186 1634 78 45 is
225 1634 208 45 gompeterent,
394 1634 91 45 duo
446 1634 104 45 modi
511 1634 221 45 generationis;
680 1634 78 45 vnde

181 1669 121 42 circa
261 1669 121 42 finem
341 1669 161 42 praefati
462 1669 107 42 comm
529 1669 107 42 ait:
583 1669 174 42 Putrefactio

179 1704 75 41 ex
216 1704 87 41 qua
266 1704 175 41 generantur
403 1704 112 41 talia
478 1704 150 41 animalia
591 1704 87 41 est
641 1704 112 41 sicut
703 1704 50 41 se

174 1742 91 35 men
226 1742 78 35 in
265 1742 181 35 animalibus
407 1742 233 35 generabilibus,
602 1742 104 35 quia
666 1742 117 35 sicut

175 1773 76 47 in
213 1773 164 47 seminibus
339 1773 88 47 est
390 1773 126 47 virtus
478 1773 177 47 generatiua
617 1773 139 47 speciei
706 1773 50 47 ha

178 1809 124 42 bentis
264 1809 111 42 illud
339 1809 124 42 semen,
425 1809 99 42 quam
487 1809 124 42 Arist.
574 1809 161 42 assimilat
685 1809 62 42 ar-

178 1845 138 39 tificio;
281 1845 80 39 ita
327 1845 126 39 virtus,
418 1845 92 39 quae
476 1845 80 39 est
522 1845 69 39 in
556 1845 195 39 putrefactione
705 1845 46 39 pr

175 1881 91 44 pria
231 1881 136 44 alicuius
334 1881 148 44 animalis,
447 1881 80 44 est
493 1881 125 44 similis
584 1881 148 44 artificio
686 1881 68 44 quod

186 1913 94 39 est
239 1913 81 39 in
280 1913 148 39 semine.
387 1913 108 39 Vult
454 1913 108 39 ergo
522 1913 121 39 Comm.
602 1913 108 39 quod
656 1913 94 39 semen

185 1946 66 45 &
211 1946 199 45 putrefactio
370 1946 146 45 habeant
477 1946 225 45 similitudinem
662 1946 80 45 in
689 1946 66 45 vir

179 1983 115 41 tute;
256 1983 103 41 ista
320 1983 115 41 autem
397 1983 179 41 similitudo
538 1983 90 41 non
589 1983 128 41 potest
666 1983 90 41 atten

181 2013 83 47 di
223 2013 111 47 nisi
292 2013 125 47 penes
376 2013 167 47 vnitatem
501 2013 153 47 speciei
598 2013 153 47 (secundum

183 2049 133 47 cum..
272 2049 103 47 Nam
331 2049 89 47 in
375 2049 118 47 fine
449 2049 177 47 commenti
582 2049 148 47 dicit,
670 2049 89 47 quod

185 2076 114 49 inter
261 2076 114 49 istam
337 2076 165 49 virturem,
464 2076 63 49 &
489 2076 114 49 illam
565 2076 89 49 non
616 2076 89 49 est
654 2076 101 49 diffe-

185 2121 124 49 tentia,
275 2121 90 49 nisi
331 2121 90 49 quia
387 2121 101 49 illa,
455 2121 90 49 quae
511 2121 79 49 est
556 2121 67 49 in
589 2121 124 49 semine,
679 2121 79 49 est
713 2121 45 49 ab

774 169 142 59 nabente
878 169 116 59 semen
955 169 65 59 &
981 169 65 59 a
1007 169 116 59 sole,
1084 169 103 59 ista
1149 169 116 59 autem
1227 169 103 59 quae
1278 169 65 59 est

770 214 76 42 in
808 214 228 42 putrefactione,
999 214 89 42 est
1049 214 127 42 tantum
1138 214 63 42 a
1163 214 114 42 sole;
1240 214 127 42 nullam

764 257 219 41 differentiam
942 257 109 41 ergo
1010 257 123 41 ponit
1092 257 123 41 inter
1174 257 96 41 eas
1229 257 150 41 quantum

762 287 82 36 ad
803 287 205 36 intrinseca,
967 287 96 36 sed
1022 287 123 36 solum
1103 287 150 36 quantum
1213 287 82 36 ad
1240 287 109 36 extrin

768 318 114 42 seca;
844 318 190 42 relinquitur
996 318 101 42 ergo
1060 318 101 42 quod
1123 318 177 42 intelligat
1262 318 89 42 ibi
1300 318 51 42 es

772 354 80 47 se
812 354 227 47 similitudinem
999 354 214 47 essentialem,
1173 354 67 47 &
1200 354 94 47 per
1240 354 107 47 conse-

775 388 107 45 quens
846 388 95 45 erit
906 388 107 45 inter
977 388 83 45 eas
1024 388 119 45 vnitas
1108 388 166 45 specifica:
1238 388 71 45 si
1262 388 83 45 auten

779 427 162 49 praefatae
903 427 150 49 virtutes
1015 427 100 49 sunt
1078 427 137 49 eiusdem
1177 427 150 49 speciei,
1277 427 75 49 ergo

771 460 134 47 etiam
860 460 74 47 &
890 460 178 47 generata
1023 460 104 47 per
1068 460 74 47 eas

814 495 123 44 Illud
896 495 109 44 ergo
964 495 109 44 quod
1032 495 123 44 dicit
1114 495 82 44 in
1155 495 136 44 octauo
1237 495 109 44 physic

769 526 82 42 de
810 526 137 42 homine
906 526 164 42 generato
1029 526 82 42 ex
1070 526 246 42 putrefactione,
1275 526 109 42 quod
1330 526 41 42 r

769 564 113 43 esset
845 564 100 43 homo
907 564 175 43 aequiuoce,
1045 564 213 43 intelligendum
1221 564 100 43 est,
1283 564 100 43 quia
1333 564 38 43 d

771 596 115 46 talis
848 596 166 46 generatio
975 596 115 46 esset
1052 596 64 46 a
1078 596 102 46 casu
1141 596 140 46 secudum
1243 596 77 46 ea
1282 596 102 46 quae
1333 596 38 46 u

771 631 164 46 videmus;
895 631 110 46 quae
963 631 123 46 autem
1045 631 192 46 generantur
1196 631 69 46 a
1224 631 110 46 casu
1278 631 69 46 non

772 664 93 49 unt
825 664 147 49 eiusdem
932 664 147 49 speciei
1038 664 93 49 cum
1092 664 173 49 generatis
1225 664 80 49 ex
1252 664 93 49 pntre

763 697 170 43 factione,
894 697 92 43 nec
946 697 131 43 debent
1038 697 131 43 vocari
1130 697 210 43 generabilia,
1287 697 66 43 sed

770 733 131 48 potius
862 733 197 48 priuationes
1020 733 223 48 generabilium,
1203 733 79 48 vt
1230 733 118 48 ipsemet

765 768 121 45 dicit
845 768 108 45 xij.
913 768 135 45 Metaph
1007 768 108 45 com.
1075 768 121 45 xiij.
1155 768 81 45 Ex
1196 768 135 45 quibus
1290 768 94 45 oni
1331 768 40 45 p

771 805 118 45 nibus
849 805 157 45 apparet,
967 805 105 45 quod
1032 805 144 45 possunt
1137 805 105 45 esse
1202 805 131 45 plures
1281 805 65 45 mo-

767 839 92 42 di
813 839 246 42 communicandi
1012 839 154 42 eandem
1120 839 169 42 naturam
1227 839 123 42 secun-

770 873 97 42 dum
826 873 167 42 speciem,
951 873 70 42 &
979 873 111 42 ideo
1049 873 153 42 quamuis
1160 873 139 42 natura
1258 873 125 42 diui

765 905 76 43 na
803 905 88 43 sit
854 905 101 43 vna,
917 905 139 43 poterit
1018 905 113 43 tamen
1093 905 151 43 pluribus
1207 905 113 43 modis
1270 905 88 43 coni-

772 945 116 37 cari,
850 945 65 37 &
875 945 90 37 sic
927 945 155 37 poterunt
1043 945 90 37 ibi
1095 945 103 37 esse
1159 945 129 37 plures
1237 945 116 37 proces-

767 976 127 42 siones
856 976 153 42 realiter
971 976 191 42 distinctae,
1123 976 127 42 quarum
1199 976 153 42 distinctio

772 1010 88 56 non
823 1010 176 56 accipietur
961 1010 63 56 a
986 1010 163 56 terminis,
1111 1010 113 56 sicut
1187 1010 151 56 ponebat.
1287 1010 63 56 pri

757 1045 160 51 ma
837 1045 294 51 opinio.

751 1112 389 51 ARTICVLVS
1020 1112 299 51 SECVNDVS

773 1184 124 41 Vtrum
856 1184 124 41 istae
939 1184 221 41 processiones
1119 1184 235 41 distinguantur
1299 1184 55 41 ex

946 1217 411 48 principijs.

779 1319 78 41 A
811 1319 78 41 D
842 1319 109 41 hoc
904 1319 217 41 respondent
1075 1319 155 41 quidam
1168 1319 186 41 affirmati-

775 1355 110 45 ue,
838 1355 157 45 volunt
948 1355 142 45 enim,
1043 1355 126 45 quod
1122 1355 142 45 earum
1200 1355 142 45 distin-

776 1391 101 38 ctio
839 1391 88 38 sit
890 1391 177 38 accipienda
1029 1391 114 38 penes
1104 1391 202 38 intellectum,
1268 1391 63 38 &
1281 1391 63 38 vo-

766 1421 169 41 luntatem
893 1421 113 41 quae
963 1421 113 41 sunt
1033 1421 127 41 eorum
1118 1421 155 41 princip
1230 1421 99 41 ia:
1273 1421 70 41 Nec

767 1455 131 53 obstat
859 1455 79 53 si
898 1455 144 53 dicatur
1003 1455 105 53 eis,
1069 1455 105 53 quod
1134 1455 197 53 intellectus
1291 1455 66 53 &
1305 1455 52 53 vo

775 1493 137 41 luntas
871 1493 82 41 in
912 1493 96 41 Deo
967 1493 233 41 distinguantur
1159 1493 110 41 sola
1214 1493 137 41 ratione;

775 1532 105 42 quia
841 1532 92 42 non
893 1532 145 42 oportet
998 1532 131 42 ponere
1090 1532 131 42 tantam
1169 1532 171 42 distinctio-

773 1560 86 45 nem
822 1560 74 45 in
859 1560 185 45 principijs,
1007 1560 136 45 quantam
1106 1560 74 45 in
1143 1560 198 45 principiatis
1304 1560 74 45 :.

773 1596 154 39 videmus
885 1596 112 39 enim
955 1596 112 39 quod
1025 1596 168 39 rationes
1151 1596 154 39 ideales
1263 1596 84 39 in
1291 1596 70 39 Deo

773 1629 229 50 distinguuntur
961 1629 108 50 sola
1029 1629 162 50 ratione,
1150 1629 67 50 &
1177 1629 121 50 tamen
1244 1629 108 50 ideata

760 1664 350 45 distinguuntur
1028 1664 227 45 realiter.

776 1705 206 33 Fundamentum
941 1705 124 33 huius
1024 1705 179 33 opinionis
1161 1705 110 33 stat
1230 1705 83 33 in
1258 1705 83 33 hoc,

777 1733 100 49 quia
839 1733 100 49 ideo
902 1733 200 49 processiones
1064 1733 100 49 funt
1127 1733 188 49 distinctae,
1264 1733 75 49 quia

766 1766 130 42 filius
857 1766 157 42 procedit
975 1766 78 42 vt
1014 1766 144 42 verbum,
1118 1766 157 42 Spiritus
1223 1766 130 42 Sanctus?

773 1803 83 41 vt
815 1803 124 41 amor,
897 1803 124 41 tales
980 1803 124 41 autem
1062 1803 110 41 modi
1131 1803 193 41 procedendi
1268 1803 83 41 com-

778 1836 124 48 petunt
864 1836 99 48 eis,
926 1836 99 48 quia
988 1836 173 48 principium
1124 1836 198 48 processionis
1272 1836 87 48 filip

769 1870 93 44 est
822 1870 213 44 intellectus,
995 1870 187 44 principium
1142 1870 107 44 vero
1195 1870 160 44 productio-

772 1906 91 45 nis
824 1906 78 45 S.
863 1906 103 45 Sest
927 1906 168 45 voluntas,
1057 1906 103 45 ergo
1121 1906 78 45 de
1160 1906 116 45 primo
1238 1906 78 45 ad
1263 1906 91 45 vlti-

769 1943 101 42 mum,
832 1943 101 42 tota
895 1943 113 42 ratio
970 1943 214 42 distinctionis
1146 1943 113 42 inter
1222 1943 126 42 dictas
1297 1943 63 42 pro

778 1977 164 42 cessiones
904 1977 113 42 debet
980 1977 101 42 sumi
1043 1977 113 42 penes
1119 1977 202 42 intellectum,
1282 1977 63 42 &
1295 1977 63 42 vo-

768 2011 206 45 luntatem,
927 2011 127 45 quae
1006 2011 127 45 sunt
1085 2011 143 45 eorum
1165 2011 190 45 principia.

796 2041 90 51 Sed
848 2041 129 51 contra
938 2041 141 51 diceret
1040 2041 141 51 aliquis
1143 2041 64 51 :
1169 2041 116 51 Sicut
1246 2041 77 51 se
1272 2041 90 51 habet

777 2080 83 38 ens
825 2080 142 38 rationis
931 2080 71 38 ad
967 2080 83 38 ens
1014 2080 119 38 reale,
1097 2080 83 38 ita
1145 2080 166 38 distinstio
1263 2080 95 38 ratio-

771 2117 88 54 nis
822 2117 76 54 ad
860 2117 215 54 distinctionem
1037 2117 152 54 realent,
1150 2117 88 54 sed
1201 2117 88 54 ens
1239 2117 126 54 rationia
