1500 2365
194 181 174 49 principijs
330 181 199 49 productiuis;
492 181 87 49 ibi
542 181 112 49 nulla
616 181 124 49 potest
691 181 87 49 resul

194 215 95 47 tare
253 215 166 47 distinctio
384 215 71 47 ex
419 215 83 47 eis
467 215 71 47 in
502 215 107 47 ipsis
573 215 202 47 principiatis,
739 215 59 47 &

187 253 104 40 ideo
252 253 78 40 si
291 253 195 40 intellectus
447 253 65 40 &
473 253 156 40 voluntas
589 253 91 40 non
628 253 143 40 distingue

197 290 111 37 retur
270 290 74 37 ex
307 290 123 37 natura
393 290 86 37 rei
442 290 184 37 formaliter,
590 290 98 37 tunc
639 290 123 37 intelle-

186 323 109 45 ctus
254 323 95 45 non
309 323 122 45 magis
390 323 122 45 esset
471 323 190 45 principium
607 323 163 45 productio-

192 349 92 47 nis
244 349 131 47 filij,
336 349 105 47 quam
402 349 171 47 voluntas,
533 349 66 47 &
560 349 158 47 voluntas
678 349 92 47 non
717 349 53 47 ma

190 395 90 40 gis
242 395 116 40 esset
319 395 167 40 pincipium
447 395 206 40 productionis
615 395 154 40 Spiritus
718 395 51 40 Sa

191 427 106 40 cti,
257 427 106 40 quam
323 427 212 40 intellectus,
495 427 66 40 &
522 427 93 40 per
575 427 185 40 consequens
707 427 66 40 non

186 461 115 41 magis
263 461 141 41 habebit
366 461 141 41 filius,
468 461 103 41 quod
532 461 90 41 sit
584 461 128 41 verbum
673 461 77 41 ex
699 461 64 41 sud

182 502 177 37 principio
319 502 205 37 productiuo,
483 502 109 37 quam
551 502 109 37 quod
619 502 96 37 sit
674 502 123 37 amor,

188 528 64 43 &
214 528 89 43 ita
265 528 102 43 erit
329 528 77 43 de
367 528 141 43 Spiritu
469 528 77 43 S.
508 528 102 43 quod
572 528 89 43 est
610 528 115 43 falsum.

225 562 64 41 2
251 562 103 41 Illa
315 562 167 41 principia
444 562 103 41 quae
508 562 77 41 ex
547 562 129 41 natura
637 562 90 41 rei
676 562 90 41 habet

189 575 178 61 distinctos
329 575 115 61 modos
406 575 216 61 principiandi,
584 575 76 61 ex
622 575 127 61 natura
698 575 64 61 rei

185 631 185 45 formaliter
330 631 238 45 distinguuntur,
529 631 198 45 intellectus
688 631 66 45 &
701 631 66 45 vo-

182 664 139 40 luntas
279 664 83 40 in
321 664 97 40 Deo
376 664 111 40 sunt
446 664 194 40 huiusmodi,
598 664 111 40 ergo
668 664 97 40 &c.
709 664 56 40 Ma

182 700 89 40 ior
233 700 89 40 est
284 700 115 40 nota:
361 700 102 40 quia
425 700 102 40 illa
488 700 102 40 quae
552 700 102 40 sunt
616 700 128 40 omnino
692 700 77 40 idem

180 736 154 41 habent
287 736 154 41 omnino
395 736 154 41 eundem
502 736 138 41 modum
579 736 184 41 principian

191 772 95 42 di;
246 772 95 42 nam
300 772 136 42 dicere
395 772 108 42 quod
463 772 149 42 habeant
571 772 122 42 alium
653 772 68 42 &
666 772 95 42 alium

188 807 122 41 modum
270 807 230 41 principiandi,
459 807 95 41 est
513 807 149 41 dicere,
621 807 108 41 quod
675 807 81 41 sini

188 840 129 44 idem,
274 840 72 44 &
303 840 115 44 quod
374 840 101 44 non
432 840 115 44 sint
504 840 129 44 idem:
590 840 129 44 Minor
661 840 101 44 proba

179 878 108 38 tur,
247 878 108 38 quia
315 878 162 38 voluntas
436 878 81 38 ex
477 878 135 38 natura
572 878 95 38 rei
626 878 122 38 habet
693 878 68 38 mo-

182 911 93 39 dum
235 911 212 39 principiandi
407 911 159 39 liberum,
526 911 199 39 intellectus
672 911 93 39 auten

135 943 355 47 naturalem.

206 981 70 40 3
234 981 84 40 Si
276 981 211 40 intellectus
445 981 70 40 &
473 981 169 40 voluntas
599 981 141 40 essent
684 981 70 40 omn

178 1017 80 42 no
218 1017 120 42 idem,
297 1017 186 42 sequeretur
443 1017 199 42 affirmatio,
603 1017 66 42 &
629 1017 146 42 negatio
722 1017 40 42 d

187 1051 120 44 eodem
267 1051 160 44 respectu
387 1051 160 44 eiusdem,
507 1051 107 44 quod
574 1051 94 44 est
614 1051 147 44 impossibi

181 1082 93 41 le.
234 1082 212 41 Consequentia
406 1082 172 41 probatur,
538 1082 93 41 nam
591 1082 79 41 de
618 1082 132 41 intelle-

186 1118 88 38 ctu
237 1118 126 38 diuino
325 1118 189 38 affirmatiue
477 1118 139 38 dicitur
577 1118 101 38 quod
628 1118 126 38 intelli-

186 1156 93 40 gat
239 1156 106 40 mala
305 1156 146 40 culpae;
411 1156 80 40 de
451 1156 172 40 voluntate
584 1156 119 40 autem
650 1156 106 40 diuina

179 1185 159 43 negatiue
298 1185 159 43 dicitur,
418 1185 106 43 quod
484 1185 93 43 non
537 1185 146 43 diligit
644 1185 106 43 mala
697 1185 53 43 cu

183 1226 100 41 pae:
246 1226 75 41 si
284 1226 100 41 ergo
347 1226 188 41 intellectus
497 1226 63 41 &
522 1226 151 41 voluntas
635 1226 100 41 sunt
686 1226 75 41 idem

182 1256 77 42 ex
221 1256 128 42 natura
310 1256 89 42 rei
361 1256 77 42 in
399 1256 102 42 Deo,
463 1256 166 42 sequitur,
591 1256 102 42 quod
655 1256 102 42 erit
706 1256 51 42 af

186 1288 120 40 hrm.
261 1288 75 40 &
291 1288 120 40 neg.
365 1288 90 40 de
410 1288 135 40 eodem
500 1288 179 40 respectu
619 1288 135 40 eiusdem

180 1324 85 46 Ex
222 1324 142 46 quibus
322 1324 199 46 concludunt
479 1324 114 46 quod
550 1324 185 46 huiusmodi
678 1324 71 46 pro

190 1359 158 39 cessiones
312 1359 85 39 non
360 1359 110 39 solum
433 1359 183 39 distinguunt
580 1359 134 39 seipsis
665 1359 85 39 forma

183 1396 123 44 liter,
269 1396 86 44 sed
318 1396 111 44 etiam
392 1396 135 44 ratione
490 1396 209 44 principiorum,
662 1396 98 44 quia
711 1396 49 44 vt

183 1431 142 44 patuit,
287 1431 130 44 habent
377 1431 168 44 principia
507 1431 78 44 ex
546 1431 130 44 natura
636 1431 91 44 rei
675 1431 78 44 for-

169 1465 271 44 maliter
342 1465 295 44 distincta.

212 1495 95 44 His
267 1495 122 44 tamen
348 1495 95 44 non
402 1495 203 44 obstantibus
565 1495 149 44 videtur
660 1495 95 44 prae-

181 1517 110 56 fata
250 1517 96 56 opi
305 1517 151 56 deuiare
415 1517 69 56 a
443 1517 165 56 veritate
566 1517 151 56 quantum
676 1517 83 56 ad
704 1517 55 56 9.

184 1568 152 40 tranque
295 1568 235 40 conclusionem;
489 1568 83 40 ad
530 1568 139 40 primam
627 1568 111 40 enim
683 1568 69 40 duo

178 1600 174 43 sequuntur
311 1600 254 43 inconuenientia,
526 1600 134 43 primum
619 1600 107 43 est,
673 1600 80 43 quia

175 1636 175 39 sequeretur
313 1636 175 39 relationes
451 1636 175 39 disparatas
588 1636 138 39 seipsis
676 1636 75 39 habe

174 1671 77 39 re
213 1671 207 39 sufficientem
381 1671 232 39 distinctionem,
574 1671 103 39 quod
639 1671 90 39 est
678 1671 77 39 fal-

178 1708 94 38 sum,
237 1708 71 38 vt
272 1708 106 38 patet
343 1708 71 38 ex
378 1708 118 38 dictis
461 1708 71 38 in
496 1708 82 38 ij.
543 1708 200 38 distinctione,
696 1708 59 38 Con

173 1739 176 45 sequentia
309 1739 95 45 est
363 1739 122 45 nota:
444 1739 149 45 constat
553 1739 108 45 enim
607 1739 149 45 huiusmodi

177 1781 213 41 processiones
350 1781 147 41 passiue
457 1781 147 41 sumptas
563 1781 133 41 nullam
643 1781 107 41 haberu

175 1813 245 44 oppositionem.
376 1813 158 44 Secundo
491 1813 187 44 sequitur,
635 1813 115 44 quod
692 1813 58 44 in

185 1843 128 44 dininis
278 1843 116 44 possit
360 1843 93 44 esse
418 1843 163 44 distinctio
546 1843 81 44 per
592 1843 105 44 alias
650 1843 105 44 relatio

179 1879 100 45 nes,
241 1879 100 45 quam
303 1879 87 45 per
353 1879 174 45 relationes
490 1879 162 45 originis,
614 1879 100 45 quod
676 1879 62 45 e
689 1879 62 45 fal

172 1912 105 42 sum,
238 1912 79 42 vt
277 1912 158 42 probatum
396 1912 105 42 fuit
461 1912 79 42 in
501 1912 79 42 x.
540 1912 118 42 dist.
606 1912 145 42 Consequen

184 1950 87 46 tia
233 1950 136 46 videtur
332 1950 112 46 nota,
407 1950 74 46 eo
444 1950 99 46 quod
506 1950 112 46 inter
580 1950 124 46 dictas
655 1950 99 46 proces

179 1981 126 40 siones
267 1981 138 40 passiue
368 1981 138 40 sumptas
468 1981 126 40 nullus
556 1981 88 40 sit
606 1981 100 40 ordo
657 1981 100 40 origi-

175 2019 98 43 nis;
236 2019 74 43 Et
273 2019 196 43 confirmatur,
432 2019 98 43 quia
494 2019 86 43 per
543 2019 86 43 eos
592 2019 74 43 si
616 2019 135 43 processio

184 2050 88 40 nes
235 2050 88 40 non
285 2050 126 40 essent
374 2050 214 40 principiatae,
550 2050 114 40 adhuc
626 2050 114 40 tamen
689 2050 63 40 es-

173 2087 106 43 sent
239 2087 199 43 distinctae,
398 2087 146 43 constat
504 2087 133 43 autem,
597 2087 106 43 quod
663 2087 80 43 si
690 2087 66 43 non

179 2119 120 58 essent
263 2119 204 58 principiatae,
431 2119 84 58 non
478 2119 120 58 essent
562 2119 168 58 relationes
682 2119 72 58 ori

792 171 118 55 ginis,
875 171 83 55 nec
922 171 83 55 est
969 171 154 55 possibile
1088 171 83 55 ibi
1135 171 95 55 esse
1194 171 106 55 alias
1253 171 118 55 relatio-

791 219 94 36 nes
844 219 242 36 distinguentes,
1046 219 108 36 quia
1113 219 94 36 nec
1167 219 188 36 relationes
1302 219 67 36 mo-

785 256 87 44 do
829 256 160 44 numeri,
946 256 102 44 vel
1004 256 117 44 modo
1077 256 175 44 mensurae
1208 256 73 44 &
1222 256 146 44 mensura-

788 284 84 45 ti,
836 284 72 45 vt
872 284 144 45 probatum
980 284 96 45 fuit
1040 284 72 45 in
1076 284 72 45 x.
1100 284 132 45 distinct.

820 315 153 48 Quidam
927 315 138 48 tamen
1019 315 107 48 non
1080 315 184 48 reputant
1218 315 153 48 primum
1310 315 61 48 in

784 357 183 37 conueniens
928 357 118 37 magni
1006 357 170 37 ponderis,
1137 357 157 37 dicentes
1242 357 118 37 relatio

788 390 88 37 nes
839 390 177 37 disparatas
978 390 126 37 habere
1066 390 202 37 sufficientem
1218 390 151 37 distinctio

786 425 92 48 nem
838 425 157 48 seipsis,
956 425 66 48 &
983 425 92 48 non
1035 425 92 48 per
1088 425 144 48 aliquod
1192 425 131 48 aliud,
1271 425 92 48 idque

791 454 171 48 probant:
919 454 100 48 Nam
976 454 185 48 stantibus
1118 454 142 48 eisdem
1203 454 157 48 fundamen-

790 492 90 46 tis
841 492 64 46 &
867 492 128 46 eisdem
957 492 167 46 terminis,
1085 492 179 46 relationes
1213 492 154 46 disparatae

787 527 225 46 plurificantur
972 527 66 46 &
998 527 238 46 distinguuntur.
1196 527 145 46 Videmus
1289 527 79 46 enim

794 567 106 40 quod
860 567 119 40 ignis
939 567 145 40 generat
1045 567 119 40 ignem
1124 567 106 40 sibi
1190 567 145 40 similem
1296 567 79 40 in
1322 567 53 40 ca

790 597 112 41 lore,
864 597 112 41 calor
938 597 99 41 ergo
1000 597 112 41 ignis
1075 597 174 41 generantis
1211 597 124 41 fundat
1286 597 74 41 duas

783 631 175 37 relationes
920 631 175 37 disparatas
1057 631 150 37 scilicet
1169 631 175 37 relationem
1294 631 75 37 simi

783 666 188 39 litudinis,
931 666 67 39 &
957 666 188 39 relationem
1105 666 202 39 producentis
1253 666 108 39 respe-

782 697 91 39 ctu
834 697 144 39 eiusdem
939 697 157 39 termini,
1056 697 157 39 scilicet
1173 697 144 39 caloris
1265 697 104 39 produ-

781 738 101 39 cti,
845 738 101 39 quod
908 738 89 39 non
958 738 126 39 esset,
1047 738 101 39 nisi
1110 738 177 39 relationes
1237 738 126 39 dispara-

783 770 84 42 tae
831 770 145 42 haberent
940 770 133 42 seipsis
1036 770 193 42 sufficientem
1180 770 133 42 distinct.

811 802 98 44 Hoc
867 802 126 44 tamen
951 802 98 44 non
1007 802 168 44 obstante
1134 802 154 44 dicitur
1246 802 112 44 quod
1302 802 56 44 re

786 841 157 48 lationes
904 841 183 48 disparatae
1048 841 118 48 nullo
1126 841 105 48 modo
1192 841 144 48 possunt
1283 841 79 48 plu-

777 873 158 40 rificari
895 873 79 40 in
935 873 119 40 eodem
1014 873 185 40 fundamento
1159 873 158 40 respectu
1265 873 92 40 eius-

776 909 92 42 dem
828 909 158 42 termini;
947 909 79 42 ad
986 909 184 42 instantiam
1131 909 79 42 de
1171 909 132 42 calore
1250 909 105 42 fundam

778 943 78 40 te
817 943 183 40 relationem
961 943 235 40 similitudinis,
1157 943 65 40 &
1170 943 183 40 producentis;

785 978 95 49 hoc
840 978 122 49 nego;
921 978 122 49 aliud
1003 978 109 49 enim
1071 978 95 49 est
1126 978 204 49 fundamentum
1275 978 82 49 simi

786 1013 169 40 itudinis,
916 1013 65 40 &
942 1013 117 40 aliud
1020 1013 195 40 producentis
1176 1013 78 40 ad
1202 1013 156 40 productum;

776 1045 103 44 Nam
835 1045 220 44 fundamentum
1011 1045 249 44 similitudinis
1202 1045 161 44 (secuudum

777 1079 128 41 datum
862 1079 185 41 exemplum)
1005 1079 100 41 est
1062 1079 114 41 ipse
1133 1079 143 41 calor,
1219 1079 143 41 fundamen

777 1115 94 42 tum
830 1115 121 42 autem
911 1115 188 42 relationis
1058 1115 201 42 producentis
1219 1115 80 42 ad
1246 1115 107 42 produm

777 1151 103 40 ctum
841 1151 90 40 est
893 1151 154 40 potentia
1008 1151 128 40 actiua
1098 1151 154 40 caloris.
1213 1151 90 40 Nec
1251 1151 103 40 potest

778 1188 120 44 dici,
858 1188 107 44 quod
924 1188 120 44 calor
1005 1188 67 44 &
1031 1188 93 44 sua
1085 1188 160 44 potentia
1205 1188 133 44 actiua
1285 1188 80 44 sint

775 1222 149 37 omnino
880 1222 134 37 idem.
969 1222 104 37 Tum
1029 1222 119 37 quia
1103 1222 194 37 pertinent
1253 1222 90 37 ad
1282 1222 75 37 di-

777 1256 135 45 uersas
872 1256 149 45 species
980 1256 203 45 qualitatis.
1143 1256 95 45 Tum
1197 1256 108 45 quia
1251 1256 108 45 potest

778 1293 114 37 tolli
854 1293 151 37 potentia
968 1293 126 37 actiua
1056 1293 101 37 ipso
1119 1293 164 37 remanente
1232 1293 114 37 calore:

778 1314 114 51 sicut
854 1314 101 51 fiet
918 1314 76 51 in
956 1314 114 51 primo
1032 1314 89 51 dic
1082 1314 152 51 ludicij,
1196 1314 127 51 quando
1272 1314 89 51 tolle

777 1363 92 38 tur
829 1363 79 38 ab
869 1363 171 38 elementis
1001 1363 118 38 omnis
1080 1363 132 38 actio,
1172 1363 66 38 &
1198 1363 145 38 palsio,
1290 1363 66 38 non

775 1394 126 44 solum
859 1394 168 44 secundum
985 1394 140 44 actum,
1083 1394 98 44 sed
1139 1394 126 44 etiam
1209 1394 140 44 secundum

781 1432 187 44 potentiam,
928 1432 67 44 &
954 1432 94 44 per
1008 1432 187 44 consequens
1155 1432 160 44 tolletur
1262 1432 94 44 pote-

770 1465 95 50 tia
825 1465 149 50 passiua
933 1465 68 50 &
960 1465 149 50 actiua,
1068 1465 68 50 &
1095 1465 122 50 tamen
1176 1465 162 50 manebunt
1284 1465 68 50 ip-

770 1499 85 44 sae
806 1499 159 44 qualitates.

817 1528 95 46 vel
872 1528 177 46 dicendum,
1008 1528 109 46 quod
1076 1528 95 46 non
1130 1528 95 46 est
1184 1528 136 46 simile
1279 1528 82 46 de
1307 1528 54 46 re

780 1566 180 38 lationibus
921 1566 180 38 disparatis
1063 1566 77 38 in
1101 1566 167 38 creaturis
1229 1566 64 38 &
1255 1566 77 38 in
1281 1566 64 38 Deo

779 1593 95 56 Nam
834 1593 81 56 si
874 1593 203 56 concedatur,
1037 1593 108 56 quod
1105 1593 190 56 relationes
1241 1593 108 56 dispal

780 1639 111 37 ratae
854 1639 74 37 in
890 1639 160 37 creaturis
1014 1639 135 37 possint
1112 1639 185 37 plurificari
1260 1639 74 37 in
1284 1639 62 37 ebt

777 1671 197 38 fundamchto
932 1671 169 38 respectu
1059 1671 155 38 eiusdem
1172 1671 169 38 termini,
1285 1671 71 38 hoc

773 1704 102 42 ideo
837 1704 102 42 est,
901 1704 102 42 quia
965 1704 191 42 innascentur
1118 1704 153 42 excausis
1220 1704 128 42 realitel

780 1743 172 38 distinctis:
917 1743 103 38 sicut
986 1743 69 38 in
1020 1743 160 38 proposito;
1146 1743 126 38 relatio
1226 1743 115 38 similiti

769 1774 118 40 dinis
847 1774 79 40 in
887 1774 131 40 calore
978 1774 79 40 ad
1018 1774 118 40 alium
1096 1774 144 40 calorem
1188 1774 157 40 innascitui

778 1812 73 35 ex
814 1812 97 35 ipsa
875 1812 158 35 specifica
996 1812 121 35 natura
1081 1812 146 35 caloris;
1190 1812 133 35 relatio
1275 1812 73 35 vero

787 1840 193 43 producentis
941 1840 77 43 ad
980 1840 167 43 productum
1108 1840 180 43 innascitut
1249 1840 77 43 ex
1275 1840 77 43 ipsa

772 1881 140 43 actione,
878 1881 94 43 quae
936 1881 140 43 realiter
1041 1881 82 43 est
1088 1881 152 43 distincta
1205 1881 58 43 a
1228 1881 129 43 calore;
1322 1881 58 43 &

772 1914 110 40 ideo
841 1914 124 40 totum
923 1914 110 40 quod
992 1914 165 40 facerent
1116 1914 179 40 distincta
1239 1914 110 40 funda-

770 1950 123 46 menta,
856 1950 86 46 vel
905 1950 161 46 distincti
1029 1950 148 46 termini,
1140 1950 86 46 isi
1189 1950 136 46 essent;
1276 1950 74 46 pos-

773 1984 100 43 sunt
836 1984 126 43 facere
924 1984 113 43 tales
999 1984 176 43 distinctae
1138 1984 138 43 causae.
1238 1984 100 43 Vnde
1288 1984 63 43 non

769 2015 90 45 est
821 2015 129 45 mirum,
911 2015 77 45 si
950 2015 77 45 in
989 2015 103 45 tali
1053 2015 181 45 fundamento
1195 2015 142 45 possint
1285 2015 65 45 fu-

771 2054 102 39 dari
835 2054 153 39 diuersae
950 2054 179 39 relationes
1091 2054 179 39 disparatae
1218 2054 128 39 respectu

777 2087 158 48 eiusdem,
895 2087 79 48 in
935 2087 145 48 diuinis
1040 2087 118 48 autem
1118 2087 92 48 non
1171 2087 131 48 potest
1263 2087 92 48 sic
1302 2087 53 48 di

775 2118 87 57 ci,
824 2118 100 57 quia
887 2118 174 57 relationes
1023 2118 112 57 istae
1098 2118 87 57 non
1148 2118 199 57 innascuntur,
1297 2118 50 57 ex
