1500 2359
134 172 131 49 aliqua
225 172 105 49 alia
291 172 131 49 causa,
382 172 144 49 tanquam
487 172 78 49 ex
526 172 105 49 ipsa
591 172 131 49 natura
670 172 52 49 di

139 217 115 40 uinae
216 217 179 40 essentiae,
357 217 102 40 quae
421 217 128 40 quidem
510 217 90 40 est
561 217 128 40 omnino
638 217 77 40 vna;

144 252 149 39 Propter
253 252 108 39 quod
320 252 189 39 relationes
469 252 189 39 disparatae
617 252 95 39 non
658 252 54 39 po

141 289 104 46 sunt
206 289 91 46 ibi
258 289 130 46 habere
349 289 182 46 distinctas
492 289 130 46 causas
583 289 78 46 ex
609 289 104 46 quibus

141 325 210 43 plurificentur
314 325 62 43 &
338 325 222 43 distinguantur,
523 325 74 43 si
560 325 99 43 ergo
622 325 86 43 ibi
659 325 62 43 plu

142 354 193 41 rificantur,
297 354 64 41 &
322 354 232 41 distinguuntur,
515 354 90 41 vel
567 354 90 41 hoc
618 354 90 41 est
657 354 64 41 ra-

145 388 125 43 tione
229 388 251 43 fundamentorum,
438 388 111 43 quod
507 388 97 43 non
563 388 139 43 potest
646 388 70 43 di-

150 423 99 38 ti,
206 423 113 38 quia
277 423 127 38 omnes
362 423 113 38 sunt
433 423 85 38 in
475 423 127 38 eodem
546 423 170 38 fundamento

138 459 150 39 scilicet
251 459 163 39 essentia,
377 459 88 39 vel
427 459 138 39 ratione
527 459 188 39 terminorum,
677 459 63 39 &

147 494 88 43 hoc
198 494 100 43 non,
260 494 100 43 quia
323 494 175 43 relationes
461 494 175 43 disparatae
598 494 75 43 de
623 494 88 43 quibs

148 523 154 43 loquimur
264 523 103 43 sunt
328 523 154 43 respectu
444 523 141 43 eiusdem
547 523 154 43 termini,
650 523 64 43 vel

146 564 74 40 ex
183 564 124 40 aliqua
269 564 99 40 alia
331 564 111 40 causa
406 564 99 40 quae
467 564 111 40 adhuc
542 564 87 40 non
591 564 124 40 datur,
665 564 50 40 er

139 598 82 45 go
180 598 68 45 a
208 598 123 45 primo
290 598 82 45 ad
331 598 151 45 vltimum
440 598 164 45 sequitur
563 598 109 45 quod
618 598 96 45 rela-

141 635 128 40 tiones
231 635 180 40 disparatae
372 635 77 40 in
411 635 141 40 diuinis
513 635 90 40 non
552 635 154 40 distinguan

141 669 88 44 tur
192 669 150 44 seipsis,
304 669 213 44 circumscripto
479 669 163 44 quocunque
604 669 113 44 alio,
679 669 63 44 &

149 700 91 41 sic
201 700 156 41 praefata
318 700 117 41 ratio
396 700 91 41 non
449 700 130 41 tollit
540 700 130 41 primum
618 700 104 41 incoue

145 736 130 42 niens;
236 736 117 42 prima
314 736 104 42 ergo
379 736 169 42 conclusio
509 736 130 42 istius
600 736 143 42 opinio¬

140 768 88 46 nis
191 768 88 46 non
241 768 88 46 est
279 768 88 46 vera-

184 794 146 56 Secunda
290 794 172 56 conclusio
422 794 172 56 similiter
555 794 93 56 non
595 794 119 56 apparet

150 834 117 54 Vera:
228 834 91 54 tum
280 834 104 54 quia
345 834 91 54 (vt
397 834 130 54 dictum
489 834 104 54 fuit
554 834 78 54 in
580 834 143 54 quaestio-

139 873 76 35 nd
177 873 76 35 de
215 873 190 35 attributis)
367 873 114 35 inter
443 873 202 35 perfectiones
595 873 126 35 attribu-

140 904 141 44 tales;
239 904 85 44 de
281 904 141 44 quarum
380 904 141 44 numero
479 904 113 44 sunt
535 904 184 44 intellectus

139 941 67 38 &
165 941 174 38 voluntas,
299 941 94 38 non
353 941 94 38 est
407 941 188 38 distinctio
554 941 161 38 formalis
661 941 54 38 ex

139 978 139 40 natura
236 978 111 40 rei.
306 978 111 40 Quod
375 978 125 40 etiam
459 978 111 40 nunc
528 978 181 40 confirmo;
653 978 70 40 Nam

143 1008 72 41 si
179 1008 84 41 ibi
227 1008 156 41 poneretur
347 1008 108 41 talis
419 1008 180 41 distinctio,
563 1008 180 41 sequeretur,

144 1046 99 37 quod
206 1046 87 37 ibi
255 1046 112 37 esset
330 1046 124 37 aliqua
417 1046 124 37 realis
504 1046 174 37 distinctio
628 1046 87 37 prae-

136 1083 99 37 ter
192 1083 240 37 distinctionem
390 1083 212 37 personarum:
559 1083 113 37 quod
615 1083 99 37 vide-

139 1108 98 45 tur
195 1108 210 45 haereticum,
363 1108 238 45 Consequentiam
560 1108 140 45 probo;
644 1108 70 45 nam

143 1149 113 38 talis
219 1149 176 38 distinctio
358 1149 164 38 formalis,
484 1149 88 38 vel
534 1149 88 38 est
584 1149 126 38 minor,
660 1149 63 38 vel

141 1185 128 39 maior,
231 1185 89 39 vel
282 1185 153 39 aequalis
397 1185 204 39 distinctioni
550 1185 166 39 personarum;

144 1213 87 45 non
193 1213 124 45 potest
280 1213 99 45 dici
342 1213 124 45 minor,
429 1213 99 45 quia
491 1213 87 45 aut
540 1213 87 45 hoc
590 1213 112 45 esser
652 1213 62 45 pro

156 1254 104 39 pter
221 1254 142 39 maiorem
324 1254 194 39 identitatem
480 1254 104 39 quam
545 1254 117 39 talia
609 1254 104 39 attri-

152 1282 103 44 buta
217 1282 155 44 haberent
332 1282 116 44 inter
410 1282 90 44 se,
461 1282 90 44 vel
513 1282 142 44 propter
603 1282 116 44 maiorem

144 1318 217 51 identitatem
317 1318 116 51 quam
390 1318 174 51 haberent
520 1318 101 51 cum
564 1318 159 51 essentia.

147 1357 91 39 Non
199 1357 142 39 primum,
302 1357 104 39 quia
367 1357 117 39 sicut
445 1357 142 39 diuinae
549 1357 155 39 personae
652 1357 65 39 tam

149 1391 99 36 tam
206 1391 142 36 habent
305 1391 199 36 alietatem,
461 1391 114 36 quod
532 1391 99 36 vna
589 1391 128 36 nullo
660 1391 57 36 mo

144 1419 81 42 do
185 1419 135 42 potest
280 1419 108 42 dici
348 1419 149 42 altera,
456 1419 95 42 ita
510 1419 122 42 etiam
578 1419 149 42 (secundum

151 1457 125 42 istos)
239 1457 163 42 attributa
364 1457 125 42 tantam
452 1457 125 42 habent
540 1457 163 42 alietatem
652 1457 63 42 in-

145 1492 97 39 ter
200 1492 83 39 se
242 1492 207 39 formaliter,
407 1492 110 39 quod
477 1492 97 39 non
532 1492 124 39 debet
601 1492 124 39 concedi

150 1519 105 49 vnum
215 1519 105 49 esse
281 1519 183 49 formaliter
424 1519 157 49 alterum.
542 1519 91 49 Nec
594 1519 118 49 etiam
660 1519 65 49 po-

150 1564 103 40 test
215 1564 103 40 dici
279 1564 168 40 secundum;
408 1564 90 40 Nam
460 1564 116 40 sicut
537 1564 168 40 attributa
653 1564 65 40 non

147 1596 79 35 se
186 1596 132 35 habent
279 1596 93 35 per
332 1596 185 35 additionem
477 1596 79 35 ad
517 1596 185 35 essentiam,
649 1596 66 35 nec

144 1630 96 39 cum
199 1630 82 39 ea
240 1630 151 39 faciunt
350 1630 247 39 compositionem;
556 1630 96 39 ita
611 1630 124 39 etiam
680 1630 41 39 &

153 1661 172 50 personae.
285 1661 199 50 Relinquitur
444 1661 106 50 ergo
510 1661 106 50 quod
563 1661 159 50 distinctio

153 1697 108 44 inter
225 1697 156 44 attributa
345 1697 84 44 non
393 1697 84 44 sit
441 1697 108 44 minor
514 1697 96 44 illa
574 1697 96 44 quae
634 1697 84 44 est
670 1697 48 44 in

151 1729 99 43 ter
207 1729 169 43 personas
334 1729 183 43 (secundum
475 1729 183 43 praefatam
602 1729 113 43 viam:)

154 1761 139 42 ldeirco
256 1761 101 42 erit
319 1761 152 42 aequalis
433 1761 89 42 vel
484 1761 127 42 maior,
573 1761 63 42 &
598 1761 89 42 per
636 1761 76 42 con-

148 1799 153 41 sequens,
263 1799 115 41 sicut
340 1799 179 41 distinctio
480 1799 179 41 personarum
621 1799 89 41 est
659 1799 64 41 rea

153 1836 91 46 lis,
210 1836 80 46 ita
255 1836 159 46 distinctio
380 1836 182 46 attributorum
529 1836 91 46 erit
585 1836 125 46 realis.

186 1870 210 41 Confirmatur,
356 1870 105 41 quia
422 1870 92 41 vbi
474 1870 92 41 non
527 1870 92 41 est
579 1870 118 41 maior
644 1870 79 41 iden

155 1904 111 42 titas
229 1904 111 42 inter
303 1904 148 42 absoluta
414 1904 99 42 quam
476 1904 111 42 inter
550 1904 161 42 relatiua;
661 1904 62 42 di-

147 1934 155 46 stinctio
263 1934 116 46 inter
341 1934 155 46 absoluta
457 1934 91 46 est
509 1934 129 46 maior,
600 1934 103 46 quam
651 1934 78 46 illa

155 1973 98 40 quae
216 1973 86 40 est
265 1973 110 40 inter
339 1973 159 40 relatiua,
461 1973 61 40 &
486 1973 123 40 maxime
572 1973 74 40 si
608 1973 98 40 illa
657 1973 74 40 redu

152 2006 115 44 catur
229 2006 77 44 ad
267 2006 128 44 istam,
357 2006 115 44 sicut
433 2006 89 44 est
484 2006 77 44 in
523 2006 179 44 proposito:
663 2006 89 44 Nam

153 2039 179 44 (secundum
291 2039 124 44 istam
373 2039 193 44 opinionem)
525 2039 193 44 distinctio
662 2039 69 44 pro

149 2080 208 37 cessionum,
313 2080 74 37 &
342 2080 104 37 per
402 2080 208 37 consequens
551 2080 178 37 personarum

145 2110 215 58 producentium
319 2110 175 58 reducitur
454 2110 81 58 ad
494 2110 229 58 distinctionem
669 2110 54 58 at

740 169 177 60 tributorum
879 169 152 60 scilicet
993 169 190 60 intellectus
1145 169 63 60 &
1158 169 164 60 voluntatis,

768 219 171 39 Secundo
892 219 155 39 contra
1000 219 155 39 eandem
1093 219 217 39 conclusionem

738 255 176 49 sequitur,
874 255 108 49 quod
941 255 162 49 personae
1063 255 203 49 procedentes
1211 255 95 49 habe-

736 288 96 37 ant
791 288 137 37 aliqua
887 288 150 37 propria
996 288 82 37 in
1037 288 191 37 absolutis,
1173 288 137 37 quemadmo

738 322 93 50 dum
791 322 79 50 in
830 322 185 50 relatiuis,
976 322 106 50 quod
1042 322 93 50 est
1095 322 145 50 falsum,
1200 322 106 50 tunc
1253 322 53 50 nm

736 359 93 38 non
789 359 119 38 esset
868 359 119 38 inter
948 359 93 38 eas
1001 359 159 38 omnimoda
1120 359 186 38 aequalitas
1266 359 66 38 &

737 391 134 51 vnitas
831 391 81 51 in
871 391 188 51 absolutis,
1019 391 228 51 Consequentiam
1193 391 108 51 probo;

738 425 91 37 Nam
790 425 78 37 si
829 425 195 37 intellectus
985 425 91 37 non
1037 425 91 37 est
1089 425 182 37 formaliter
1219 425 91 37 volun

737 460 96 43 tas,
797 460 72 43 vt
833 460 108 43 ponit
905 460 108 43 dicta
977 460 132 43 opinio,
1072 460 132 43 necesse
1168 460 84 43 est
1204 460 108 43 dicere,

738 495 105 38 quod
803 495 118 38 sicut
882 495 183 38 formalitas
1025 495 118 38 vnius
1104 495 91 38 est
1156 495 118 38 extra
1222 495 91 38 forma

738 530 147 38 litatem
845 530 174 38 alterius,
978 530 94 38 ita
1032 530 67 38 &
1058 530 214 38 communicatio
1219 530 94 38 forma

733 564 144 46 litatis
837 564 117 46 vnius
916 564 91 46 sit
968 564 117 46 extra
1046 564 248 46 communicationem
1242 564 65 46 for

736 600 172 35 malitatis
868 600 159 35 alterius
988 600 66 35 :
1014 600 93 35 cum
1067 600 106 35 ergo
1120 600 186 35 communicetur

734 629 110 53 filio
807 629 171 53 formalitas
942 629 184 53 intellectus
1089 629 73 53 ex
1125 629 73 53 vi
1162 629 98 53 suae
1211 629 98 53 produ-

742 665 149 43 ctionis,
853 665 174 43 formalitas
990 665 174 43 voluntatis
1127 665 87 43 non
1176 665 99 43 erit
1226 665 87 43 inclu

738 699 80 46 sa
778 699 80 46 in
818 699 107 46 ista
885 699 240 46 communicatione
1085 699 94 46 qua
1138 699 160 46 voluntas
1245 699 67 46 com

733 740 170 46 municatur
864 740 157 46 Spiritui
982 740 131 46 Sancto
1073 740 79 46 ex
1113 740 79 46 vi
1152 740 105 46 suae
1204 740 105 46 produm

739 770 150 39 ctionis,
851 770 75 39 ac
888 770 87 39 per
938 770 175 39 consequens
1076 770 175 39 formalitas
1201 770 112 39 intelle

741 807 97 35 ctus
801 807 97 35 erit
862 807 133 35 propria
959 807 121 35 filio,
1044 807 61 35 &
1068 807 170 35 formalitas
1189 807 121 35 volunta-

742 844 85 45 tis
791 844 98 45 erit
852 844 134 45 propria
949 844 147 45 Spiritui
1047 844 110 45 Sancto.

773 863 146 49 Tertio
875 863 87 49 ad
919 863 146 49 eandem
1021 863 233 49 conclusionem
1196 863 116 49 sequi-

743 904 103 41 tur,
807 904 103 41 quod
872 904 180 41 distinctio
1013 904 193 41 intellectus
1167 904 64 41 &
1180 904 128 41 volunta-

738 944 88 47 tis
789 944 76 47 in
827 944 114 47 nullo
902 944 164 47 deseruiat
1029 944 76 47 ad
1066 944 214 47 distinctionem
1230 944 76 47 pro-

742 978 182 48 cessionum,
885 978 117 48 cuius
963 978 182 48 contrarium
1105 978 169 48 intendunt
1222 978 91 48 ipsi;

740 1010 238 50 Consequentiam
936 1010 126 50 probo
1020 1010 210 50 dupliciter,
1187 1010 126 50 primo
1257 1010 56 50 ex

744 1048 145 43 dictis
845 1048 218 43 opinantium.
1019 1048 145 43 Dicunt
1121 1048 116 43 enim
1193 1048 116 43 quod
1251 1048 58 43 si

741 1081 172 38 huiusmodi
873 1081 212 38 processiones
1046 1081 93 38 non
1099 1081 119 38 essen
1165 1081 146 38 principia

739 1116 90 36 tae,
795 1116 112 36 essent
874 1116 101 36 tamen
941 1116 124 36 seipsis
1031 1116 180 36 sufficientet
1166 1116 146 36 distinctae.

754 1147 164 40 Quaeratur
881 1147 101 40 ergo
944 1147 76 40 ab
982 1147 101 40 eis;
1045 1147 114 40 Vtrum
1121 1147 177 40 distinctio
1248 1147 63 40 in-

739 1187 165 34 terrectus
866 1187 63 34 &
891 1187 177 34 voluntatis
1031 1187 89 34 sit
1081 1187 177 34 principium
1208 1187 101 34 distin

745 1216 131 48 ctionis
840 1216 203 48 processionum,
1007 1216 83 48 vel
1055 1216 95 48 non;
1114 1216 71 48 si
1150 1216 131 48 dicatur
1234 1216 71 48 quod

745 1253 100 37 sic,
807 1253 150 37 sequitur
920 1253 188 37 necessario,
1070 1253 100 37 quod
1132 1253 125 37 remota
1207 1253 100 37 distin

740 1288 125 37 ctione
827 1288 187 37 intellectus
977 1288 62 37 &
1002 1288 187 37 voluntatis,
1152 1288 150 37 tollatur
1252 1288 62 37 di-

744 1322 158 46 stinctio
862 1322 223 46 processionum,
1046 1322 66 46 &
1072 1322 92 46 per
1125 1322 184 46 consequens
1256 1322 53 46 pr

738 1359 154 37 cessiones
856 1359 83 37 non
904 1359 106 37 erunt
975 1359 189 37 sufficienter
1129 1359 166 37 distinctae
1247 1359 59 37 se-

745 1392 116 38 ipsis
822 1392 129 38 (cuius
912 1392 180 38 contrarium
1054 1392 180 38 intendunt)
1195 1392 77 38 si
1221 1392 90 38 autem

749 1427 139 37 dicant
846 1427 111 37 quod
915 1427 111 37 non,
985 1427 152 37 habetur
1095 1427 194 37 propositum
1234 1427 83 37 sidi

740 1460 142 39 stinct.
843 1460 194 39 intellectus
998 1460 65 39 &
1024 1460 181 39 voluntatis
1166 1460 90 39 non
1205 1460 116 39 deserui

746 1494 79 39 re
785 1494 92 39 eis
838 1494 79 39 ad
877 1494 223 39 distinctionem
1048 1494 197 39 processionum.

776 1520 157 49 Secundo
890 1520 129 49 probo
976 1520 143 49 eandem
1076 1520 258 49 consequentiam,

747 1562 90 45 quia
803 1562 101 45 sicut
871 1562 124 45 patebit
961 1562 146 45 inferius,
1073 1562 90 45 sine
1130 1562 90 45 tali
1175 1562 135 45 distinctio

736 1600 84 40 ne
778 1600 225 40 principiorum
961 1600 169 40 possumus
1087 1600 126 40 aeque
1172 1600 112 40 bene
1228 1600 84 40 sal-

735 1632 109 37 uare
803 1632 231 37 distinctionem
994 1632 231 37 processionum,
1184 1632 95 37 non
1224 1632 82 37 ergo

742 1666 92 46 eis
794 1666 157 46 deseruit
912 1666 78 46 ad
951 1666 92 46 hoc
1003 1666 196 46 propositum;
1160 1666 78 46 Et
1199 1666 92 46 sic
1239 1666 65 46 pa-

742 1699 95 39 tet
797 1699 217 39 processiones
973 1699 176 39 diuinarum
1108 1699 190 39 personarum
1243 1699 68 39 non

737 1734 158 42 distingui
859 1734 195 42 sufficienter
1017 1734 146 42 seipsis,
1127 1734 85 42 nec
1176 1734 85 42 per
1212 1734 110 42 distin-

740 1768 156 40 ctionem
854 1768 142 40 suorum
953 1768 242 40 principiorum,
1152 1768 85 40 vt
1181 1768 142 40 ponebati

745 1804 164 57 praefata
868 1804 150 57 opinio.
977 1804 136 57 Motiua
1072 1804 123 57 autem
1154 1804 136 57 quibus
1236 1804 68 57 inn

739 1832 116 51 titur
816 1832 168 51 soluentur
945 1832 77 51 in
984 1832 103 51 fine
1035 1832 168 51 quaestionis

796 1891 298 70 ARTICVLVS
1003 1891 252 70 QV.ARTVS.

753 1958 116 63 Vtrum
831 1958 207 63 processiones
999 1958 220 63 distinguantur
1167 1958 90 63 penes

812 2005 131 60 posita
904 2005 197 60 producentia
1061 2005 92 60 vel
1101 2005 144 60 producta.
