1500 2345
204 187 160 40 Spiritus
324 187 147 40 Sanctus
431 187 80 40 vt
471 187 134 40 datus,
565 187 227 40 Consequentiam

196 223 144 46 probo;
297 223 101 46 nam
354 223 159 46 videmns
470 223 87 46 in
513 223 144 46 homine
614 223 87 46 in
658 223 101 46 quo
701 223 72 46 est

197 260 119 43 imago
276 260 199 43 Trinitatis,
435 260 106 43 quod
502 260 172 43 productio
634 260 119 43 verbi
701 260 66 43 di-

197 289 116 40 citur
274 289 129 40 partus
365 289 64 40 &
390 289 167 40 natiuitas
519 289 167 40 (secundum
635 289 129 40 intentio

195 326 91 42 nem
247 326 143 42 August.
351 326 78 42 9.
390 326 78 42 de
429 326 143 42 Trinit.
533 326 104 42 cap.
598 326 143 42 vltimo)
689 326 78 42 pro-

195 356 147 37 ductio
298 356 117 37 vero
372 356 147 37 amoris
474 356 191 37 nequaquam
606 356 162 37 (secundum

193 391 147 41 eundem)
300 391 147 41 ibidem,
406 391 107 41 quod
473 391 94 41 non
527 391 94 41 est
580 391 80 41 ex
620 391 120 41 alio,
687 391 80 41 nisi

191 426 107 46 quia
257 426 187 46 principium
404 426 213 46 productionis
577 426 120 46 verbi
657 426 93 46 est
697 426 67 46 in-

199 462 181 40 tellectus,
342 462 181 40 principium
484 462 104 40 vero
549 462 207 40 productionis
704 462 65 40 amo

193 495 85 41 tis
241 495 85 41 est
290 495 97 41 ipsa
350 495 157 41 voluntas.
471 495 73 41 Et
508 495 97 41 quod
568 495 97 41 ista
629 495 85 41 sit
665 495 97 41 inten-

193 532 89 35 tio
244 532 140 35 August.
346 532 77 35 in
385 532 102 35 loco
448 532 115 35 supra
525 532 153 35 allegato
640 532 153 35 apparet,

195 567 132 37 quaerit
291 567 96 37 enim
352 567 96 37 ibi,
412 567 84 37 cur
460 567 108 37 mens,
532 567 84 37 cum
580 567 120 37 noscit
665 567 84 37 se,
701 567 60 37 non

195 596 116 40 titiam
277 596 81 40 sui
323 596 128 40 gignit,
416 596 81 40 cum
463 596 93 40 vero
521 596 70 40 se
556 596 105 40 amat,
626 596 116 40 amorem
695 596 70 40 suum

194 634 90 42 non
246 634 128 42 gignit
335 634 64 42 :
361 634 64 42 &
387 634 116 42 circa
464 634 116 42 finem
541 634 154 42 capituli
643 634 116 42 respon-

189 665 107 45 dens
256 665 188 45 quaestioni
403 665 134 45 dicit,
497 665 107 45 quod
564 665 107 45 ideo
631 665 94 45 non
671 665 94 45 recte

191 704 103 37 amor
256 704 142 37 dicitur
359 704 142 37 genitus
463 704 65 37 a
488 704 129 37 mente,
579 704 116 37 sicut
644 704 116 37 notitia

190 732 91 37 sui
242 732 91 37 qua
294 732 78 37 se
334 732 131 37 nouit,
425 732 105 37 quia
491 732 144 37 notitia
595 732 91 37 iam
634 732 131 37 inuentum

194 768 106 38 est,
260 768 106 38 quod
327 768 133 38 partum
420 768 93 38 vel
473 768 159 38 repertum
592 768 159 38 dicitur:
699 768 66 38 qua

191 801 155 40 sidicat,
307 801 103 40 quod
372 801 103 40 quia
437 801 155 40 gignere,
553 801 65 40 &
579 801 129 40 parere
669 801 78 40 in
695 801 65 40 na-

194 831 98 52 tura
255 831 208 52 intellectuali
426 831 98 52 idem
488 831 98 52 est,
549 831 98 52 quod
610 831 147 52 reperire
708 831 61 52 vel

193 864 166 46 inuenire;
321 864 140 46 idcirco
423 864 115 46 sicut
499 864 166 46 reperire,
627 864 64 46 &
640 864 128 46 inuenire

204 902 157 42 pertinet
322 902 79 42 ad
361 902 118 42 solum
440 902 210 42 intellectum,
610 902 65 42 &
636 902 92 42 non
688 902 79 42 ad
715 902 52 42 vo

201 942 162 36 luntatem,
325 942 87 36 ita
375 942 112 36 etiam
450 942 150 36 gignere,
562 942 62 36 &
587 942 125 36 parere
675 942 75 36 ad
700 942 62 36 so-

196 968 96 49 lum
251 968 218 49 intellectum,
428 968 68 49 &
456 968 96 49 non
510 968 82 49 ad
551 968 191 49 voluntatem
688 968 68 49 por

195 1005 140 45 tinebit,
300 1005 70 45 si
335 1005 93 45 ergo
393 1005 81 45 sic
440 1005 81 45 est
486 1005 70 45 in
521 1005 128 45 imagine
614 1005 128 45 creata,
695 1005 70 45 quod

197 1038 162 49 productio
321 1038 112 49 verbi
395 1038 137 49 dicitur
495 1038 124 49 partus
582 1038 62 49 &
607 1038 174 49 natiuitas,

191 1072 101 49 quia
255 1072 177 49 principium
394 1072 127 49 ipsius
483 1072 89 49 est
533 1072 203 49 intellectus,
685 1072 76 49 pro-

188 1106 127 42 ductio
277 1106 101 42 vero
341 1106 127 42 amoris
429 1106 89 42 non
480 1106 89 42 est
531 1106 140 42 partus,
632 1106 89 42 nec
670 1106 89 42 nati-

192 1142 130 52 uitas,
283 1142 104 52 quia
348 1142 182 52 principium
492 1142 130 52 ipsius
583 1142 91 52 est
622 1142 143 52 voluntas,

199 1177 160 43 sequitur,
322 1177 98 43 quod
383 1177 86 43 sic
433 1177 111 43 etiam
506 1177 98 43 erit
568 1177 74 43 in
605 1177 160 43 Trinitate
716 1177 49 43 in

193 1211 146 45 ereata;
299 1211 93 45 Nam
352 1211 172 45 (secundum
485 1211 146 45 August.
591 1211 146 45 ibidem)
683 1211 80 45 prae

194 1244 99 53 fata
256 1244 149 53 quaestio
367 1244 112 53 habet
442 1244 112 53 locum
517 1244 75 53 in
554 1244 137 53 Trinit.
641 1244 124 53 increata

183 1279 171 47 sicut
297 1279 114 47 in
335 1279 133 47 nobis

227 1306 84 54 Ex
269 1306 139 54 quibus
366 1306 167 54 concludo
492 1306 181 54 huiusmodi
617 1306 153 54 processio

199 1344 85 45 nes
247 1344 73 45 in
284 1344 133 45 diuinis
381 1344 97 45 duas
441 1344 121 45 habere
526 1344 121 45 causas
611 1344 97 45 suae
660 1344 109 45 distin-

193 1377 154 49 ctionis.
309 1377 64 49 s
335 1377 167 49 distinct.
463 1377 206 49 suppositorum
630 1377 64 49 &
643 1377 116 49 princi-

192 1416 127 52 piorum,
285 1416 81 52 nec
331 1416 81 52 vna
377 1416 81 52 est
423 1416 162 52 sufficiens
550 1416 92 52 sine
608 1416 127 52 altera,
689 1416 69 52 quod

189 1450 131 50 patet.
280 1450 91 50 Nam
333 1450 78 50 si
372 1450 157 50 haberent
490 1450 118 50 solum
568 1450 170 50 distincta
686 1450 78 50 prin

193 1491 117 42 cipia
271 1491 195 42 productiua,
427 1491 65 42 &
453 1491 91 42 non
506 1491 169 42 distincta
623 1491 143 42 supposita

191 1522 168 47 producta,
320 1522 103 47 tunc
385 1522 129 47 essent
476 1522 181 47 relationes
605 1522 155 47 disparatae

191 1554 187 42 existentes
337 1554 80 42 in
377 1554 120 42 eodem
457 1554 187 42 supposito,
604 1554 67 42 &
631 1554 80 42 in
671 1554 120 42 eodem

190 1586 193 46 fundamento,
345 1586 142 46 termino
448 1586 90 46 non
499 1586 232 46 diuersificato,
693 1586 64 46 &
705 1586 52 46 pr

192 1620 173 53 consequens
327 1620 86 53 non
377 1620 123 53 essent
463 1620 148 53 realiter
574 1620 185 53 distinctae,
710 1620 49 53 vt

190 1655 112 50 patet
264 1655 75 50 ex
302 1655 137 50 dictis,
402 1655 75 50 si
439 1655 112 50 autem
514 1655 87 50 non
564 1655 125 50 essent
639 1655 125 50 supposi-

194 1690 75 40 ta
232 1690 163 40 distincta
358 1690 163 40 producta,
484 1690 63 40 &
509 1690 88 40 non
559 1690 163 40 distincta
672 1690 88 40 prin-

196 1729 110 41 eipia
269 1729 195 41 producentia,
427 1729 97 41 tunc
488 1729 122 41 essent
573 1729 170 41 relationes
695 1729 61 41 si-

190 1756 126 45 miles,
279 1756 63 45 &
304 1756 139 45 eiusdem
405 1756 164 45 rationis,
531 1756 101 45 quia
594 1756 126 45 essent
683 1756 76 45 ab
708 1756 63 45 vno

191 1792 167 51 principio
320 1792 193 51 productiuo,
474 1792 103 51 quod
538 1792 90 51 est
576 1792 180 51 impossibile;

190 1835 99 36 quia
251 1835 173 36 relationes
387 1835 136 36 similes
486 1835 86 36 non
536 1835 136 36 possunt
622 1835 136 36 plurifica

195 1866 83 44 ri
237 1866 83 44 in
278 1866 124 44 eodem
361 1866 207 44 fundamento,
526 1866 165 44 alioquin
636 1866 124 44 possent

189 1898 90 35 ire
241 1898 77 35 in
279 1898 180 35 infinitum.
421 1898 77 35 Si
460 1898 129 35 igitur
550 1898 142 35 volumus
640 1898 116 35 saluare

191 1928 115 48 dictas
271 1928 184 48 processiones
421 1928 92 48 esse
478 1928 138 48 realiter
582 1928 173 48 distinctas,
720 1928 58 48 &

194 1965 98 49 esse
255 1965 183 49 disparatas,
402 1965 61 49 &
426 1965 147 49 alterius
536 1965 159 49 rationis,
646 1965 110 49 oportet

194 2000 190 41 concedere,
344 2000 108 41 quod
411 2000 81 41 ad
452 2000 122 41 earum
533 2000 231 41 distinctionem
710 2000 54 41 re

193 2030 159 44 quiratur
312 2030 185 44 distinctio
457 2030 211 44 suppositorum
616 2030 145 44 producto-

180 2065 145 58 rum,
270 2065 90 58 &
306 2065 289 58 principiorum
523 2065 127 58 simus

227 2096 168 60 Oecurunt
353 2096 126 60 tamen
437 2096 140 60 contra
535 2096 182 60 praedicta
661 2096 98 60 quae

783 163 95 74 dam
838 163 231 74 dubitationes,
1028 163 122 74 Prima
1110 163 109 74 est,
1178 163 109 74 quia
1233 163 122 74 diceret

779 215 162 54 aliquis,
900 215 108 54 quod
967 215 121 54 inter
1048 215 202 54 intellectum
1210 215 67 54 &
1223 215 135 54 volunta-

785 254 104 43 tem,
850 254 104 43 quae
915 254 104 43 sunt
979 254 168 43 principia
1109 254 117 43 harum
1174 254 181 43 processionum

780 291 73 50 in
816 291 97 50 Deo,
877 291 110 50 nulla
950 291 85 50 est
999 291 183 50 distinctio;
1145 291 85 50 non
1194 291 97 50 enim
1255 291 85 50 est
1291 291 61 50 ibi

791 321 169 39 distinctio
923 321 145 39 formalis
1032 321 72 39 ex
1068 321 120 39 natura
1152 321 96 39 rei,
1213 321 108 39 inter
1273 321 72 39 eos.

784 363 103 39 quia
849 363 103 39 fuit
913 363 155 39 superius
1030 363 194 39 improbatum,
1185 363 91 39 nec
1224 363 129 39 formalis

781 390 123 55 solum
863 390 164 55 secundum
987 390 178 55 rationem,
1123 390 109 55 quia
1192 390 109 55 tunc
1260 390 96 55 ens
1301 390 55 55 ra

789 425 120 37 tionis
873 425 108 37 esset
946 425 169 37 principium
1078 425 108 37 entis
1150 425 132 37 realis;
1247 425 84 37 nec
1283 425 72 37 rea-

785 457 96 61 lis,
845 457 96 61 quia
905 457 120 61 nullus
989 457 108 61 talem
1061 457 84 61 ibi
1108 457 132 61 poneret
1204 457 180 61 distinctio

779 491 102 54 nem,
843 491 102 54 ergo
907 491 115 54 nulla
984 491 90 54 ibi
1035 491 141 54 apparet
1125 491 153 54 distinctio

822 520 79 58 Ad
861 520 92 58 hoc
914 520 119 58 dico,
993 520 106 58 quod
1059 520 211 58 intellectus,
1231 520 66 58 &
1244 520 106 58 volun-

784 562 92 50 tas
837 562 79 50 in
876 562 92 50 Deo
929 562 92 50 non
982 562 224 50 distinguuntur
1166 562 171 50 realiter,
1285 562 66 50 nec

784 597 116 41 etiam
861 597 77 41 ex
900 597 129 41 natura
990 597 103 41 rei,
1054 597 90 41 sed
1106 597 219 41 distinguuntur
1273 597 77 41 vir-

783 628 182 57 tualiter,
923 628 70 57 &
951 628 168 57 secundum
1077 628 182 57 rationem,
1203 628 154 57 inquantum

783 664 124 49 tamen
866 664 110 49 sunt
935 664 179 49 principia
1072 664 124 49 harum
1141 664 206 49 processionum,

780 697 186 41 distinctio
926 697 160 41 secundum
1046 697 160 41 rationem
1166 697 120 41 inter
1246 697 93 41 eos
1285 697 67 41 ni-

781 730 94 53 hil
834 730 94 53 ibi
888 730 202 53 cooperatur:
1050 730 94 53 Non
1103 730 161 53 sequitur
1224 730 108 53 ergo
1278 730 81 53 quod

787 764 82 44 ens
834 764 140 44 rationis
939 764 82 44 sit
986 764 163 44 principium
1114 764 105 44 entis
1184 764 128 44 realis,
1277 764 82 44 sed
1312 764 47 44 so

779 799 97 41 lum
834 799 193 41 distinctio
986 799 166 41 secundum
1097 799 152 41 virtutem.

816 828 93 47 Pro
869 828 119 47 cuius
948 828 225 47 intelligentia
1134 828 159 47 sciendum
1253 828 106 47 est,
1306 828 66 47 quo

773 863 118 56 aliud
852 863 171 56 intelligo
983 863 92 56 per
1036 863 223 56 distinctionem
1220 863 145 56 realem,
1312 863 39 56 &

777 902 122 42 aliud
859 902 95 42 per
913 902 231 42 distinctionem
1104 902 177 42 formalem,
1240 902 68 42 &
1254 902 95 42 aliud

790 938 94 37 per
843 938 229 37 distinctionem
1032 938 162 37 secundum
1153 938 175 37 rationem,
1288 938 67 37 &
1301 938 54 37 a-

782 971 112 42 liud
852 971 98 42 per
908 971 238 42 distinctionem
1105 971 168 42 secundum
1217 971 140 42 virtute:

779 1005 93 50 Nam
832 1005 93 50 per
885 1005 225 50 distinctionem
1071 1005 133 50 realem
1163 1005 172 50 intelligo
1283 1005 66 50 il-

777 1042 88 45 lam
828 1042 227 45 distinctionem,
1017 1042 88 45 qua
1068 1042 126 45 aliqua
1156 1042 88 45 ita
1194 1042 151 45 distinguum

781 1076 104 44 tur,
846 1076 104 44 quod
911 1076 78 44 si
950 1076 156 44 ponantur
1067 1076 117 44 simul
1146 1076 78 44 in
1185 1076 130 44 aliquo
1276 1076 65 44 a
1289 1076 65 44 quo

780 1109 94 39 sint
839 1109 152 39 distincta
956 1109 141 39 realiter
1062 1109 106 39 sicur
1132 1109 94 39 sunt
1191 1109 106 39 inter
1261 1109 82 39 se,
1296 1109 59 39 fa-

781 1143 123 49 cient
863 1143 82 49 in
904 1143 82 49 eo
945 1143 232 49 compositonem:
1136 1143 96 49 Per
1177 1143 178 49 distinctio-

776 1176 96 46 nem
831 1176 109 46 vero
899 1176 164 46 formalem
1022 1176 178 46 intelligo
1159 1176 123 46 illam
1227 1176 123 46 distin-

780 1212 150 49 ctionem
890 1212 96 49 qua
944 1212 137 49 aliqua
1040 1212 232 49 distinguuntur
1217 1212 137 49 intrinse

785 1240 82 51 ce
826 1240 82 51 ex
868 1240 137 51 natura
963 1240 110 51 rei,
1032 1240 233 51 circumscripto
1210 1240 151 51 quocunque

780 1281 200 42 extrinseco,
940 1281 94 42 ita
993 1281 134 42 tamen,
1087 1281 107 42 quod
1154 1281 80 42 si
1194 1281 160 42 ponantur
1301 1281 53 42 in

785 1315 136 48 aliquo
881 1315 136 48 nullam
976 1315 150 48 faciunt
1085 1315 82 48 in
1126 1315 82 48 eo
1153 1315 205 48 compositonem.

785 1348 87 47 Per
834 1348 211 47 distinctionem
1008 1348 149 47 rationis
1119 1348 161 47 intelligo
1243 1348 112 47 illam
1305 1348 50 47 di

780 1384 207 47 stinctionem
946 1384 97 47 qua
1001 1384 138 47 aliqua
1098 1384 235 47 distinguuntur
1278 1384 83 47 per-

782 1413 208 49 operationem
948 1413 208 49 intellectus
1115 1413 208 49 comparantem
1267 1413 83 49 vnam

777 1452 88 35 rem
828 1452 75 35 ad
865 1452 125 35 aliqua
953 1452 150 35 realiter
1065 1452 175 35 distincta.
1203 1452 88 35 Per
1240 1452 113 35 distin-

783 1485 137 48 ctionem
882 1485 100 48 vero
944 1485 162 48 virtualem
1069 1485 162 48 intelligo
1193 1485 112 48 illam
1255 1485 100 48 distin

787 1518 153 50 ctionem
899 1518 98 50 qua
954 1518 140 50 aliqua
1052 1518 237 50 distinguuntur
1247 1518 98 50 non
1289 1518 70 50 qui

786 1551 85 50 dem
835 1551 73 50 in
871 1551 85 50 se,
920 1551 61 50 &
944 1551 158 50 absolute,
1066 1551 85 50 sed
1115 1551 73 50 in
1151 1551 134 50 ratione
1236 1551 110 50 princi-

782 1586 95 48 pij,
841 1586 59 48 &
865 1586 154 48 virtutis,
984 1586 95 48 quia
1043 1586 83 48 ita
1091 1586 154 48 distincte
1198 1586 154 48 principiant

785 1618 68 47 ac
819 1618 68 47 si
852 1618 113 47 essent
931 1618 147 47 distincta
1044 1618 147 47 principia
1157 1618 147 47 realiter,
1270 1618 102 47 sicut

777 1658 107 44 ex.
838 1658 107 44 gr.
899 1658 167 44 Videmus
1020 1658 122 44 quod
1096 1658 91 44 ab
1142 1658 107 44 vna
1218 1658 76 44 &
1248 1658 137 44 eadem

778 1678 112 55 anima
852 1678 124 55 fluunt
939 1678 162 55 potentiae
1064 1678 124 55 partis
1151 1678 199 55 vegetatiuae,
1313 1678 62 55 &

783 1725 151 48 potentiae
899 1725 116 48 partis
980 1725 174 48 sensitiuae;
1119 1725 70 48 si
1154 1725 93 48 ergo
1212 1725 162 48 quaeratur,

778 1761 121 46 vtrum
858 1761 121 46 talis
939 1761 134 46 anima,
1033 1761 161 46 secundum
1154 1761 107 46 quod
1221 1761 94 46 est
1261 1761 94 46 prin-

775 1793 132 39 cipium
867 1793 211 39 distinctarum
1038 1793 211 39 potentiarum,
1209 1793 132 39 habeat
1288 1793 66 39 ali

782 1832 111 43 quam
852 1832 250 43 distinctionem,
1060 1832 153 43 oportet
1171 1832 153 43 dicere,
1269 1832 83 43 quod

784 1862 103 40 sic,
849 1862 103 40 quia
913 1862 90 40 est
964 1862 193 40 impossibile
1119 1862 103 40 quod
1184 1862 77 40 ab
1222 1862 129 40 eodem,
1299 1862 52 40 in

781 1900 152 44 quantum
892 1900 125 44 idem,
975 1900 125 44 fuant
1058 1900 166 44 diuersa,
1183 1900 152 44 constat
1280 1900 69 44 ta-

783 1927 107 43 men,
849 1927 107 43 quod
916 1927 93 43 non
969 1927 120 43 habet
1049 1927 227 43 distinctionem
1223 1927 120 43 realem;

792 1965 96 36 uia
847 1965 193 36 supponitur
999 1965 110 36 quod
1068 1965 96 36 sit
1123 1965 96 36 vna
1178 1965 69 36 &
1205 1965 124 36 eadem
1274 1965 83 36 ani-

779 1995 104 41 nia;
844 1995 91 41 nec
896 1995 221 41 distinctionem
1078 1995 156 41 formalem
1195 1995 130 41 qualem
1273 1995 78 41 ali-

791 2030 87 46 qui
840 2030 137 46 ponunt,
940 2030 100 46 quia
1002 2030 112 46 illam
1077 2030 87 46 non
1127 2030 149 46 admitto,
1239 2030 75 46 vt
1264 2030 87 46 alias

778 2067 151 44 ostensum
892 2067 101 44 est,
955 2067 88 44 nec
1006 2067 215 44 distinctionem
1182 2067 164 44 rationis,
1296 2067 63 44 qua

785 2108 87 49 ens
834 2108 149 49 rationis
946 2108 87 49 non
996 2108 87 49 est
1046 2108 174 49 principium
1183 2108 112 49 entis
1245 2108 112 49 realis,
