1500 2400
105 191 127 47 Habet
190 191 127 47 tamen
275 191 240 47 distinctionem
473 191 198 47 virtualem,
614 191 85 47 quia

112 228 91 46 ita
164 228 182 46 principiat
307 228 169 46 potentias
438 228 130 46 animae
516 228 169 46 vegetatiuae

114 268 73 41 ac
150 268 73 41 si
187 268 122 41 essent
273 268 98 41 duae
334 268 171 41 distinctae
469 268 171 41 potentiae,
603 268 122 41 quarum

120 300 89 39 vna
171 300 115 39 esset
248 300 179 39 vegetatiua
388 300 140 39 tantum,
490 300 64 39 &
516 300 102 39 alia
567 300 128 39 sensiti-

111 336 84 42 ua
153 336 154 42 tantum.
265 336 98 42 Hoc
321 336 126 42 autem
405 336 112 42 ideo
474 336 196 42 contingit;
614 336 84 42 quia

115 370 182 45 distinctio
258 370 130 45 realis
349 370 117 45 inter
426 370 130 45 aliqua
517 370 130 45 omnino
608 370 78 45 se
634 370 65 45 ha-

114 399 96 50 bet
169 399 96 50 per
223 399 164 50 accidens
346 399 82 50 ad
387 399 218 50 principiandi
551 399 150 50 rationem;

109 437 99 42 non
166 437 114 42 enim
237 437 114 42 ideo
308 437 142 42 aliqua
407 437 114 42 sunt
478 437 199 42 principia,
620 437 85 42 quia

111 476 100 47 sunt
174 476 150 47 realiter
287 476 113 47 inter
362 476 75 47 se
399 476 175 47 distincta,
537 476 88 47 sed
587 476 100 47 quia
637 476 50 47 di

114 511 143 44 stincte
218 511 208 44 principiant,
387 511 104 44 siue
451 511 143 44 habeant
555 511 130 44 realem
633 511 65 44 di-

108 545 219 46 stinctionem,
286 545 110 46 siue
355 545 137 46 realem
451 545 219 46 identitatem,
615 545 82 46 quia

100 581 171 54 vtrunque
228 581 156 54 istorum
342 581 85 54 se
384 581 128 54 habet
469 581 100 54 per
526 581 171 54 accidens
640 581 57 54 ad

103 609 194 53 distincte
237 609 224 53 principiandum

104 623 233 70 Intelligendum
296 623 137 70 etiam,
392 623 110 70 quod
460 623 123 70 talis
529 623 164 70 distinctio

114 689 168 43 virtualis
243 689 129 43 potest
333 689 103 43 esse
398 689 193 43 fundamentum
539 689 155 43 distinctio

106 723 87 41 nis
155 723 136 41 rionis,
254 723 99 41 quia
316 723 161 41 vbicunque
440 723 87 41 est
490 723 173 41 distinctio
614 723 74 41 vir-

115 753 135 44 tualis,
213 753 86 44 ibi
262 753 86 44 est
312 753 172 44 distinctio
447 753 148 44 rationis
558 753 135 44 secudum
644 753 49 44 po

108 791 164 48 tentiam,
232 791 96 48 non
286 791 123 48 tamen
368 791 219 48 conuertitur;
546 791 96 48 Nam
587 791 110 48 potest

112 827 138 45 alicubi
213 827 100 45 esse
276 827 176 45 distinctio
414 827 151 45 rationis
527 827 151 45 secundum
627 827 63 45 po-

102 867 145 37 tentiam,
210 867 84 37 vbi
259 867 108 37 nulla
331 867 157 37 sitiratio
451 867 169 37 principij,
584 867 84 37 vel
620 867 72 37 vir-

108 895 128 46 tutis;
198 895 115 46 sicut
274 895 140 46 videmus
376 895 77 46 in
414 895 140 46 columna
516 895 77 46 in
555 895 89 46 qua
606 895 89 46 est
644 895 51 46 di

110 927 157 44 stinctio
228 927 144 44 dextri,
332 927 65 44 &
359 927 157 44 sinistri
477 927 157 44 secundum
581 927 105 44 poten-

106 967 107 45 tiam,
178 967 107 45 nulla
249 967 107 45 tamen
321 967 84 45 est
369 967 72 45 in
405 967 72 45 ea
440 967 107 45 ratio
512 967 167 45 principij,
631 967 60 45 vel

112 1000 164 37 virtutis,
239 1000 76 37 si
276 1000 101 37 ergo
340 1000 177 37 quaeratur,
478 1000 114 37 vtrum
542 1000 151 37 distinctio

112 1031 163 46 virtualis
238 1031 113 46 dicat
313 1031 138 46 aliquid
413 1031 113 46 plus,
488 1031 100 46 quam
539 1031 150 46 distinctio

103 1065 180 50 rationis
238 1065 180 50 secundum
373 1065 210 50 potentiam.
539 1065 120 50 Dico
599 1065 90 50 quod

99 1101 99 54 sic,
160 1101 99 54 quia
222 1101 111 54 dicit
296 1101 172 54 distinctas
431 1101 148 54 rationes
530 1101 160 54 principian-

108 1144 80 48 di
148 1144 80 48 in
188 1144 120 48 eadem
267 1144 93 48 re,
321 1144 226 48 circumscripto
507 1144 106 48 omni
573 1144 106 48 actu
626 1144 67 48 ra-

108 1173 145 52 tionis;
213 1173 79 52 si
252 1173 118 52 autem
331 1173 171 52 quaeratur
463 1173 158 52 vlterius
581 1173 92 52 per
620 1173 79 52 quid

106 1212 225 43 distinguuntur
291 1212 119 43 istae
371 1212 159 43 rationes
476 1212 199 43 principiandi.

98 1253 113 35 Dico
169 1253 113 35 quod
239 1253 85 35 ab
282 1253 198 35 extrinseco
437 1253 240 35 distinguuntur
621 1253 71 35 per

100 1284 100 39 ipsa
162 1284 200 39 principiata;
325 1284 75 39 ab
362 1284 175 39 intrinseco
500 1284 100 39 vero
562 1284 88 39 per
600 1284 88 39 diuer

98 1319 96 44 sos
153 1319 123 44 modos
235 1319 178 44 relatiuos
373 1319 110 44 quos
441 1319 178 44 includunt
565 1319 123 44 inquam-

106 1350 92 44 tum
158 1350 105 44 sunt
224 1350 171 44 distincta
356 1350 184 44 principia;
501 1350 92 44 Nam
553 1350 118 44 sicut
619 1350 66 44 pa-

108 1389 112 40 tuit
178 1389 167 40 superius
303 1389 140 40 quando
401 1389 167 40 agebatur
527 1389 84 40 de
554 1389 140 40 potentia

101 1416 175 50 generandi
235 1416 108 50 in7.
302 1416 121 50 dist.
383 1416 134 50 Illud,
477 1416 108 50 quod
531 1416 161 50 importatur

104 1460 95 46 per
159 1460 95 46 hoc
213 1460 122 46 nomen
294 1460 163 46 potentia
417 1460 95 46 vel
471 1460 204 46 principium,
620 1460 68 46 ess

98 1494 178 44 relatiuum
235 1494 165 44 secundum
359 1494 123 44 dici,
441 1494 69 44 &
469 1494 110 44 ideo
537 1494 123 44 dicit
606 1494 82 44 quid

101 1534 192 38 absolutum
249 1534 103 38 cum
308 1534 118 38 modo
382 1534 192 38 relatiuo;
515 1534 177 38 quapropter

101 1565 172 43 distincta
233 1565 172 43 principia
366 1565 133 43 debent
459 1565 133 43 habere
538 1565 159 43 distinctos

99 1597 131 49 modos
172 1597 160 49 relatiuos

140 1629 100 52 Sed
197 1629 171 52 notandum
325 1629 114 52 est,
396 1629 114 52 quod
467 1629 100 52 per
524 1629 100 52 hoc
581 1629 100 52 non
624 1629 71 52 in-

111 1671 114 43 tendo
188 1671 191 43 distinguere
340 1671 216 43 distinctionem
518 1671 165 43 virtualem
632 1671 64 43 con

109 1705 89 44 tra
160 1705 215 44 distinctionem
337 1705 165 44 rationis;
464 1705 89 44 sed
515 1705 139 44 intendo
603 1705 89 44 dice-

114 1743 88 37 re,
165 1743 101 37 quod
228 1743 101 37 sint
291 1743 126 37 gradus
379 1743 76 37 in
417 1743 202 37 distinctione
568 1743 126 37 rationis

104 1769 150 48 secudum
213 1769 123 48 magis
295 1769 68 48 &
322 1769 150 48 rminus,
431 1769 68 48 &
458 1769 109 48 ideo
513 1769 177 48 intellectus

104 1814 72 38 &
132 1814 172 38 voluntas
262 1814 86 38 in
305 1814 115 38 Deo,
376 1814 158 38 quamuis
477 1814 215 38 distinguantur

100 1846 165 43 secundum
224 1846 179 43 rationem,
362 1846 124 43 sicut
444 1846 69 43 &
472 1846 193 43 quaecunque
609 1846 83 43 alia

101 1874 187 50 attributa,
247 1874 227 50 distinguuntur
434 1874 120 50 tamen
514 1874 133 50 magis,
608 1874 67 50 &
621 1874 67 50 quo

104 1913 96 45 dam
159 1913 178 45 dissimili
296 1913 110 45 modo
365 1913 82 45 ab
406 1913 151 45 omnibus
516 1913 123 45 alijs
584 1913 110 45 attri-

113 1946 130 45 butis,
204 1946 104 45 quod
269 1946 117 45 patet
348 1946 78 45 ex
374 1946 117 45 tribus.

147 1985 130 42 Primo,
238 1985 104 42 quia
304 1985 104 42 ista
369 1985 91 42 duo
421 1985 170 42 attributa
551 1985 130 42 habent
630 1985 65 42 di-

111 2019 151 44 stinctas
225 2019 151 44 rationes
338 2019 201 44 principiandi
501 2019 75 44 ad
539 2019 126 44 intra,
615 2019 75 44 quod

114 2053 96 43 non
169 2053 136 43 habent
264 2053 109 43 alia
333 2053 191 43 attributa,
483 2053 82 43 ex
524 2053 96 43 quo
565 2053 136 43 sequitur

104 2095 176 36 secundum,
240 2095 176 36 scilicet,
375 2095 108 36 quod
443 2095 189 36 distinctio
578 2095 122 36 aliorum

116 2119 198 49 attributorum
277 2119 161 49 accipitur
401 2119 74 49 ab
438 2119 112 49 extra
512 2119 124 49 solum,
586 2119 112 49 distin-

87 2160 120 55 ctio
162 2160 135 55 antem
252 2160 165 55 istorum
372 2160 150 55 duorum
476 2160 105 55 non
536 2160 135 55 solum
611 2160 90 55 acci

713 189 109 54 pitur
786 189 73 54 ab
822 189 121 54 extra,
907 189 85 54 sed
955 189 109 54 etiam
1028 189 73 54 ab
1065 189 121 54 intra,
1149 189 73 54 ex
1186 189 97 54 isto
1234 189 61 54 au-

718 239 91 46 tem
770 239 142 46 secundo
873 239 155 46 sequitur
990 239 155 46 tertium,
1106 239 168 46 scilicet,
1222 239 78 46 quod

720 266 184 48 distinctio
864 266 144 48 aliorum
969 266 171 48 accipitur
1100 266 157 48 secundum
1205 266 92 48 intel

718 305 137 47 lectum
814 305 164 47 creatum,
938 305 69 47 &
965 305 96 47 non
1020 305 96 47 per
1075 305 206 47 intellectum
1225 305 69 47 di-

719 346 130 41 uinum,
810 346 104 41 quia
876 346 104 41 tunc
941 346 144 41 diuinus
1045 346 196 41 intellectus
1202 346 78 41 in
1228 346 65 41 co-

713 379 175 38 gnitione
845 379 146 38 suarum
946 379 233 38 perfectionum
1121 379 175 38 dependeret

717 415 77 40 ab
756 415 128 40 extra,
845 415 90 40 sed
897 415 179 40 distinctio
1038 415 141 40 istorum
1140 415 128 40 duorum
1217 415 77 40 acci

719 448 129 40 pitur,
810 448 65 40 &
835 448 207 40 constituitur
1004 448 91 40 non
1055 448 116 40 solum
1133 448 91 40 per
1172 448 129 40 intelle-

717 486 96 43 ctum
777 486 144 43 creatum,
885 486 84 43 sed
933 486 96 43 etam
993 486 84 43 per
1040 486 180 43 intellectum
1172 486 120 43 diuinum;

722 516 106 44 quia
788 516 80 44 in
828 516 93 44 hoc
881 516 120 44 nullo
961 516 106 44 modo
1028 516 173 44 derogatur
1161 516 106 44 suae
1214 516 80 44 per

702 549 137 42 fectioni.

727 587 82 45 Ex
768 587 136 45 quibus
863 587 163 45 colligo,
986 587 109 45 quod
1053 587 190 45 distinctio
1189 587 109 45 proces

712 620 139 48 sionum
809 620 180 48 reducatur
948 620 83 48 in
990 620 236 48 distinctionem
1170 620 125 48 princi-

718 652 147 47 piorum,
825 652 107 47 quae
892 652 107 47 sunt
958 652 214 47 intellectus,
1132 652 67 47 &
1146 652 147 47 voluntas,

710 687 93 43 non
763 687 119 43 prout
842 687 225 43 distinguuntur
1028 687 159 43 ratione,
1147 687 106 43 quia
1200 687 93 43 ratio

708 728 120 38 nihil
787 728 93 38 ibi
841 728 199 38 cooperatur,
1000 728 93 38 sed
1053 728 120 38 prout
1119 728 173 38 distinguun-

708 763 105 39 tur
768 763 180 39 secundum
903 763 195 39 virtutem,
1053 763 105 39 quo
1113 763 120 39 modo
1173 763 120 39 preue-

703 797 122 45 niunt
785 797 231 45 distinctionem
975 797 176 45 rationis,
1111 797 68 45 &
1138 797 95 45 eam
1178 797 109 45 fudant

710 832 66 39 &
736 832 92 39 sic
789 832 198 39 satisfactum
947 832 92 39 est
1000 832 132 39 primae
1079 832 185 39 dubitationi.

709 865 168 53 Secundo,
835 865 182 53 dubitaret
975 865 168 53 aliquis;
1101 865 126 53 quia,
1185 865 112 53 dato
1241 865 42 53 q

718 903 167 38 praefatae
846 903 205 38 processiones
1013 903 115 38 nullo
1090 903 103 38 modo
1141 903 154 38 distinguam

706 939 96 40 tur
761 939 220 40 sufficienter
940 939 96 40 per
995 939 179 40 principia
1118 939 165 40 productiua

710 968 93 49 sed
763 968 119 49 etiam
842 968 93 49 per
895 968 172 49 supposita
1027 968 172 49 producta,
1160 968 93 49 non
1199 968 93 49 tamen

709 1011 119 37 adhuc
788 1011 158 37 videntur
907 1011 211 37 sufficienter
1078 1011 185 37 distincta,
1223 1011 92 37 nam

705 1042 112 39 tam.
775 1042 182 39 principia
915 1042 210 39 productiua,
1083 1042 112 39 quam
1139 1042 154 39 supposita

716 1080 158 44 producta
834 1080 105 44 sunt
900 1080 185 44 extrinseca
1045 1080 119 44 ipsis
1111 1080 185 44 processioni-

704 1113 102 55 bus,
768 1113 140 55 oportet
869 1113 102 55 ergo
933 1113 102 55 dare
996 1113 140 55 aliquod
1098 1113 114 55 aliud
1174 1113 140 55 princi

703 1147 105 47 pium
768 1147 196 47 intrinsecum
925 1147 118 47 huius
991 1147 209 47 distinctionis.

733 1177 198 50 Respondeo,
889 1177 113 50 quod
959 1177 99 50 non
1016 1177 156 50 intendo
1129 1177 142 50 dicere
1214 1177 71 50 has

707 1212 199 52 processiones
868 1212 87 52 non
918 1212 161 52 distingui
1042 1212 174 52 intrinsece
1166 1212 124 52 seipsis,

710 1255 91 44 nec
762 1255 78 44 ea
801 1255 103 44 quae
865 1255 116 44 dicta
943 1255 103 44 sunt
1008 1255 155 44 superius
1124 1255 91 44 hoc
1163 1255 129 44 probant,

709 1285 96 42 sed
764 1285 151 42 probant
874 1285 138 42 solum,
971 1285 110 42 quod
1039 1285 96 42 non
1081 1285 206 42 distinguantur

707 1322 138 41 seipsis
808 1322 88 41 per
858 1322 75 41 se
895 1322 63 41 &
921 1322 125 41 primo:
1008 1322 100 41 quia
1071 1322 75 41 si
1096 1322 188 41 distinguerem-

704 1360 93 44 tur
757 1360 146 44 seipsis
863 1360 93 44 per
916 1360 80 44 se
956 1360 66 44 &
982 1360 133 44 primo,
1062 1360 225 44 distinguerentur

706 1392 143 37 seipsis
810 1392 220 37 sufficienter,
991 1392 65 37 &
1017 1392 91 37 per
1069 1392 181 37 consequens
1198 1392 91 37 remo-

705 1427 82 44 ta
746 1427 232 44 distinctione,
938 1427 68 44 &
965 1427 191 44 oppositone
1102 1427 191 44 suppositorum

712 1468 203 38 productorum,
877 1468 127 38 remota
966 1468 127 38 quoque
1055 1468 203 38 distinctione
1208 1468 76 38 prin

707 1503 175 43 cipiorum,
841 1503 121 43 adhuc
922 1503 269 43 distinguerentur,
1150 1503 121 43 cuius
1218 1503 67 43 con

708 1535 150 44 trarium
818 1535 164 44 superius
941 1535 96 44 est
982 1535 150 44 probatum.

746 1567 141 48 Intendo
848 1567 102 48 ergo
912 1567 141 48 dicere,
1015 1567 102 48 quod
1079 1567 179 48 distinctio
1206 1567 77 48 pri-

709 1604 172 44 cipiorum,
841 1604 66 44 &
868 1604 186 44 distinctio
1014 1604 212 44 suppositorum
1173 1604 106 44 produm

703 1635 137 47 ctorum
799 1635 192 47 concurrunt
950 1635 82 47 ad
991 1635 233 47 distinctionem
1169 1635 109 47 dicta-

705 1674 98 42 rum
761 1674 224 42 processionum
943 1674 154 42 tanquam
1054 1674 112 42 duae
1124 1674 140 42 causae
1208 1674 70 42 ex.

712 1712 163 43 trinsece,
838 1712 126 43 quibus
926 1712 138 43 positis
1026 1712 138 43 ponitur
1127 1712 113 43 earum
1190 1712 100 43 distin

706 1741 101 41 ctio
770 1741 178 41 intrinseca
909 1741 63 41 &
935 1741 165 41 formalis,
1061 1741 63 41 &
1087 1741 89 41 eis
1138 1741 140 41 remotis
1226 1741 51 41 re

707 1781 170 45 mouetur,
835 1781 71 45 &
863 1781 99 45 hoc
920 1781 128 45 credo
1005 1781 185 45 intendere
1147 1781 128 45 omnes
1218 1781 71 45 opi

712 1820 127 38 niones
801 1820 102 38 quae
865 1820 153 38 videntur
980 1820 178 38 attribuere
1120 1820 115 38 istam
1183 1820 102 38 distin

716 1843 140 48 ctionem
818 1843 127 48 alicui
907 1843 165 48 principio
1034 1843 178 48 extrinseco
1174 1843 64 48 a
1187 1843 102 48 dictis

720 1879 247 54 processionibus,
928 1879 65 54 &
954 1879 91 54 hoc
1006 1879 104 54 est,
1070 1879 104 54 quod
1135 1879 143 54 videtur
1226 1879 65 54 mi-

712 1911 81 45 hi
752 1911 162 45 dicendum
874 1911 122 45 circa
955 1911 122 45 istam
1022 1911 189 45 quaestionem.

743 1953 95 40 Hoc
798 1953 122 40 viso,
879 1953 108 40 leue
947 1953 95 40 est
1001 1953 190 40 respondere
1150 1953 81 40 ad
1177 1953 108 40 motiua

708 1991 141 40 aliarum
811 1991 179 40 opinionum;
952 1991 141 40 idcirco
1054 1991 90 40 cum
1106 1991 154 40 dicitur,
1208 1991 77 40 quod

720 2026 212 39 productiones
892 2026 225 39 distinguuntur
1078 2026 80 39 ex
1118 2026 172 39 terminis;
1237 2026 53 39 Di

718 2054 80 45 co
758 2054 106 45 quod
824 2054 120 45 verum
904 2054 93 45 est
957 2054 93 45 vbi
1010 2054 213 45 productiones
1183 2054 106 45 sunt
1236 2054 53 45 e-

710 2088 130 41 iusdem
801 2088 156 41 rationis
918 2088 91 41 cum
970 2088 117 41 ipsis
1048 2088 169 41 terminis;
1178 2088 78 41 in
1204 2088 91 41 propo

714 2126 103 50 sito
778 2126 116 50 autem
855 2126 90 50 non
907 2126 141 50 estita,
1010 2126 103 50 quia
1074 2126 206 50 productiones
1228 2126 77 50 sunt

715 2161 76 54 de
753 2161 126 54 genere
841 2161 189 54 relationis,
993 2161 151 54 terminus
1106 2161 76 54 at
1144 2161 164 54 vtriusque
1257 2161 38 54 p
