1500 2398
96 174 233 60 processionem
286 174 219 60 sequeretur,
461 174 117 60 quod
534 174 160 60 haberet
636 174 73 60 ge-

115 232 122 42 minum
196 232 122 42 esse,
276 232 108 42 quod
344 232 95 42 est
398 232 149 42 falsum:
506 232 108 42 quia
560 232 135 42 Spiritus

112 260 150 38 Sanctus
221 260 95 38 est
276 260 150 38 persona
385 260 163 38 simplex:
494 260 204 38 Consequentiam

115 294 146 47 probo;
218 294 102 47 nam
276 294 102 47 cum
335 294 102 47 per
394 294 234 47 processionem
569 294 132 47 acquira

108 331 92 37 tur
160 331 118 37 esse,
239 331 118 37 sicut
317 331 170 37 geminatur
448 331 183 37 processio,
592 331 92 37 ita
631 331 79 37 gemi

108 363 165 45 nabitur
213 363 90 45 esse

132 402 118 46 IN
191 402 256 46 OPPOSITVM
389 402 138 46 est
467 402 237 46 Magister
625 402 79 46 in

117 435 142 43 litera,
220 435 142 43 probans
324 435 142 43 geminam
427 435 103 43 esse
491 435 155 43 Spiritus
595 435 103 43 Sancti

101 470 215 47 processionem.

139 503 266 44 RESPONDEO:
348 503 114 44 in
405 503 152 44 ista
481 503 228 44 quaestione

118 540 117 45 tria
191 540 117 45 sunt
250 540 131 45 videnda

141 574 78 55 1
173 574 94 55 An
219 574 187 55 Spiritus
360 574 172 55 Sanctus
485 574 187 55 procedat
609 574 94 55 tem

86 610 179 55 poraliter,

158 644 64 45 2
184 644 77 45 An
222 644 77 45 in
260 644 102 45 tali
324 644 191 45 processione
477 644 140 45 donetur
579 644 115 45 ipse,
643 644 64 45 vel

101 678 150 49 solum
201 678 133 49 eius
268 678 116 49 dona.

150 711 68 53 3
178 711 82 53 An
218 711 177 53 processio
354 711 163 53 Spiritus
477 711 136 53 Sancti
572 711 95 53 sic
613 711 95 53 gemi-

113 753 129 43 netur,
203 753 103 43 quod
268 753 103 43 sint
332 753 103 43 duae
396 753 206 43 processiones
551 753 154 43 distincte,

121 787 96 49 per
176 787 110 49 quas
245 787 165 49 Spiritus
369 787 151 49 Sanctus
479 787 165 49 acquirat
603 787 96 49 duo
644 787 69 49 di-

110 823 167 45 stincta
216 823 91 45 esse

160 886 348 52 ARTICVLVS
401 886 241 52 PRIMVS.

108 966 121 46 Vtrum
188 966 162 46 Spiritus
310 966 148 46 Sanctus
418 966 162 46 procedat
525 966 189 46 teporaliter.

203 1063 155 53 Ntequam
316 1063 85 53 ad
358 1063 169 53 articuli
485 1063 226 53 expositionem
655 1063 56 53 ac

112 1079 135 68 cedam
202 1079 105 68 pro
262 1079 150 68 totius
367 1079 225 68 quaestionis
531 1079 180 68 intelligen

109 1142 96 40 tia
164 1142 96 40 est
219 1142 178 40 notandum,
356 1142 110 40 quod
424 1142 82 40 de
465 1142 164 40 veritate
575 1142 137 40 quaestio

125 1176 109 40 nis,
193 1176 150 40 quantum
302 1176 82 40 ad
343 1176 122 40 omnes
425 1176 109 40 tres
492 1176 190 40 articulos,
642 1176 68 40 &
656 1176 54 40 ma

120 1212 113 41 xime
191 1212 156 41 quantum
304 1212 85 41 ad
346 1212 113 41 duos
417 1212 141 41 primos
516 1212 127 41 satis
587 1212 127 41 colligi

112 1240 129 48 potest
202 1240 77 48 ex
241 1240 129 48 litera
331 1240 155 48 Magistri
447 1240 90 48 per
499 1240 206 48 auctoritates
654 1240 64 48 San

130 1282 166 39 ctorum,
250 1282 120 39 quas
326 1282 105 39 ibi
386 1282 166 39 adducit
506 1282 120 39 quid
566 1282 151 39 dicendum

124 1320 107 38 sit,
190 1320 67 38 &
217 1320 107 38 ideo
284 1320 147 38 quamuis
391 1320 201 38 dissentiant
552 1320 160 38 Doctores
659 1320 53 38 in

112 1348 115 43 modo
183 1348 172 43 dicendi,
312 1348 86 43 de
355 1348 86 43 re
398 1348 129 43 tamen
484 1348 143 43 modica
584 1348 100 43 vel
627 1348 86 43 nul-

129 1389 78 37 la
168 1389 117 37 inter
246 1389 91 37 eos
297 1389 91 37 est
349 1389 181 37 discordia,
492 1389 143 37 idcirco
582 1389 130 37 breuiter

133 1429 174 37 quaesitis
267 1429 201 37 respondebo,
428 1429 161 37 ommissis
549 1429 148 37 aliorum
642 1429 81 37 opi

114 1457 180 42 nionibus

169 1491 168 43 Quantum
291 1491 92 43 ad
337 1491 153 43 primum
444 1491 123 43 dico
506 1491 214 43 processionem

114 1525 197 40 temporalem
269 1525 99 40 duo
325 1525 197 40 importare,
480 1525 183 40 videlicet
607 1525 113 40 exitum

140 1562 157 44 Spiritus
257 1562 130 44 Sancti
349 1562 65 44 a
375 1562 130 44 Patre,
466 1562 65 44 &
492 1562 130 44 filio,
584 1562 65 44 &
597 1562 117 44 tenden-

138 1594 116 44 tiam
211 1594 160 44 eiusdem
327 1594 87 44 in
371 1594 189 44 creaturam
516 1594 204 44 rationalem
662 1594 58 44 ad

137 1629 102 44 eam
196 1629 263 44 sanctificandam
415 1629 175 44 secundum
547 1629 161 44 aliquod
649 1629 73 44 do-

134 1665 103 47 num
193 1665 177 47 infusum.
326 1665 118 47 Haec
400 1665 133 47 autem
488 1665 103 47 duo
547 1665 103 47 non
591 1665 133 47 possunt

135 1702 177 42 abinuicem
271 1702 177 42 separari,
407 1702 68 42 &
435 1702 109 42 vnum
502 1702 109 42 sine
570 1702 136 42 altero
652 1702 68 42 non

136 1734 169 47 sufficit
262 1734 84 47 ad
305 1734 225 47 processionem
487 1734 211 47 temporalem;
656 1734 98 47 nam

133 1775 166 40 videmus,
257 1775 110 40 quod
326 1775 152 40 tendere
437 1775 83 40 in
478 1775 179 40 creaturam
603 1775 110 40 ratio-

141 1803 122 51 nalem
223 1803 82 51 ad
264 1803 245 51 sanctificandam
468 1803 95 51 eam
522 1803 163 51 competit
631 1803 95 51 etiam

137 1848 130 45 patri,
228 1848 104 45 quia
293 1848 156 45 Spiritus
410 1848 143 45 Sanctus
514 1848 91 45 non
553 1848 169 45 sanctificat

141 1878 87 41 eam
190 1878 99 41 sine
252 1878 124 41 patre,
340 1878 62 41 &
364 1878 124 41 filio,
451 1878 62 41 &
476 1878 112 41 talis
551 1878 162 41 tendentia
663 1878 62 41 nul

145 1915 80 43 lo
185 1915 107 43 modo
252 1915 147 43 dicitur
358 1915 174 43 processio
492 1915 200 43 temporalis,
639 1915 80 43 quia

140 1951 114 54 pater
216 1951 89 54 sic
267 1951 140 54 tendit,
369 1951 102 54 quod
432 1951 63 54 a
458 1951 114 54 nullo
534 1951 102 54 exit
597 1951 89 54 vel
635 1951 89 54 proce

141 1985 108 43 dit,
209 1985 176 43 tendentia
344 1985 108 43 ergo
412 1985 108 43 sine
480 1985 122 43 exitu
561 1985 81 43 ab
601 1985 108 43 alio
655 1985 68 43 non

138 2023 170 46 sufficit
266 2023 85 46 ad
308 2023 199 46 temporalem
464 2023 241 46 processionem;
649 2023 71 46 nec

142 2056 133 40 exitus
235 2056 106 40 sine
301 2056 106 40 tali
368 2056 173 40 tendentia
501 2056 160 40 Spiritus
607 2056 120 40 Sancti;

133 2087 103 47 nam
192 2087 249 47 quantuncumque
397 2087 147 47 semper
500 2087 176 47 exierit,
632 2087 73 47 &
647 2087 73 47 sem

147 2124 85 54 per
195 2124 109 54 exeat
268 2124 60 54 a
292 2124 121 54 patre,
377 2124 60 54 &
401 2124 121 54 filio,
485 2124 73 54 si
522 2124 109 54 tamen
594 2124 73 54 in
618 2124 109 54 creatu-

140 2161 94 46 ram
193 2161 188 46 rationalem
341 2161 94 46 non
394 2161 161 46 tenderet
515 2161 94 46 eam
555 2161 174 46 sanctificam

713 177 104 60 do,
773 177 163 60 nunquam
891 177 238 60 temporaliter
1084 177 223 60 procederet.
1248 177 59 60 Et

714 220 110 47 ideo
783 220 110 47 Deda
852 220 83 47 in
894 220 152 47 Homilia
1004 220 138 47 primae
1101 220 180 47 Dominicae
1225 220 83 47 post

714 262 210 42 Ascensionem
882 262 140 42 volens
980 262 196 42 ostendere,
1134 262 112 42 quod
1190 262 112 42 Spiri-

719 301 103 43 tus
778 301 162 43 Sanctus
896 301 177 43 procedat
1029 301 236 43 temporaliter
1206 301 103 43 solum

720 333 137 42 quando
816 333 137 42 tendit
912 333 82 42 in
953 333 178 42 creaturam
1090 333 192 42 rationalem
1241 333 96 42 eam

717 371 213 39 sanctificando
893 371 88 39 per
943 371 113 39 donum
1018 371 100 39 suae
1081 371 150 39 gratiae,
1193 371 88 39 sic
1231 371 75 39 ait,

721 405 95 38 cum
775 405 162 38 Spiritus
896 405 135 38 Sancti
991 405 135 38 gratia
1085 405 122 38 datur
1153 405 149 38 hominibs,

719 432 154 49 profecto
834 432 154 49 mittitur
950 432 154 49 Spiritus
1065 432 128 49 Sactus
1154 432 64 49 a
1180 432 128 49 patre,
1270 432 64 49 &

718 474 123 37 filio,
804 474 184 37 proceditque
951 474 74 37 ab
987 474 147 37 vtroque,
1098 474 98 37 quia
1159 474 98 37 eius
1208 474 98 37 mistio

717 508 85 45 est
766 508 98 45 ipsa
814 508 147 45 processio.

746 531 163 60 Possumus
869 531 109 60 ergo
937 531 82 60 ex
978 531 109 60 eius
1046 531 136 60 dictis
1141 531 150 60 formare
1236 531 68 60 hac

716 574 180 44 rationem:
854 574 110 44 llla
923 574 152 44 persona
1034 574 138 44 potest
1117 574 193 44 temporaliter

721 613 187 49 procedere,
868 613 107 49 quae
935 613 94 49 sic
988 613 160 49 procedit
1108 613 80 49 ab
1149 613 120 49 alia,
1229 613 107 49 quod

725 653 103 39 eius
790 653 168 39 tendentia
919 653 129 39 potest
1009 653 103 39 esse
1074 653 77 39 in
1112 653 142 39 aliquem
1203 653 103 39 termi-

719 685 104 40 num
779 685 164 40 nouiter
898 685 74 40 &
927 685 253 40 temporaliter,
1136 685 104 40 sed
1180 685 134 40 persona

724 718 161 42 Spiritus
844 718 94 42 San
898 718 94 42 cti
952 718 94 42 est
1005 718 188 42 huiusmodi:
1153 718 107 42 ergo
1220 718 94 42 &c.
1260 718 54 42 Ma

721 756 121 39 iorem
801 756 134 39 probo,
895 756 108 39 quia
963 756 121 39 omnis
1043 756 175 39 processio
1178 756 134 39 potest
1258 756 54 39 de

724 790 158 48 nominari
842 790 66 48 a
869 790 92 48 suo
921 790 158 48 termino,
1040 790 79 48 si
1079 790 105 48 ergo
1145 790 158 48 terminus
1250 790 66 48 pro

720 827 157 43 cessionis
841 827 145 43 alicuius
950 827 133 43 diuinae
1047 827 145 43 personae
1156 827 121 43 potest
1240 827 97 43 esse

724 861 123 41 nouus
806 861 68 41 &
834 861 205 41 temporalis,
998 861 123 41 etiam
1080 861 96 41 sua
1134 861 178 41 processio
1257 861 55 41 po

722 898 127 39 terit
806 898 197 39 denominari
961 898 113 39 noua
1032 898 70 39 &
1060 898 211 39 temporalis:
1214 898 99 39 Minor

729 925 115 43 autem
806 925 89 43 est
857 925 102 43 nota
921 925 77 43 ex
946 925 115 43 dictis.

762 968 248 36 Intelligendum
966 968 146 36 tamen,
1068 968 117 36 quod
1141 968 175 36 Spiritum
1258 968 58 36 Sa

728 1000 111 53 ctum
797 1000 152 53 nouiter
908 1000 152 53 tendere
1019 1000 83 53 in
1060 1000 152 53 aliquem
1157 1000 152 53 terminum,

731 1033 127 47 potest
820 1033 165 47 intelligi
947 1033 190 47 dupliciter,
1099 1033 89 47 vno
1150 1033 102 47 modo
1213 1033 76 47 vt
1239 1033 76 47 ista

734 1073 140 39 nouitas
836 1073 76 39 se
874 1073 127 39 teneat
963 1073 76 39 ex
1001 1073 114 39 parte
1077 1073 153 39 Spiritus
1192 1073 127 39 Sancti
1268 1073 51 39 te

731 1104 140 41 dentis,
833 1104 64 41 &
858 1104 203 41 procedentis;
1024 1104 64 41 &
1049 1104 102 41 iste
1113 1104 191 41 intellectus
1252 1104 64 41 est

734 1141 138 40 falsus,
835 1141 100 40 quia
897 1141 188 40 impossibile
1048 1141 88 40 est
1098 1141 150 40 inuenire
1210 1141 75 40 in
1235 1141 88 40 Spiri

732 1176 86 46 tu
775 1176 143 46 Sancto
874 1176 157 46 aliquid
989 1176 128 46 noui;
1074 1176 114 46 alio
1146 1176 114 46 modo
1203 1176 114 46 potest

737 1211 164 38 intelligi
863 1211 76 38 vt
901 1211 113 38 talis
977 1211 139 38 nouitas
1078 1211 76 38 se
1115 1211 126 38 teneat
1204 1211 76 38 ex
1229 1211 88 38 parte

733 1248 146 41 termini
839 1248 80 41 in
879 1248 106 41 quem
945 1248 93 41 est
998 1248 106 41 ista
1064 1248 186 41 tendentia,
1210 1248 66 41 &
1223 1248 106 41 proces

735 1283 97 40 sio,
795 1283 60 40 &
820 1283 97 40 iste
880 1283 181 40 intellectus
1025 1283 85 40 est
1061 1283 97 40 verus.

772 1313 159 46 Occurrit
891 1313 119 46 tamen
971 1313 199 46 difficultas
1130 1313 133 46 contra
1210 1313 106 46 praedi

737 1350 107 40 cta:
803 1350 133 40 Dictum
897 1350 93 40 est
950 1350 120 40 enim,
1030 1350 107 40 quod
1097 1350 80 40 de
1137 1350 147 40 ratione
1230 1350 80 40 pro-

743 1385 160 40 cessionis
866 1385 172 40 temporalis
1001 1385 98 40 sunt
1063 1385 98 40 duo,
1124 1385 148 40 scilicet
1223 1385 98 40 exitus

741 1421 155 42 Spiritus
857 1421 129 42 Sancti
947 1421 64 42 a
973 1421 116 42 patre
1050 1421 64 42 &
1076 1421 129 42 filio,
1166 1421 64 42 &
1179 1421 142 42 tendentia

738 1459 81 38 in
778 1459 175 38 creaturam
912 1459 188 38 rationalem
1060 1459 94 38 per
1114 1459 121 38 donum
1181 1459 134 38 gratiae;

740 1492 147 39 constat
847 1492 121 39 autem
927 1492 107 39 quod
994 1492 134 39 exitus
1088 1492 67 39 a
1115 1492 134 39 patre,
1209 1492 67 39 &
1222 1492 94 39 filio

738 1529 90 39 non
789 1529 90 39 est
841 1529 128 39 nouus,
930 1529 64 39 &
956 1529 192 39 temporalis,
1110 1529 103 39 ideo
1174 1529 167 39 aeternus,

743 1562 104 40 ergo
808 1562 91 40 sua
860 1562 169 40 processio
990 1562 91 40 non
1043 1562 91 40 est
1095 1562 143 40 dicenda
1186 1562 130 40 tempora-

738 1598 104 40 lis,
803 1598 91 40 sed
855 1598 130 40 potius
945 1598 155 40 aetetna,
1062 1598 104 40 quia
1127 1598 130 40 semper
1204 1598 117 40 denomi-

737 1633 110 44 natio
810 1633 110 44 debet
883 1633 110 44 fieri
957 1633 61 44 a
969 1633 159 44 potentiori.

772 1665 81 50 Ad
813 1665 95 50 hoc
867 1665 190 50 respondent
1017 1665 136 50 quidam
1112 1665 176 50 dicentes,
1234 1665 81 50 quod

738 1699 82 55 ad
779 1699 178 55 veritatem
916 1699 206 55 copulatiuae
1081 1699 192 55 requiritur
1218 1699 96 55 quaml

745 1738 89 47 bet
796 1738 127 47 partem
885 1738 102 47 eius
949 1738 102 47 esse
1013 1738 127 47 veram:
1102 1738 76 47 ad
1140 1738 178 47 falsitatem
1267 1738 51 47 ve

741 1775 76 36 ro
779 1775 101 36 eius
843 1775 152 36 sufficit
956 1775 139 36 alteram
1057 1775 126 36 falsam
1146 1775 114 36 esse.
1222 1775 76 36 Ad
1247 1775 76 36 ve-

739 1804 206 57 rificandum
901 1804 118 57 ergo
974 1804 147 57 dictam
1077 1804 235 57 processionem
1254 1804 73 57 non

742 1842 101 43 esse
805 1842 151 43 aeternam
919 1842 164 43 sufficit,
1045 1842 101 43 quod
1108 1842 126 43 altera
1197 1842 101 43 pars
1247 1842 76 43 eius

737 1880 90 39 non
789 1880 90 39 sit
840 1880 155 39 aeterna,
957 1880 65 39 &
982 1880 77 39 pr
1021 1880 181 39 consequens
1150 1880 168 39 temporalis;

744 1913 80 46 Et
784 1913 80 46 in
824 1913 107 46 idem
891 1913 120 46 redit
971 1913 147 46 solutio
1078 1913 174 46 quorundam
1199 1913 120 46 aliorum

741 1951 184 39 dicentium,
886 1951 105 39 quod
951 1951 79 39 ad
991 1951 197 39 existentiam
1149 1951 158 39 alicuius
1254 1951 66 39 to-

743 1986 112 37 tius,
817 1986 175 37 requiritur
955 1986 175 37 existentia
1092 1986 175 37 cuiuslibet
1217 1986 112 37 partis;

742 2017 82 49 ad
783 2017 96 49 non
838 2017 206 49 existentiam
1003 2017 110 49 vero
1072 2017 151 49 eiusdem
1182 2017 137 49 totius
1264 2017 69 49 suf

743 2051 107 43 ficit
815 2051 83 43 non
862 2051 167 43 existentia
993 2051 143 43 alterius
1101 2051 131 43 partis,
1184 2051 143 43 aeternitas

736 2089 123 47 autem
818 2089 177 47 (secundum
954 2089 109 47 eos)
1022 2089 163 47 importat
1131 2089 191 47 existentiam,

756 2123 100 45 quia
819 2123 113 45 dicit
894 2123 125 45 semper
982 2123 138 45 fuisse,
1082 2123 63 45 &
1107 2123 125 45 semper
1195 2123 113 45 fore,
1258 2123 75 45 tem-

753 2166 174 51 poralitas
886 2166 107 51 vero
953 2166 94 51 per
1006 2166 187 51 oppositum:
1153 2166 160 51 importat
1260 2166 67 51 non
