1500 2341
214 189 215 57 existentiam,
388 189 107 57 quia
455 189 188 57 significat
603 189 175 57 aliquando
724 189 67 57 non

210 229 156 50 fuisse;
323 229 71 50 &
352 229 113 50 ideo
422 229 85 50 ad
465 229 99 50 hoc
522 229 241 50 verificandum,
706 229 85 50 quod

208 273 149 42 aliquod
317 273 122 42 donum
398 273 95 42 sit
453 273 176 42 aeternum,
588 273 149 42 oportet
683 273 95 42 quam-

213 298 114 56 libet
289 298 126 56 partem
378 298 101 56 esse
441 298 164 56 aeternam;
567 298 76 56 Ad
605 298 88 56 hoc
656 298 101 56 vero
706 298 76 56 quod

220 333 75 48 ut
257 333 174 48 temporale,
394 333 162 48 sufficit,
518 333 100 48 quod
581 333 125 48 altera
668 333 100 48 pars
718 333 62 48 sit

210 370 161 47 temporalis.

239 379 153 69 Vtraque
350 379 125 69 tamen
434 379 153 69 solutio
545 379 153 69 videtur
643 379 139 69 deficere

202 436 145 50 propter
307 436 105 50 duo;
373 436 132 50 Primo,
465 436 105 50 quia
531 436 118 50 sicut
610 436 158 50 aeternum
715 436 66 50 di-

214 470 89 48 cit
265 470 178 48 negationem
405 470 191 48 temporalis,
558 470 89 48 ita
609 470 166 48 temporale
724 470 51 48 di

211 504 95 44 cit
266 504 191 44 negationem
416 504 163 44 aeterni,
538 504 68 44 &
565 504 95 44 per
606 504 177 44 consequens,

213 539 115 44 sicut
290 539 128 44 negado
380 539 231 44 temporalitatem
572 539 64 44 a
598 539 128 44 parte,
674 539 103 44 potest

211 571 132 47 inferri
307 571 180 47 teporalitas
451 571 72 47 de
487 571 108 47 toto;
560 571 84 47 ita
608 571 144 47 videtur,
704 571 72 47 quod

215 609 140 46 negando
317 609 229 46 temporalitatem
508 609 64 46 a
533 609 114 46 parte
610 609 127 46 possit
686 609 89 46 infer

214 634 77 61 ri
253 634 180 61 aeternitas
394 634 77 61 de
433 634 116 61 toto,
510 634 103 61 nisi
574 634 116 61 aliud
638 634 116 61 obstet.

245 672 149 49 Seccundo
356 672 149 49 deficit,
467 672 99 49 quia
529 672 136 49 videtur
628 672 99 49 esse
678 672 99 49 contra

210 695 172 57 doctrinam
342 695 132 57 Arist.
434 695 145 57 secundo
540 695 132 57 Elench
633 695 93 57 vbi
686 695 119 57 vult,

202 740 106 57 quod
268 740 79 57 si
308 740 159 57 aliquid,
427 740 146 57 negetur
533 740 79 57 de
572 740 172 57 aliquibus
692 740 79 57 duo-

209 778 92 44 bus
262 778 79 44 in
301 778 158 44 plurali,
420 778 92 44 non
472 778 158 44 oportet,
591 778 105 44 quod
657 778 105 44 suum
709 778 66 44 op-

203 809 149 47 Fositum
312 809 149 47 propter
420 809 95 47 hoc
474 809 190 47 affirmetur
623 809 81 47 de
650 809 122 47 eisdem;

202 854 120 46 sicut
282 854 80 46 V.
322 854 80 46 8.
362 854 214 46 demonstratis
536 854 147 46 duobus,
642 854 134 46 quorum
723 854 53 46 v-

208 879 86 50 nus
257 879 86 50 sit
306 879 123 50 cecus,
393 879 62 50 &
417 879 111 50 alius
491 879 136 50 videns,
590 879 136 50 negatur
689 879 74 50 ab
713 879 62 50 eis

217 915 148 40 videre,
324 915 108 40 quia
391 915 188 40 conceditur
539 915 108 40 quod
607 915 94 40 non
647 915 121 40 videant

214 954 92 37 non
267 954 119 37 tamen
346 954 145 37 propter
451 954 92 37 hoc
504 954 132 37 potest
596 954 158 37 inferri,
701 954 79 37 ergo

208 990 94 36 sunt
267 990 118 36 caeci;
350 990 83 36 ita
397 990 59 36 a
420 990 130 36 simili,
515 990 177 36 demonstrato
656 990 106 36 exitu
715 990 59 36 Spi

210 1019 107 41 ritus
282 1019 119 41 Sancti
365 1019 60 41 a
389 1019 119 41 Patre,
473 1019 60 41 &
497 1019 107 41 Filio
568 1019 84 41 qui
616 1019 84 41 est
652 1019 119 41 eternus.

212 1053 67 39 &
238 1053 174 39 tendentia
372 1053 147 39 eiusdem
479 1053 80 39 in
520 1053 174 39 creaturam
640 1053 134 39 rationa-

213 1083 86 45 lem
262 1083 86 45 per
311 1083 246 45 sanctificationem
520 1083 98 45 quae
581 1083 86 45 est
631 1083 172 45 teporalis,

215 1116 139 52 quamuis
316 1116 63 52 d
341 1116 88 52 eis
392 1116 126 52 duobus
480 1116 139 52 negetur
581 1116 101 52 esse
631 1116 139 52 aeternum;

201 1145 93 53 non
254 1145 119 53 tamen
333 1145 146 53 propter
439 1145 93 53 hoc
492 1145 146 53 videtur
598 1145 119 53 posse
664 1145 106 53 infer-

201 1187 78 42 ri
240 1187 78 42 de
279 1187 131 42 eisdem
371 1187 105 42 esse
423 1187 144 42 temporale

245 1192 177 75 Quapropter
384 1192 164 75 respondeo
511 1192 126 75 aliter
599 1192 152 75 dicendo,
700 1192 76 75 quod

216 1259 142 38 quamuis
320 1259 130 38 exitus
410 1259 155 38 Spiritus
527 1259 130 38 Sancti
618 1259 65 38 a
643 1259 130 38 patre,
734 1259 65 38 &

206 1292 104 41 filio
275 1292 81 41 sit
321 1292 150 41 aeternus,
436 1292 58 41 &
459 1292 150 41 tendentia
574 1292 127 41 eiusdem
666 1292 69 41 in
689 1292 81 41 crea-

201 1316 115 51 turam
278 1316 179 51 rationalem
419 1316 90 51 per
470 1316 256 51 sanctificationem
688 1316 90 51 sit
727 1316 51 51 te

203 1354 176 51 poralis,
335 1354 103 51 hoc
394 1354 132 51 tamen
482 1354 132 51 totum
570 1354 132 51 simul
643 1354 132 51 sumptum

204 1393 125 45 debet
288 1393 195 45 denominari
441 1393 195 45 temporale,
594 1393 70 45 &
622 1393 97 45 non
664 1393 111 45 aeter-

203 1426 102 42 num,
267 1426 114 42 cuius
343 1426 114 42 ratio
419 1426 102 42 est,
483 1426 102 42 quia
546 1426 140 42 aeterno
648 1426 89 42 non
686 1426 89 42 repu-

205 1455 109 50 gnat
273 1455 190 50 denominari
423 1455 190 50 temporale,
572 1455 177 50 temporali
694 1455 82 50 vero

201 1489 163 50 repugnat
324 1489 190 50 denominari
473 1489 177 50 aeternum;
609 1489 95 50 Nam
663 1489 95 50 vbi
704 1489 68 50 eis

208 1522 203 50 denominatio
371 1522 149 50 proprie
480 1522 136 50 dicta,
575 1522 136 50 semper
656 1522 122 50 proprie

208 1555 194 49 denominans
361 1555 166 49 supponit
485 1555 222 49 denominatum,
665 1555 139 49 saltem

222 1590 86 46 via
271 1590 160 46 originis;
394 1590 148 46 aeternum
505 1590 98 46 vero
566 1590 86 46 non
615 1590 148 46 supponit
714 1590 61 46 te-

219 1632 138 46 porale,
320 1632 101 46 immo
383 1632 126 46 tollit
471 1632 63 46 &
496 1632 101 46 dest
559 1632 88 46 uit
609 1632 151 46 rationem
710 1632 63 46 ip-

219 1662 114 52 sius,
295 1662 63 52 &
320 1662 101 52 ideo
384 1662 76 52 si
421 1662 139 52 aliquod
522 1662 164 52 temporale
649 1662 114 52 heret
712 1662 63 52 ae-

214 1695 152 45 ternum,
325 1695 97 45 non
380 1695 124 45 esset
463 1695 152 45 amplius
574 1695 180 45 temporale
698 1695 83 45 Pro-

219 1729 107 50 pter
285 1729 107 50 quod
352 1729 93 50 non
405 1729 93 50 est
459 1729 133 50 mirum,
552 1729 80 50 si
592 1729 160 50 repngnet
699 1729 80 50 tem-

221 1760 130 51 porali
312 1760 182 51 denominari
455 1760 169 51 aeternum:
585 1760 91 51 Nam
637 1760 78 51 in
676 1760 104 51 tasi
728 1760 52 51 de

200 1794 224 48 nominatione
379 1794 135 48 ipsum
469 1794 209 48 denominans
634 1794 105 48 non
678 1794 105 48 suppo

202 1839 127 44 neret,
291 1839 89 44 sed
342 1839 152 44 tolleret
456 1839 152 44 rationem
570 1839 101 44 deno
634 1839 127 44 minati
710 1839 63 44 he-

214 1862 75 51 ne
251 1862 112 51 tamen
326 1862 125 51 potest
413 1862 112 51 fieri
488 1862 62 51 e
512 1862 162 51 conuerso,
637 1862 100 51 quia
687 1862 87 51 aeter

214 1900 96 48 num
269 1900 137 48 potest
365 1900 192 48 denominari
516 1900 192 48 temporale,
667 1900 82 48 eo
695 1900 82 48 quod

214 1936 183 43 temporale
355 1936 169 43 supponat
481 1936 169 43 rationem
608 1936 169 43 aeterni,
721 1936 70 43 nec

221 1971 92 44 eam
274 1971 132 44 tollat
366 1971 132 44 aliquo
458 1971 119 44 modo.
537 1971 92 44 Non
590 1971 92 44 est
642 1971 132 44 igitur
721 1971 66 44 in-

221 2002 194 40 conueniens,
376 2002 103 40 quod
441 2002 129 40 illud,
531 2002 103 40 quod
596 2002 91 40 est
635 2002 142 40 aeternum,

210 2032 119 47 stante
293 2032 130 47 ratione
388 2032 130 47 aeterni
483 2032 190 47 simpliciter,
637 2032 95 47 fiat
684 2032 95 47 secun-

213 2069 94 45 dum
266 2069 108 45 quid
334 2069 188 45 temporale:
481 2069 81 45 Et
522 2069 108 45 ideo
589 2069 161 45 procesio
696 2069 81 45 Spi-

205 2106 112 47 ritus
279 2106 136 47 Sancti,
378 2106 136 47 quamuis
477 2106 186 47 simpliciter
626 2106 87 47 sit
663 2106 124 47 aeretua,

803 169 132 76 potest
895 169 119 76 tamen
974 169 119 76 fieri
1053 169 158 76 secundum
1172 169 106 76 quid
1238 169 92 76 tem
1278 169 92 76 pora-

796 228 115 51 lis,
868 228 72 51 &
896 228 101 51 per
954 228 201 51 consequens
1112 228 101 51 sic
1155 228 187 51 denominari.

779 304 379 45 ARTICVLVS
1041 304 292 45 SECVNDVS

809 366 125 40 Vtrum
892 366 83 40 in
934 366 208 40 processione
1100 366 180 40 temporali
1224 366 125 40 donetur

832 400 176 45 Spiritus
964 400 161 45 Sanctus
1081 400 102 45 vel
1140 400 132 45 solum
1213 400 102 45 donum

792 431 375 42 gratiae
1064 431 307 42 eius.
1235 431 102 42 n

777 567 98 61 CD
826 567 114 61 hoc
891 567 195 61 dixerunt
1037 567 179 61 quidam,
1167 567 130 61 quod
1248 567 114 61 non
1297 567 65 61 da

796 595 69 59 A
824 595 138 59 Abatur
920 595 166 59 Spiritus
1045 595 152 59 Sanctus
1155 595 97 59 sed
1196 595 166 59 solumreius

789 635 122 47 dona,
871 635 122 47 sicut
952 635 149 47 recitat
1061 635 163 47 Magister
1184 635 82 47 in
1211 635 122 47 litera.

828 671 96 41 Hoc
883 671 124 41 tamen
966 671 96 41 est
1021 671 137 41 contra
1117 671 137 41 textum
1213 671 124 41 Sacri
1282 671 82 41 Cono

796 705 92 44 nis
848 705 131 44 dicete
940 705 171 44 Saluatore
1071 705 105 44 loha
1137 705 79 44 14
1176 705 92 44 Ego
1229 705 131 44 rogabo
1308 705 52 44 pa

795 744 105 39 trem
861 744 66 39 &
887 744 118 39 alium
966 744 184 39 paraclitum
1110 744 118 39 dabit
1189 744 131 39 vobis,
1281 744 79 39 vt
1307 744 53 39 ma

790 774 109 46 neat
859 774 164 46 vobiscum
982 774 82 46 in
1023 774 164 46 aeternum
1145 774 164 46 Spiritum
1255 774 109 46 verita

803 807 97 44 tis;
864 807 73 44 Et
900 807 97 44 ideo
961 807 158 44 Ambrosius
1082 807 73 44 in
1119 807 109 44 libro
1192 807 73 44 de
1216 807 146 44 spiritusut

793 843 142 41 recitat
896 843 168 41 Magister)
1025 843 129 41 dicit,
1116 843 103 41 quid
1180 843 116 41 autem
1245 843 116 41 dubitem

793 875 152 43 dicere,
904 875 125 43 datum
987 875 111 43 esse
1056 875 166 43 Spiritum
1181 875 166 43 Sanctum,
1292 875 69 43 cum

797 907 145 39 scriptum
906 907 84 39 sit
954 907 60 39 :
978 907 145 39 Charitas
1087 907 84 39 Dei
1135 907 133 39 diffusa
1231 907 84 39 est
1280 907 72 39 in
1304 907 60 39 cor

794 944 120 53 dibus
874 944 147 53 nostris
980 944 93 53 per
1034 944 160 53 Spiritum
1154 944 147 53 Sanctum
1260 944 93 53 qui
1300 944 67 53 da-

795 977 84 46 tus
843 977 84 46 est
879 977 96 46 nobis:

832 1000 163 48 Dicendum
955 1000 109 48 ergo
1023 1000 217 48 simpliciter.
1199 1000 163 48 Spiritum
1308 1000 54 48 S.

796 1046 132 42 donari
888 1046 119 42 simul
967 1046 92 42 cum
1020 1046 106 42 suis
1086 1046 132 42 donis,
1178 1046 92 42 non
1231 1046 79 42 in
1257 1046 106 42 quibus

789 1080 143 44 cunque,
893 1080 91 44 sed
945 1080 78 44 in
984 1080 117 44 illis
1062 1080 117 44 solum
1140 1080 65 44 a
1166 1080 130 44 quibus
1244 1080 117 44 nunquam

794 1114 165 41 separatur,
924 1114 106 41 sicut
994 1114 94 41 sunt
1053 1114 129 41 gratia,
1147 1114 59 41 &
1171 1114 153 41 charitas,
1277 1114 82 41 cuius

791 1149 112 42 ratio
865 1149 100 42 est,
928 1149 100 42 quia
990 1149 100 42 illa
1053 1149 112 42 dona,
1128 1149 100 42 quae
1190 1149 175 42 proueniunt
1315 1149 50 42 ex

790 1185 130 40 amore,
881 1185 91 40 non
933 1185 143 40 possunt
1037 1185 130 40 donari
1129 1185 104 40 sine
1194 1185 130 40 amore,
1285 1185 65 40 &
1298 1185 65 40 qua

788 1223 167 42 praefata
913 1223 111 42 dona
983 1223 195 42 proueniunt
1136 1223 83 42 ex
1177 1223 125 42 amore
1247 1223 111 42 totius

801 1249 181 43 Trinitatis,
945 1249 132 43 iccirco
1042 1249 145 43 nequeunt
1150 1249 96 43 dari
1210 1249 96 43 sine
1271 1249 96 43 illa
1319 1249 36 43 p

797 1284 92 43 sona
854 1284 92 43 quae
911 1284 80 43 est
957 1284 92 43 amor
1015 1284 69 43 in
1049 1284 161 43 Trinitate,
1175 1284 80 43 ita
1221 1284 115 43 tamen,
1290 1284 69 43 quod

796 1324 72 35 ex
832 1324 109 35 parte
905 1324 157 35 creaturae
1025 1324 169 35 rationalis
1158 1324 133 35 donatio
1242 1324 109 35 donorum

800 1352 133 42 praeuia
897 1352 85 42 est
945 1352 254 42 donationiSpiritus
1163 1352 133 42 Sancti,
1259 1352 73 42 eo
1283 1352 73 42 quod

803 1388 150 32 praefata
915 1388 100 32 dona
977 1388 162 32 disponunt
1102 1388 75 32 ad
1139 1388 199 32 susceptionem
1289 1388 62 32 ip-

791 1423 111 40 sius,
865 1423 74 40 ex
901 1423 111 40 parte
975 1423 111 40 tamen
1049 1423 185 40 Trinitatis,
1197 1423 135 40 donatio
1283 1423 74 40 Spi-

796 1456 101 38 ritus
863 1456 112 38 Sancti
941 1456 78 38 est
986 1456 123 38 praeuia
1075 1456 112 38 illis,
1154 1456 89 38 quia
1210 1456 134 38 praefata
1299 1456 56 38 do-

794 1487 73 43 na
830 1487 86 43 non
879 1487 147 43 donantur
990 1487 110 43 nobis
1063 1487 61 43 a
1088 1487 171 43 Trinitate,
1222 1487 98 43 nisi
1271 1487 86 43 prae-

793 1529 94 42 uio
846 1529 134 42 amore,
940 1529 94 42 qui
994 1529 134 42 quidem
1088 1529 107 42 amor
1155 1529 94 42 est
1208 1529 107 42 ipse
1262 1529 107 42 Spiri-

786 1557 130 42 tus
841 1557 185 42 Sanctus.

834 1589 235 44 Intelligendum
1028 1589 138 44 tamen,
1125 1589 111 44 quod
1194 1589 125 44 talis
1263 1589 83 44 ordi

792 1626 85 39 non
841 1626 85 39 est
889 1626 183 39 durationis,
1035 1626 97 39 quia
1096 1626 134 39 donatio
1194 1626 146 39 Spiritus
1291 1626 61 39 San

791 1661 94 39 cti
844 1661 67 39 &
871 1661 134 39 suorum
964 1661 147 39 donorum
1071 1661 120 39 simul
1152 1661 107 39 sunt
1218 1661 160 39 duratio

796 1699 88 36 ne,
847 1699 88 36 sed
897 1699 88 36 est
948 1699 101 36 ordo
1011 1699 151 36 naturae,
1124 1699 88 36 qui
1162 1699 202 36 diuersificatur

789 1733 76 39 ex
827 1733 114 39 parte
903 1733 126 39 dantis
991 1733 63 39 &
1016 1733 202 39 recipientis,
1180 1733 114 39 sicut
1256 1733 88 39 ex.
1294 1733 63 39 gr.

797 1761 151 46 Videnius
911 1761 101 46 quod
974 1761 151 46 expulsio
1087 1761 126 46 formae
1175 1761 176 46 oppositae,
1313 1761 63 46 &

793 1797 192 41 introductio
947 1797 179 41 propositae
1088 1797 103 41 sunt
1152 1797 115 41 simul
1229 1797 154 41 duratio

795 1829 88 41 ne,
846 1829 63 41 &
871 1829 113 41 tamen
946 1829 125 41 ordine
1034 1829 138 41 naturae
1134 1829 75 41 ex
1172 1829 113 41 parte
1235 1829 125 41 recipien

802 1865 84 41 tis
850 1865 107 41 prior
921 1865 84 41 est
969 1865 143 41 expulsio
1077 1865 119 41 formae
1160 1865 167 41 oppositae,
1291 1865 95 41 quam

796 1898 179 39 introductio
939 1898 179 39 propositae,
1083 1898 95 39 quia
1142 1898 155 39 recipiens
1262 1898 84 39 non
1297 1898 60 39 re-

802 1930 112 43 cipit
876 1930 124 43 formam
963 1930 186 43 propositam,
1112 1930 99 43 nisi
1174 1930 112 43 prius
1236 1930 124 43 abiiciat

800 1963 177 44 oppositam,
940 1963 76 44 ex
977 1963 114 44 parte
1053 1963 114 44 autem
1129 1963 139 44 agentis
1230 1963 89 44 est
1268 1963 89 44 totum

801 2004 180 39 oppositum,
943 2004 116 39 ptius
1020 2004 103 39 enim
1084 2004 90 39 est
1135 2004 193 39 introductio
1277 2004 77 39 for-

796 2030 92 45 mae
848 2030 196 45 propositae,
1005 2030 79 45 eo
1045 2030 105 45 quod
1110 2030 118 45 agens
1189 2030 92 45 non
1228 2030 131 45 expellit

795 2066 136 47 formam
890 2066 190 47 oppositam,
1040 2066 217 47 nisimediante
1202 2066 163 47 proposita,

790 2099 80 59 &
822 2099 112 59 ita
886 2099 193 59 dicendum
1031 2099 112 59 est
1095 2099 96 59 in
1143 2099 225 59 proposito.
