1500 2357
162 187 172 58 natiuitas
294 187 185 58 temporalis
440 187 79 58 in
479 187 132 58 aliqua
572 187 132 58 diuina
651 187 106 58 perso-

171 233 79 45 na
210 233 106 45 sine
276 233 185 45 natiuitate
422 233 159 45 aeterna;
541 233 172 45 processio
660 233 92 45 autem

175 267 189 36 temporalis
323 267 95 36 non
377 267 122 36 habet
458 267 189 36 distinctum
593 267 162 36 principium

172 300 65 42 a
198 300 195 42 processione
354 300 156 42 aeterna,
471 300 65 42 &
497 300 104 42 ideo
562 300 91 42 non
614 300 130 42 potest
692 300 65 42 es-

175 332 77 44 se
214 332 166 44 processio
342 332 179 44 temporalis
482 332 102 44 sine
546 332 192 44 processione
687 332 64 44 ae

59 367 679 38 terna.D.

212 400 168 47 Secundo,
338 400 112 47 quia
408 400 98 47 per
464 400 210 47 natiuitatem
617 400 140 47 tempora-

176 434 102 46 lem
235 434 174 46 trahitur
365 434 160 46 aliquod
481 434 145 46 nouum,
583 434 73 46 &
597 434 160 46 temporale

179 470 74 50 ad
216 470 222 50 personalitatem
401 470 111 50 filij
475 470 173 50 nascentis;
610 470 86 50 per
647 470 111 50 proces-

178 505 131 52 sionem
270 505 105 52 vero
336 505 184 52 temporalem
480 505 118 52 nihil
559 505 131 52 nouum,
638 505 118 52 autten-

181 545 127 47 porale
270 545 153 47 trahitur
385 545 76 47 ad
423 545 204 47 processionem
589 545 153 47 Spiritus
690 545 64 47 San

191 577 83 43 cti
238 577 189 43 procedentis.
392 577 130 43 Colligo
486 577 94 43 ergo
545 577 71 43 ex
580 577 130 43 dictis,
663 577 94 43 proces

179 607 148 46 sionem
283 607 192 46 aeternam,
431 607 74 46 &
460 607 207 46 temporalem
623 607 104 46 non
667 607 89 46 esse

183 645 98 41 duas
244 645 172 41 distinctas
379 645 209 41 processiones,
551 645 86 41 nec
600 645 147 41 Spiritum
699 645 61 41 San

184 676 106 38 ctum
250 676 93 38 per
303 676 93 38 eas
356 676 172 38 acquirere
488 676 93 38 duo
541 676 172 38 distincta
660 676 79 38 esse

210 713 106 38 AD
263 713 230 38 ARGVMENTA
440 713 266 38 principalia
635 713 124 38 patet

176 746 83 51 per
223 746 71 51 ea
259 746 94 51 quae
318 746 106 51 dicta
389 746 94 51 sunt
448 746 71 51 in
483 746 165 51 articulis.

215 810 489 55 DISTINCTIONIS
589 810 115 55 NV

102 882 560 53 QV.AESTIOVNICA

192 956 119 42 Vtrum
271 956 133 42 missio
364 956 93 42 sit
417 956 159 42 communis
537 956 106 42 toti
590 956 146 42 Trinitati

205 1155 354 44 ARGVITVR
471 1155 177 44 PR
530 1155 207 44 PARTE

67 1195 622 43 negatiua.

175 1233 160 44 IILlud,
292 1233 116 44 quod
364 1233 131 44 nullo
452 1233 116 44 modo
524 1233 102 44 est
583 1233 174 44 ponendum
699 1233 58 44 in

229 1262 152 45 diuinis,
343 1262 88 45 non
394 1262 126 45 potest
482 1262 101 45 dici
545 1262 139 45 commune
646 1262 101 45 toti
697 1262 63 45 Pri

184 1295 140 39 nitati;
286 1295 127 39 missio
375 1295 89 39 est
425 1295 178 39 huiusmodi;
565 1295 101 39 ergo
628 1295 89 39 &c.
666 1295 89 39 Maior

191 1337 132 43 patet,
283 1337 146 43 Minorem
389 1337 132 43 probo,
482 1337 106 43 quia
548 1337 132 43 missio
641 1337 119 43 dicit
707 1337 53 43 mu

189 1365 170 45 tationem,
320 1365 65 45 &
346 1365 210 45 separationem
516 1365 118 45 missi
595 1365 65 45 a
608 1365 144 45 mittente,

187 1401 116 51 quod
259 1401 144 51 omnino
360 1401 202 51 remouendum
519 1401 101 51 est
577 1401 72 51 a
606 1401 173 51 diuinis,

222 1438 65 38 2
248 1438 78 38 Si
287 1438 130 38 missio
378 1438 117 38 esset
456 1438 156 38 communis
572 1438 104 38 toti
624 1438 130 38 Trinita-

192 1470 86 38 ti,
241 1470 98 38 tunc
302 1470 110 38 esset
376 1470 98 38 quid
437 1470 184 38 essentiale,
584 1470 61 38 &
609 1470 86 38 non
646 1470 110 38 notiona

182 1503 88 39 le:
233 1503 88 39 sed
283 1503 88 39 hoc
333 1503 88 39 est
384 1503 126 39 falsum
472 1503 88 39 per
522 1503 75 39 P.
560 1503 101 39 Aug.
623 1503 75 39 10
660 1503 75 39 de
686 1503 75 39 Tri-

186 1539 122 45 nitate
271 1539 97 45 cap.
332 1539 85 45 20.
380 1539 85 45 vbi
429 1539 97 45 ait,
490 1539 97 45 quod
550 1539 109 45 mitti
623 1539 122 45 filium
696 1539 61 45 est

184 1579 182 36 cognoscere
327 1579 117 36 ipsum
405 1579 78 36 ab
444 1579 104 36 alio
510 1579 117 36 esse,
588 1579 104 36 quod
653 1579 91 36 non
692 1579 65 36 ha-

182 1608 115 39 beret
259 1608 178 39 veritatem,
399 1608 102 39 nisi
462 1608 127 39 missio
551 1608 115 39 esset
628 1608 102 39 quid
679 1608 76 39 pro-

166 1641 287 48 prium,
367 1641 143 48 &
396 1641 344 48 notionale.

216 1677 70 40 3
244 1677 84 40 Si
286 1677 125 40 esset
369 1677 167 40 communis
495 1677 181 40 Trinitati
620 1677 139 40 sequere-

184 1711 97 44 tur,
244 1711 97 44 quod
305 1711 157 44 quaelibet
426 1711 133 44 persona
523 1711 145 44 mitteret
632 1711 73 44 se
656 1711 97 44 ipsam;

182 1745 89 44 hoc
233 1745 89 44 est
284 1745 140 44 falsum;
386 1745 115 44 ergo.
462 1745 204 44 Consequentia
628 1745 89 44 est
666 1745 89 44 nota,

186 1779 103 47 quia
250 1779 154 47 actiones
366 1779 154 47 communes
481 1779 103 47 toti
545 1779 167 47 Trinitati
660 1779 90 47 videm

185 1815 94 42 tur
238 1815 120 42 posse
318 1815 200 42 reciprocari
479 1815 80 42 in
519 1815 160 42 qualibet
625 1815 134 42 persona:

183 1847 144 43 Dicimus
288 1847 118 43 enim,
366 1847 105 43 quod
432 1847 118 43 pater
510 1847 183 43 intelligit
641 1847 105 43 filium

184 1883 66 41 &
210 1883 186 41 intelligit
356 1883 80 41 se
396 1883 119 41 eodem
476 1883 119 41 modo;
555 1883 106 41 ergo
608 1883 146 41 poterimus

186 1920 130 43 dicere,
281 1920 95 43 quod
340 1920 118 43 mittit
423 1920 130 43 filium,
517 1920 59 43 &
541 1920 118 43 mittit
624 1920 83 43 se:
659 1920 95 43 Falsi-

186 1945 108 45 tatem
258 1945 120 45 probo,
341 1945 84 45 per
389 1945 96 45 Aug.
449 1945 72 45 2.
485 1945 72 45 de
521 1945 132 45 Trinit.
617 1945 96 45 cap.
676 1945 60 45 2
688 1945 72 45 dice

185 1988 100 40 tem
242 1988 115 40 quod
314 1988 129 40 pater
400 1988 158 40 nunquam
515 1988 158 40 legitur
615 1988 115 40 missus

172 2018 71 45 4
200 2018 212 45 Sequeretur,
370 2018 113 45 quod
441 2018 142 45 missio
540 2018 127 45 filij
625 2018 99 45 non
667 2018 85 45 pos-

190 2055 84 43 set
238 2055 144 43 separari
346 2055 60 43 a
370 2055 144 43 missione
479 2055 144 43 Spiritus
587 2055 132 43 Sancti,
671 2055 84 43 cuius

193 2087 181 42 contrarium
336 2087 155 42 videmus,
452 2087 104 42 quia
517 2087 104 42 dona
569 2087 181 42 intellectus.

190 2128 88 50 cum
241 2128 125 50 quibus
328 2128 151 50 mittitur
441 2128 138 50 filius,
542 2128 138 50 possunt
630 2128 125 50 conferri

773 174 107 62 sine
840 174 121 62 donis
920 174 201 62 voluntatis,
1081 174 94 62 cum
1135 174 134 62 quibus
1215 174 134 62 mirtitur

773 230 151 39 Spiritus
887 230 151 39 Sanctus:
1000 230 101 39 Fuit
1063 230 113 39 etiam
1139 230 126 39 missus
1227 230 126 39 filius
1303 230 50 39 in

768 264 141 38 carne,
867 264 71 38 &
895 264 99 38 non
952 264 170 38 Spiritus
1079 264 170 38 Sanctus;
1206 264 113 38 ergo
1262 264 71 38 &c.

785 297 366 44 ARGVITVR
1028 297 305 44 ADPARTEM

818 336 520 43 affirmantem.

872 364 119 43 Issio
951 364 105 43 idem
1017 364 105 43 est,
1083 364 105 43 quod
1148 364 184 43 temporalis
1280 364 79 43 dona

778 399 96 48 LVI
833 399 110 48 tio,
902 399 96 48 sed
957 399 110 48 haec
1026 399 96 48 est
1081 399 165 48 communis
1205 399 110 48 toti
1260 399 96 48 Trini

773 440 113 38 tati,
849 440 101 38 quia
912 440 101 38 tota
975 440 151 38 Trinitas
1088 440 76 38 se
1126 440 126 38 donat,
1202 440 88 38 ergo.

778 469 72 46 2
806 469 143 46 Missio
906 469 157 46 videtur
1021 469 114 46 idem
1092 469 129 46 esse,
1178 469 114 46 quod
1235 469 129 46 persone

777 506 132 50 missae
869 506 224 50 manifestatio,
1054 506 92 50 hoc
1106 506 119 50 autem
1186 506 132 50 potest
1265 506 92 50 compe

772 540 110 45 tere
841 540 152 45 omnibus
951 540 179 45 personis;
1089 540 110 45 ergo
1158 540 96 45 &c.
1213 540 124 45 Maior
1282 540 69 45 po-

777 574 98 48 test
838 574 135 48 probari
936 574 86 48 per
985 574 73 48 P.
1021 574 98 48 Aug.
1083 574 61 48 4
1107 574 73 48 de
1144 574 135 48 Trinit.
1242 574 98 48 cap.
1303 574 86 48 20.

777 609 91 46 vbi
829 609 91 46 ait
881 609 104 46 quod
946 609 130 46 filius
1037 609 169 46 mittitur,
1166 609 78 46 eo
1205 609 104 46 quod
1270 609 78 46 ex
1296 609 65 46 tem

772 642 129 47 pore
853 642 243 47 cuiuscunque
1047 642 146 47 mente
1128 642 210 47 percipitur.

813 672 217 43 RESPONDEO:
983 672 93 43 In
1029 672 124 43 ista
1106 672 217 43 quaestione
1261 672 93 43 qua-

778 714 108 40 tuor
845 714 108 40 sunt
912 714 161 40 videnda,
1033 714 108 40 quae
1100 714 175 40 tanguntur
1235 714 81 40 in
1262 714 94 40 argu-

777 748 132 48 mentis
856 748 172 48 propositis.

801 780 77 47 1
831 780 124 47 Quid
909 780 108 47 sit
971 780 170 47 missio,
1095 780 77 47 &
1126 780 170 47 quomodo
1234 780 124 47 ponen-

768 813 70 42 da
803 813 81 42 sit
850 813 70 42 in
885 813 140 42 diuinis.

810 846 66 48 2
836 846 118 48 Vtrum
915 846 131 48 missio
1007 846 79 48 in
1046 846 144 48 diuinis
1151 846 92 48 sit
1204 846 105 48 quid
1256 846 105 48 essen-

769 885 211 36 tiale,
917 885 148 36 vel
1001 885 169 36 quid
1086 885 253 36 notionale.

768 919 83 39 3
802 919 149 39 Vtrum
901 919 215 39 quaelibet
1066 919 182 39 persona
1198 919 165 39 mittat
1297 919 66 39 se

709 951 309 49 ipsam.

760 992 71 36 4
788 992 128 36 Vtrum
874 992 185 36 separetur
1016 992 142 36 missio
1115 992 128 36 filij
1201 992 71 36 a
1215 992 142 36 missione

780 1021 155 49 Spiritus
883 1021 116 49 Sancti.

830 1084 372 60 ARTICVLVS
1088 1084 257 60 PRIMVS.

810 1155 111 50 Quid
880 1155 97 50 sit
935 1155 153 50 missio,
1047 1155 70 50 &
1075 1155 153 50 quomodo
1186 1155 97 50 est
1228 1155 111 50 ponen-

957 1193 108 45 da
1011 1193 108 45 in
1065 1193 216 45 diuinis.

798 1255 94 57 Ro
845 1255 110 57 hoc
908 1255 189 57 articulo
1050 1255 141 57 primo
1128 1255 236 57 intelligendum

815 1296 104 46 est,
880 1296 104 46 quod
945 1296 78 46 in
983 1296 155 46 missione
1100 1296 104 46 tria
1165 1296 104 46 sunt
1217 1296 130 46 conside-

776 1333 138 42 randa,
873 1333 166 42 scilicet
997 1333 166 42 mittens,
1121 1333 152 42 missus,
1232 1333 69 42 &
1245 1333 97 42 termi

776 1368 98 39 nus
832 1368 84 39 ad
874 1368 112 39 quem
944 1368 182 39 mittitur:
1085 1368 84 39 Ex
1127 1368 126 39 parte
1197 1368 154 39 mittentis

776 1401 84 40 ibi
824 1401 84 40 est
872 1401 192 40 auctoritatis
1028 1401 156 40 collatio,
1148 1401 96 40 quia
1208 1401 132 40 mittens
1292 1401 60 40 dat

775 1435 208 36 auctoritatem
944 1435 130 36 misso,
1035 1435 117 36 sicut
1113 1435 195 36 Papamittens
1256 1435 91 36 lega-

774 1472 93 38 tum
827 1472 93 38 dat
880 1472 80 38 ei
920 1472 106 38 suam
986 1472 212 38 auctoritate.
1158 1472 80 38 Ex
1198 1472 119 38 parte
1264 1472 93 38 missi

783 1506 86 39 est
832 1506 86 39 ibi
881 1506 148 39 mutatio,
992 1506 136 39 Tegatus
1091 1506 62 39 n
1116 1506 136 39 accepta
1202 1506 148 39 auctorita-

780 1536 83 39 te
822 1536 69 39 a
849 1536 110 39 Papa
918 1536 152 39 mouetur
1028 1536 83 39 ad
1070 1536 193 39 exequendum
1221 1536 96 39 ea,
1262 1536 83 39 quae

781 1573 101 39 sunt
844 1573 101 39 sibi
908 1573 164 39 commissa:
1034 1573 76 39 Ex
1072 1573 114 39 parte
1147 1573 101 39 vero
1210 1573 139 39 termini
1299 1573 50 39 ad

783 1605 97 45 quem
843 1605 85 45 est
892 1605 133 45 missio,
988 1605 85 45 est
1037 1605 85 45 ibi
1085 1605 121 45 operis
1170 1605 157 45 executio;
1291 1605 85 45 nam

777 1649 164 35 videmus,
901 1649 110 35 quod
969 1649 96 35 vbi
1024 1649 137 35 primum
1120 1649 151 35 Legatus
1216 1649 137 35 puenerit

772 1679 84 41 ad
814 1679 126 41 locum
898 1679 84 41 ad
941 1679 112 41 quem
1011 1679 183 41 mittitur,
1151 1679 141 41 mcipit
1236 1679 112 41 exequi

777 1710 90 44 ea,
829 1710 103 44 quae
893 1710 103 44 sibi
958 1710 155 44 commissa
1061 1710 116 44 fuerunt

810 1746 102 44 Haec
874 1746 115 44 autem
951 1746 102 44 tria
1015 1746 90 44 ita
1066 1746 77 44 se
1105 1746 141 44 habent,
1207 1746 102 44 quod
1258 1746 90 44 solum

779 1776 91 45 duo
831 1776 169 45 competunt
961 1776 156 45 missioni
1077 1776 156 45 secundum
1194 1776 91 45 se,
1233 1776 104 45 scili-

778 1822 86 38 cet
827 1822 197 38 auctoritatis
987 1822 160 38 collatio,
1110 1822 62 38 &
1135 1822 123 38 operis
1209 1822 135 38 executio:

781 1850 85 37 Nam
829 1850 97 37 quod
890 1850 85 37 ibi
939 1850 85 37 sit
987 1850 146 37 mutatio,
1096 1850 85 37 vel
1145 1850 158 37 separatio
1254 1850 85 37 missi

774 1883 63 39 a
800 1883 165 39 mittente,
927 1883 89 39 hoc
977 1883 89 39 non
1028 1883 152 39 prouenit
1142 1883 76 39 ex
1180 1883 114 39 parte
1244 1883 101 39 missio

771 1920 101 38 nis,
834 1920 88 38 sed
885 1920 75 38 ex
922 1920 226 38 imperfectione,
1111 1920 63 38 &
1136 1920 189 38 diminutione
1274 1920 63 38 ip-

768 1952 94 38 sius
827 1952 117 38 missi;
909 1952 70 38 si
944 1952 94 38 enim
1003 1952 117 38 missus
1085 1952 82 38 ita
1132 1952 106 38 esset
1202 1952 164 38 perfectus,

776 1985 61 41 &
800 1985 195 41 illimitatus,
959 1985 98 41 quod
1020 1985 122 41 vbique
1105 1985 110 41 esset
1178 1985 159 41 praesens,
1288 1985 61 41 non

771 2021 167 38 moueretur
899 2021 90 38 nec
951 2021 192 38 separaretur
1104 2021 77 38 ab
1143 2021 103 38 ipso
1194 2021 141 38 mittente.

809 2053 78 47 In
848 2053 143 47 diuinis
952 2053 104 47 ergo
1017 2053 156 47 possumus
1134 2053 143 47 ponere:
1225 2053 117 47 missio-

776 2092 95 40 nem
831 2092 149 40 quantum
939 2092 82 40 ad
980 2092 95 40 ea,
1035 2092 109 40 quae
1102 2092 109 40 sibi
1170 2092 177 40 competunt
1293 2092 54 40 se

772 2124 136 56 cundum
868 2124 95 56 se,
922 2124 136 56 remota
1017 2124 245 56 imperfectione,
1222 2124 109 56 quae
1276 2124 68 56 est
