1500 2344
128 185 63 44 a
154 185 151 44 missione
267 185 151 44 Spiritus
380 185 126 44 Sancti
468 185 88 44 per
505 185 189 44 distinctionem

123 227 164 35 rationis
246 227 164 35 concedo,
369 227 109 35 quod
437 227 109 35 sic:
506 227 109 35 Quod
574 227 123 35 patet
642 227 55 35 ex

128 251 140 50 duobus:
230 251 128 50 Primo,
320 251 102 50 quia
384 251 128 50 missio
473 251 153 50 includit
575 251 115 50 proces-

133 285 124 47 sionem
219 285 149 47 personae
331 285 137 47 missae:
430 285 87 47 Cum
480 285 99 47 ergo
542 285 87 47 sit
592 285 99 47 alia
641 285 50 47 pr

134 324 116 39 cessio
215 324 139 39 personae
320 324 116 39 filij,
401 324 58 39 &
424 324 93 39 alia
482 324 139 39 personae
574 324 116 39 Spiritus

127 355 133 51 Sancti,
224 355 157 51 sequitur,
344 355 97 51 quod
405 355 97 51 alia
465 355 85 51 sit
514 355 121 51 missio
598 355 121 51 vnius,

133 388 60 51 &
157 388 96 51 alia
205 388 131 51 alterius.

165 405 156 64 Secundo,
282 405 104 64 quia
347 405 130 64 missio
438 405 117 64 dicit
516 405 117 64 nouum
581 405 117 64 effectu

126 462 249 39 sanctificationis;
340 462 83 39 hic
387 462 107 39 autem
459 462 142 39 effectus
554 462 142 39 sanctifica

132 491 127 42 tionis
221 491 153 42 oportet,
336 491 102 42 quod
400 491 102 42 fiat
464 491 140 42 quantum
566 491 76 42 ad
591 491 102 42 intel-

129 524 150 44 lectum,
238 524 68 44 &
265 524 204 44 voluntatem,
429 524 109 44 quia
497 524 163 44 secundum
606 524 95 44 istas

129 561 113 46 duas
199 561 183 46 potentias
340 561 99 46 Deo
396 561 225 46 coniungimur,
565 561 127 46 propter

128 595 112 49 quod
198 595 182 49 indigemus
338 595 112 49 alio
408 595 112 49 dono
479 595 154 49 quantum
591 595 84 49 ad
619 595 70 49 in-

135 636 190 32 tellectum,
285 636 68 32 &
312 636 109 32 alio
380 636 150 32 quantum
489 636 82 32 ad
516 636 177 32 voluntatem;

128 661 68 49 &
156 661 109 49 quia
224 661 122 49 donum
305 661 204 49 intellectus
468 661 217 49 appropriatur
631 661 68 49 fi-

126 692 113 46 lio,
196 692 70 46 &
224 692 155 46 habetur
337 692 99 46 per
393 692 183 46 missionem
534 692 127 46 eius;
604 692 99 46 donum

131 736 105 44 vero
197 736 184 44 voluntatis
341 736 145 44 habetur
446 736 92 44 per
499 736 171 44 missionem
617 736 79 44 Spi-

138 762 108 36 ritus
210 762 132 36 Sancti,
306 762 60 36 &
330 762 84 36 est
378 762 96 36 illi
439 762 204 36 appropriatus:
595 762 108 36 Idcirco

128 796 151 50 sequitur,
245 796 93 50 quod
303 796 116 50 missio
384 796 105 50 filij
454 796 81 50 sit
500 796 151 50 distincta
617 796 58 50 a
628 796 70 50 mis-

131 826 114 50 sione
207 826 152 50 Spiritus
322 826 140 50 Sancti,
423 826 89 50 non
474 826 127 50 solum,
563 826 114 50 prout
626 826 76 50 mis-

131 865 83 46 sio
179 865 107 46 dicit
250 865 202 46 processionem,
416 865 83 46 sed
464 865 119 46 etiam,
547 865 71 46 vt
582 865 107 46 dicit
642 865 59 46 ope

132 899 91 55 ris
184 899 208 55 executionem,
353 899 156 55 scilicet
471 899 117 55 nouum
549 899 156 55 effectum
653 899 52 55 in

129 934 179 46 creatura
248 934 164 46 productum

170 947 84 67 Sed
218 947 72 67 si
254 947 156 67 quaeratur
374 947 108 67 vtrum
445 947 120 67 missio
529 947 108 67 filij
589 947 108 67 separe-

139 1002 91 45 tur
191 1002 65 45 a
217 1002 157 45 missione
335 1002 157 45 Spiritus
452 1002 144 45 Sancti,
556 1002 144 45 quantum
648 1002 52 45 ad

145 1033 111 49 veram
219 1033 222 49 distinctionem,
404 1033 86 49 ita
453 1033 99 49 quod
515 1033 86 49 vna
564 1033 123 49 possit
638 1033 62 49 fic

135 1069 72 47 ri
171 1069 96 47 sine
231 1069 108 47 alia;
303 1069 84 47 sic
351 1069 144 47 dicendum
460 1069 96 47 est,
520 1069 96 47 quod
580 1069 96 47 non,
640 1069 60 47 &
652 1069 48 47 fa

138 1104 103 46 cile
203 1104 194 46 declaratur:
358 1104 142 46 Constat
461 1104 116 46 enim,
539 1104 103 46 quod
604 1104 91 46 per
642 1104 65 46 mis

142 1139 119 42 sionem
226 1139 143 42 personae
333 1139 131 42 diuinae
428 1139 84 42 fit
476 1139 191 42 santificatio
619 1139 84 42 crea-

146 1175 104 40 turae
216 1175 174 40 rationalis,
355 1175 93 40 quae
413 1175 116 40 quidem
494 1175 197 40 sanctificatio
644 1175 58 40 non

145 1203 123 48 potest
231 1203 110 48 fieri
304 1203 86 48 per
353 1203 110 48 solum
427 1203 110 48 donum
500 1203 196 48 intellectus,
648 1203 61 48 vel

141 1242 207 39 voluntatis,
307 1242 97 39 sed
362 1242 138 39 exigit
459 1242 166 39 vtrunque
583 1242 138 39 donum,
666 1242 41 39 &

139 1276 91 43 per
191 1276 181 43 consequens
333 1276 168 43 concurrit
462 1276 91 43 ibi
514 1276 181 43 necessario
643 1276 65 43 mis

144 1309 86 48 sio
193 1309 159 48 vtriusque
303 1309 135 48 personae.

172 1341 73 48 Et
208 1341 195 48 confirmatur,
367 1341 97 48 quia
428 1341 73 48 si
464 1341 146 48 creatura
562 1341 146 48 rationalis

145 1376 120 44 posset
229 1376 192 44 sanctificari
385 1376 84 44 per
433 1376 108 44 solam
505 1376 156 44 missionem
613 1376 96 44 filij,

136 1410 192 44 sequeretur,
289 1410 102 44 quod
353 1410 128 44 posset
443 1410 115 44 amari
519 1410 64 44 a
545 1410 128 44 silio,
634 1410 64 44 &
647 1410 64 44 non

143 1443 153 46 amaretur
258 1443 64 46 a
283 1443 140 46 Spiritu
385 1443 140 46 Sancto;
487 1443 64 46 &
513 1443 89 46 per
551 1443 153 46 consequens

141 1486 126 37 eodem
225 1486 112 37 modo
295 1486 140 37 posset
392 1486 126 37 amare
476 1486 140 37 filium
574 1486 98 37 non
615 1486 98 37 amam-

147 1512 78 43 do
186 1512 157 43 Spiritum
304 1512 157 43 Sanctum,
421 1512 105 43 quod
487 1512 92 43 est
526 1512 183 43 impossibile:

148 1546 223 44 Consequentiam
332 1546 131 44 probo;
423 1546 92 44 Nam
476 1546 118 44 sicut
555 1546 131 44 filius
633 1546 79 44 amat

144 1589 179 31 creaturam
282 1589 207 31 rationalem,
448 1589 69 31 &
475 1589 138 31 amatur
572 1589 83 31 ab
613 1589 83 31 ea
641 1589 69 31 amo

147 1615 72 46 re
183 1615 155 46 gratuito,
302 1615 84 46 cum
350 1615 84 46 eam
398 1615 179 46 sanctificat
541 1615 84 46 per
589 1615 95 46 suam
636 1615 72 46 mis-

150 1646 130 48 sionem,
245 1646 83 48 ita
292 1646 59 48 &
316 1646 142 48 Spiritus
422 1646 142 48 Sanctus:
529 1646 71 48 si
564 1646 95 48 ergo
611 1646 95 48 filius

154 1687 122 40 posset
239 1687 73 40 ad
276 1687 86 40 eam
325 1687 122 40 mitti,
410 1687 122 40 eamque
496 1687 196 40 sanctificare
643 1687 73 40 sine

146 1717 141 46 Spiritu
249 1717 141 46 Sancto,
352 1717 180 46 sequeretur
493 1717 193 46 necessario,
635 1717 77 46 quod

145 1750 130 50 posset
236 1750 91 50 eam
288 1750 130 50 amare,
378 1750 65 50 &
404 1750 78 50 ab
443 1750 78 50 ea
482 1750 117 50 amari
560 1750 104 50 sine
611 1750 104 50 Spiri-

146 1788 86 52 tu
174 1788 130 52 Sancto.

190 1823 218 48 AD
262 1823 363 48 ARGVMENT

358 1852 182 45 principalito.

229 1883 68 49 D
257 1883 135 49 primum
351 1883 122 49 dico,
432 1883 108 49 quod
500 1883 108 49 sunt
567 1883 81 49 in
594 1883 122 49 diuinis

156 1898 100 69 est
213 1898 143 69 missio
313 1898 115 69 sine
385 1898 115 69 motu
456 1898 157 69 locali,
571 1898 115 69 quia
628 1898 86 69 ille

156 1958 114 42 motus
233 1958 114 42 dicit
309 1958 242 42 imperfectionem,
512 1958 102 42 quae
576 1958 89 42 non
627 1958 89 42 est
665 1958 51 42 po

148 1994 122 40 nenda
230 1994 82 40 in
271 1994 163 40 diuinis,
393 1994 68 40 &
421 1994 95 40 sic
475 1994 95 40 non
529 1994 150 40 quantum
638 1994 82 40 ad
666 1994 54 40 om

153 2022 89 51 nes
204 2022 191 51 conditiones
357 2022 89 51 est
409 2022 89 51 ibi
447 2022 153 51 collocanda

192 2057 78 42 Ad
231 2057 157 42 secundum
349 2057 117 42 dico,
427 2057 104 42 quod
492 2057 131 42 missio
583 2057 131 42 potest
662 2057 52 42 du

147 2084 148 66 pliciter
258 2084 197 66 considerari,
418 2084 86 66 vel
467 2084 99 66 utum
529 2084 74 66 ad
554 2084 160 66 collationem

713 178 235 52 auctoritatis,
906 178 97 52 vel
962 178 152 52 quantum
1072 178 83 52 ad
1100 178 179 52 executionem

712 223 135 43 operis
807 223 68 43 :
834 223 122 43 Primo
916 223 108 43 modo
983 223 95 43 non
1037 223 95 43 est
1091 223 162 43 communis
1200 223 81 43 toti

713 253 183 45 Trinitati,
857 253 92 45 sed
909 253 144 45 secundo
1001 253 92 45 modo.

741 290 77 48 Ad
780 290 140 48 tertium
882 290 115 48 dico,
958 290 102 48 quod
1022 290 77 48 si
1060 290 204 48 consideretur
1213 290 64 48 ple

709 324 153 49 nitudo,
820 324 70 49 &
848 324 222 49 manifestatio
1029 324 222 49 auctoritatis
1196 324 83 49 tunc

718 354 180 41 personae,
857 354 111 41 quae
926 354 180 41 mittuntur
1065 354 153 41 possunt
1162 354 111 41 mitte-

714 393 75 45 re
752 393 151 45 seipsas:
865 393 75 45 Si
903 393 101 45 vero
966 393 201 45 consideretur
1129 393 126 45 missio
1205 393 75 45 quan

708 427 86 41 tum
757 427 74 41 ad
794 427 184 41 collationem
941 427 209 41 auctoritatis,
1113 427 86 41 sic
1162 427 86 41 vna
1199 427 74 41 mit-

712 458 116 44 titur,
794 458 58 44 &
817 458 93 44 alia
863 458 105 44 mittit.

741 492 79 43 Ad
780 492 145 43 quartum
886 492 119 43 dico,
965 492 105 43 quod
1031 492 132 43 missio
1123 492 119 43 filij
1189 492 92 43 sepa-

711 526 124 42 ratur
794 526 69 42 a
822 526 166 42 missione
946 526 166 42 Spiritus
1070 526 138 42 Sancti
1153 526 124 42 quantum

710 563 76 39 ad
748 563 152 39 effectum
863 563 266 39 sanctificationis,
1091 563 152 39 secundum
1192 563 89 39 ratio

713 597 95 33 nem
768 597 95 33 non
822 597 122 33 autem
903 597 122 33 vere,
984 597 68 33 &
1011 597 162 33 proprie,
1132 597 95 33 ita
1186 597 81 33 vt
1213 597 68 33 vna

711 627 112 47 possit
789 627 101 47 fieri
857 627 90 47 sine
913 627 157 47 alterarone
1037 627 214 47 sactificationis
1205 627 79 47 tamen

736 675 457 72 DISTINCTIONIS
1086 675 161 72 NVL.

791 759 335 59 QV.AESTIO
1023 759 180 59 VNICA

778 826 73 48 An
814 826 73 48 in
850 826 133 48 diuinis
947 826 85 48 sit
995 826 121 48 missio
1068 826 145 48 visibilis.

790 971 163 40 Espondeo
913 971 109 40 huic
980 971 190 40 quaestioni
1130 971 109 40 sine
1184 971 95 40 argu-

790 1002 152 53 mentis;
901 1002 97 53 Pro
956 1002 124 53 cuius
1039 1002 221 53 explicatione
1205 1002 83 53 tria

711 1036 118 48 sunt
770 1036 206 48 consideranda

778 1069 111 56 Quid
847 1069 97 56 sit
903 1069 139 56 missio
1000 1069 194 56 visibilis,
1152 1069 69 56 &
1166 1069 125 56 quomodo

723 1103 146 43 differat
832 1103 61 43 a
857 1103 146 43 missione
966 1103 146 43 Spiritus
1064 1103 110 43 Sancti.

777 1138 138 40 Quibus
874 1138 179 40 personis,
1011 1138 69 40 &
1039 1138 96 40 quo
1094 1138 152 40 tempore
1191 1138 96 40 fieri

720 1165 119 50 debuit
804 1165 119 50 missio
887 1165 155 50 visibilis
1006 1165 143 50 Spiritus
1102 1165 107 50 Sancti.

782 1208 75 44 An
819 1208 137 44 speties
919 1208 125 44 illae,
1006 1208 75 44 in
1043 1208 125 44 quibus
1130 1208 149 44 Spiritus
1230 1208 62 44 San

723 1236 97 46 ctus
784 1236 207 46 inuisibiliter
954 1236 158 46 apparuit,
1076 1236 134 46 fuerint
1173 1236 110 46 verae
1234 1236 61 46 res

720 1273 116 56 sicut
785 1273 168 56 apparebant.

779 1334 315 58 ARTICVLVS
997 1334 218 58 PRIMVS.

734 1395 97 62 Quid
794 1395 85 62 sit
843 1395 121 62 missio
927 1395 169 62 visibilis,
1060 1395 60 62 &
1084 1395 133 62 quomodo
1169 1395 121 62 differat

835 1443 63 46 a
861 1443 151 46 missione
974 1443 138 46 Spiritu
1062 1443 113 46 Sancti.

821 1505 124 50 Vantum
907 1505 74 50 ad
944 1505 87 50 hoc
994 1505 87 50 est
1043 1505 223 50 intelligendum,
1217 1505 74 50 quod

823 1551 125 38 missio
910 1551 162 38 visibilis
1035 1551 162 38 supponit,
1160 1551 62 38 &
1172 1551 125 38 includit

825 1582 169 46 missionem
955 1582 208 46 simpliciter,
1123 1582 78 46 de
1162 1582 91 46 qua
1201 1582 91 46 supe-

732 1614 106 44 rius
798 1614 92 44 est
851 1614 224 44 determinatum,
1035 1614 66 44 &
1062 1614 106 44 ideo
1128 1614 132 44 totum,
1207 1614 79 44 quoc

739 1645 81 39 est
786 1645 69 39 de
820 1645 127 39 ratione
912 1645 150 39 missionis
1028 1645 185 39 simpliciter,
1178 1645 81 39 est
1212 1645 81 39 etiam

733 1682 70 36 de
768 1682 128 36 ratione
862 1682 152 36 missionis
978 1682 163 36 visibilis,
1106 1682 93 36 quia
1165 1682 105 36 tamen
1223 1682 70 36 mis-

739 1713 84 44 sio
787 1713 167 44 visibilis,
918 1713 72 44 se
954 1713 107 44 habet
1025 1713 72 44 ad
1061 1713 155 44 missionem
1169 1713 119 44 simplici

732 1749 90 45 ter,
788 1749 90 45 quae
845 1749 79 45 fit
890 1749 90 45 modo
947 1749 170 45 inuisibili,
1082 1749 102 45 sicut
1150 1749 136 45 speciale
1252 1749 68 45 ad

732 1785 153 39 commune:
847 1785 141 39 ldcirco
950 1785 141 39 differt
1052 1785 77 39 ab
1090 1785 102 39 illa
1154 1785 77 39 in
1180 1785 115 39 duobus,

729 1819 82 46 in
770 1819 137 46 quibus
866 1819 82 46 se
907 1819 123 46 habet
990 1819 96 46 per
1045 1819 192 46 additionem
1195 1819 82 46 ad
1223 1819 82 46 eam.

765 1852 126 45 Primo
849 1852 154 45 differt
961 1852 154 45 quantum
1074 1852 84 45 ad
1116 1852 126 45 modum
1186 1852 112 45 sancti

738 1885 202 37 ficationis:
899 1885 94 37 nam
953 1885 148 37 quamuis
1061 1885 94 37 per
1115 1885 162 37 vtranque
1222 1885 81 37 mis-

738 1918 122 41 sionem
823 1918 182 41 contineatur
969 1918 219 41 sanctificatio,
1151 1918 73 41 in
1188 1918 97 41 alio
1236 1918 61 41 ta-

731 1954 93 38 men
784 1954 119 38 gradu
863 1954 172 38 obtinetur
996 1954 93 38 per
1048 1954 172 38 missionem
1168 1954 132 38 inuisibi

742 1989 88 38 em,
793 1989 63 38 &
818 1989 76 38 in
856 1989 101 38 alio
919 1989 113 38 gradu
994 1989 88 38 per
1045 1989 176 38 visibilem:
1184 1989 101 38 quod
1234 1989 63 38 pa-

736 2024 97 35 tet,
796 2024 85 35 nam
845 2024 85 35 per
893 2024 157 35 missionem
1014 2024 181 35 simpliciter
1147 2024 157 35 inuisibilem

738 2057 154 38 obtinetur
856 2057 118 38 gratia
939 2057 189 38 sanctificans
1093 2057 71 38 in
1128 2057 118 38 gradum
1199 2057 95 38 suffi-

739 2093 155 54 ciente,
851 2093 126 54 solum
936 2093 155 54 quantum
1048 2093 84 54 ad
1090 2093 126 54 illam
1160 2093 141 54 personam
