1500 2378
106 170 115 57 quod
177 170 201 57 principium
335 170 258 57 supernaturale:
551 170 129 57 Minor
622 170 72 57 pro

108 210 125 47 batur,
195 210 100 47 quia
257 210 112 47 actus
332 210 187 47 dilectionis
481 210 149 47 elicitus
593 210 62 47 a
606 210 87 47 voiun

114 254 100 44 tate
176 254 137 44 nostra,
276 254 75 44 si
313 254 125 44 debeat
401 254 100 44 esse
463 254 187 44 meritorius,
600 254 100 44 exigit

107 282 147 40 habere
210 282 147 40 tantam
313 282 249 40 rectitudinem,
518 282 88 40 vt
547 282 147 40 secundum

116 323 92 35 eam
168 323 157 35 attingat
286 323 118 35 omnes
365 323 249 35 circunstantias,
575 323 105 35 quae
627 323 66 35 sub

112 357 132 42 diuino
204 357 198 42 beneplacito
363 357 146 42 cadunt,
469 357 93 42 ita
522 357 79 42 vt
562 357 119 42 nullo
628 357 66 42 mo-

116 389 77 43 do
155 389 64 43 a
180 389 141 43 diuinis
283 389 154 43 regulis,
398 389 64 43 &
424 389 64 43 a
449 389 128 43 diuino
526 389 167 43 beneplacito

116 427 152 41 discordet,
235 427 162 41 impossibile
365 427 76 41 est
408 427 108 41 auten,
484 427 87 41 quod
538 427 65 41 ex
571 427 97 41 solis
625 427 65 41 prin

115 460 114 40 cipijs
194 460 125 40 nalibus
285 460 137 40 elicitus
388 460 114 40 tantam
467 460 182 40 rectitudinem
604 460 91 40 attin-

112 500 105 40 gat.
178 500 92 40 Tum
230 500 105 40 quia
296 500 145 40 diuinum
401 500 223 40 beneplacitum,
585 500 66 40 &
598 500 105 40 circun

117 532 167 43 stantiae,
246 532 103 43 quae
310 532 90 43 sub
362 532 103 43 ipso
426 532 142 43 cadunt,
529 532 90 43 non
580 532 103 43 sunt
632 532 64 43 no-

117 565 94 48 bis
170 565 135 48 notae.
265 565 94 48 Tum
319 565 121 48 etiam
400 565 108 48 quia
467 565 175 48 principia
588 565 108 48 nostra

116 601 168 43 naturalia
246 601 181 43 deficiunt,
388 601 65 43 &
414 601 78 43 in
453 601 181 43 attingendo
582 601 117 43 minorem

114 637 222 42 rectitudinem,
297 637 157 42 scilicet
414 637 209 42 rectitudinem
571 637 130 42 secundum

110 669 144 44 medium
210 669 172 44 virtutis
339 669 172 44 moralis;
468 669 100 44 nam
526 669 115 44 tale
583 669 115 44 medium

116 706 74 43 in
153 706 86 43 quo
202 706 160 43 consistit
325 706 111 43 dicta
399 706 160 43 rectitudo
522 706 160 43 attingere
632 706 62 43 ess

121 742 122 35 summe
201 742 189 35 difficile;
350 742 122 35 sicut
431 742 122 35 patet
512 742 81 35 2.
539 742 162 35 Ethicorum.

115 776 189 41 Reliquitur
264 776 122 41 ergo,
345 776 108 41 quod
413 776 162 41 oporteat
535 776 108 41 dare
589 776 108 41 aliqud

121 809 189 46 principium
270 809 243 46 supernaturale,
473 809 81 46 in
514 809 122 46 cuius
581 809 122 46 virtute

121 847 183 40 attingatur
265 847 170 40 rectitudo
396 847 157 40 praefata
514 847 144 40 nostram
605 847 92 40 natu-

119 878 105 46 ram
179 878 225 46 simpliciter
344 878 150 46 excedens

158 914 91 42 Nec
210 914 130 42 potest
301 914 117 42 dici,
379 914 104 42 quod
445 914 117 42 istud
523 914 182 42 principium
653 914 52 42 su

124 947 185 46 pernaturale
272 947 86 46 sit
321 947 111 46 solus
395 947 148 46 Spiritus
506 947 136 46 Sanctus
593 947 111 46 nostrae

119 986 174 39 voluntati
253 986 147 39 vnitus.
360 986 94 39 Tum
413 986 107 39 quia
480 986 121 39 actus
547 986 161 39 meritorius

129 1015 90 49 est
181 1015 116 49 actus
258 1015 142 49 noster;
361 1015 64 49 &
387 1015 90 49 sic
438 1015 193 49 principium,
593 1015 90 49 per
632 1015 77 49 quod

123 1052 182 38 attingimus
266 1052 208 38 rectitudinem
436 1052 130 38 illam,
527 1052 78 38 in
566 1052 91 38 qua
605 1052 104 38 consi-

127 1081 100 47 stit
190 1081 113 47 ratio
265 1081 138 47 meriti,
366 1081 113 47 debet
441 1081 100 47 esse
503 1081 138 47 aliquid
591 1081 113 47 nostrum

125 1120 117 43 nobis
203 1120 195 43 intrinsecum
359 1120 195 43 formaliter;
516 1120 78 43 si
555 1120 117 43 autem
620 1120 91 43 esset

125 1158 158 47 Spiritus
243 1158 158 47 Sanctus,
362 1158 105 47 tunc
428 1158 118 47 actus
507 1158 184 47 meritorius
638 1158 66 47 non

129 1192 106 45 esset
200 1192 130 45 noster,
295 1192 83 45 sed
342 1192 118 45 illius
425 1192 154 45 principij
543 1192 83 45 per
590 1192 71 45 se
614 1192 95 45 subsi-

123 1226 158 48 stentis.
241 1226 92 48 Tum
294 1226 105 48 quia
359 1226 118 48 actus
438 1226 184 48 meritorius
583 1226 92 48 est
635 1226 79 48 in
661 1226 53 48 no

129 1265 105 35 stra
195 1265 185 35 potestate;
340 1265 158 35 Spiritus
458 1265 119 35 autem
538 1265 145 35 Sanctus
643 1265 92 35 non

125 1293 91 47 est
177 1293 78 47 in
216 1293 144 47 nostra,
321 1293 183 47 potestate.
465 1293 91 47 Tum
517 1293 118 47 etiam
595 1293 105 47 quia
648 1293 65 47 vi-

129 1332 138 42 demus,
226 1332 110 42 quod
294 1332 193 42 principium
446 1332 220 42 rectitudinis
624 1332 83 42 in
652 1332 55 42 a-

127 1367 88 37 ctu
178 1367 125 37 morali
265 1367 88 37 est
315 1367 138 37 aliquid
416 1367 113 37 nobis
491 1367 188 37 intrinsecu;
629 1367 75 37 ergo

130 1402 91 44 ita
182 1402 117 44 debet
260 1402 104 44 esse
325 1402 78 44 in
364 1402 182 44 propositqu
507 1402 104 44 quia
572 1402 143 44 quantum
663 1402 52 44 ad

133 1433 90 49 hoc
185 1433 90 49 non
236 1433 90 49 est
287 1433 205 49 differentia:
454 1433 154 49 sequitur
570 1433 116 49 ergo,
634 1433 77 49 quod

133 1472 81 40 ad
173 1472 188 40 eliciendum
321 1472 121 40 actum
401 1472 201 40 dilectionis
549 1472 161 40 meritorium

129 1505 167 48 oporteat
254 1505 111 48 dare
324 1505 153 48 habitum
435 1505 251 48 supernaturalem

130 1541 75 42 2
160 1541 90 42 Si
205 1541 90 42 ad
250 1541 135 42 actum
340 1541 210 42 meritorium
505 1541 105 42 non
565 1541 135 42 esset
640 1541 75 42 ne-

132 1574 163 42 eessarius
257 1574 138 42 habitus
357 1574 238 42 supernaturalis,
557 1574 188 42 sequeretur,

134 1616 113 44 quod
205 1616 156 44 meritum
318 1616 99 44 non
375 1616 128 44 esset
460 1616 241 44 commensuratum
644 1616 71 44 se-

133 1648 132 43 cundum
225 1648 185 43 exigentiam
371 1648 159 43 praemij,
489 1648 106 43 quod
555 1648 92 43 est
595 1648 119 43 falsum,

136 1679 102 40 quia
200 1679 153 40 praemium
314 1679 89 40 est
365 1679 114 40 finis
441 1679 127 40 meriti
530 1679 76 40 ex
568 1679 127 40 natura
645 1679 76 40 rei;

130 1716 137 51 cillud
226 1716 137 51 autem,
322 1716 110 51 quod
390 1716 82 51 ex
432 1716 137 51 natura
527 1716 96 51 rei
568 1716 151 51 ordinatur

138 1751 78 44 ad
177 1751 143 44 aliquem
281 1751 130 44 finem,
372 1751 117 44 debet
450 1751 104 44 esse
515 1751 195 44 imensuratum
658 1751 52 44 se

145 1793 136 38 cundum
241 1793 191 38 exigentiam
390 1793 136 38 illius
486 1793 136 38 finis:
567 1793 150 38 Consequen

139 1816 112 53 tiam
209 1816 140 53 probo,
306 1816 112 53 quia
376 1816 181 53 praemium,
516 1816 84 53 de
558 1816 98 53 quo
613 1816 98 53 nos
655 1816 70 53 lo-

137 1854 146 48 quimur,
243 1854 93 48 est
296 1854 119 48 supra
375 1854 119 48 totam
455 1854 159 48 naturam,
574 1854 119 48 cuius
640 1854 80 48 ade-

137 1890 105 47 ptio
203 1890 131 47 pendet
295 1890 79 47 ex
334 1890 105 47 sola
400 1890 171 47 voluntate
531 1890 131 47 ipsius
610 1890 105 47 donan-

135 1925 100 41 tis;
197 1925 100 41 iste
259 1925 100 41 ergo
321 1925 125 41 actus,
409 1925 87 41 qui
458 1925 75 41 in
496 1925 112 41 puris
558 1925 162 41 naturalibus

139 1958 227 51 principiatur,
325 1958 93 51 non
379 1958 133 51 potest
472 1958 107 51 esse
538 1958 187 51 mensuratus
672 1958 53 51 se

135 1990 141 49 cundum
233 1990 197 49 exigentiam
388 1990 127 49 dicti
473 1990 141 49 finis,
571 1990 70 49 &
585 1990 141 49 secundum

142 2026 185 47 exigentiam
287 2026 146 47 diuinae
393 2026 198 47 voluntatis,
552 2026 79 47 ex
592 2026 93 47 qua
631 2026 93 47 depe-

143 2062 87 48 det
192 2062 100 48 eius
255 2062 162 48 acceptio,
379 2062 100 48 ergo
442 2062 100 48 opus
504 2062 100 48 erit
566 2062 100 48 dare
628 2062 125 48 aliqud

142 2096 195 54 principium
295 2096 237 54 supernaturale
490 2096 195 54 mensurans,
643 2096 70 54 &
657 2096 70 54 in

704 173 155 49 clinans
817 173 85 49 in
859 173 141 49 dictum
958 173 127 49 finem
1042 173 169 49 secundum
1155 173 127 49 exigen-

711 218 108 36 tiam
778 218 148 36 ipsius,
886 218 67 36 &
913 218 162 36 secundum
1034 218 189 36 exigentiam
1169 218 121 36 diuinae

711 250 196 36 voluntatis,
868 250 78 36 ex
907 250 91 36 qua
959 250 144 36 pendeat
1064 250 105 36 eius
1116 250 170 36 consecutio.

744 287 70 46 3
772 287 84 46 Si
814 287 84 46 ad
855 287 125 46 actum
939 287 195 46 meritorium
1092 287 97 46 non
1134 287 153 46 requirere

714 323 91 45 tur
766 323 181 45 necessario
908 323 142 45 aliquis
1011 323 142 45 habitus
1102 323 181 45 supernatura-

707 355 85 40 lis
755 355 73 40 in
792 355 133 40 ratione
889 355 158 40 principij
1010 355 170 40 elicitiui,
1131 355 146 40 sequeretur

714 388 110 45 quod
783 388 137 45 diuina
879 388 164 45 voluntas
1002 388 137 45 posset
1098 388 192 45 acceptare,
1249 388 69 45 &

705 422 102 45 non
764 422 189 45 acceptare
909 422 87 45 ad
952 422 131 45 vitam
1039 422 174 45 aeternam
1170 422 131 45 vnum,
1242 422 44 45 &

705 458 138 35 eundem
802 458 124 35 actum
885 458 124 35 nulla
968 458 180 35 mutatione
1106 458 124 35 facta
1189 458 83 35 in
1216 458 83 35 tali

709 495 119 43 actu,
788 495 92 43 hoc
841 495 119 43 autem
920 495 92 43 est
973 495 145 43 falsum,
1079 495 106 43 quia
1145 495 106 43 tunc
1198 495 92 43 vide-

719 530 112 42 retur
793 530 112 42 fieri
868 530 137 42 mutatio
967 530 75 42 in
1004 530 124 42 diuina
1091 530 174 42 voluntate,
1215 530 75 42 quod

715 561 96 42 est
770 561 220 42 impossibile:
949 561 234 42 Consequentiam
1142 561 138 42 probo;
1225 561 69 42 nam

714 596 149 46 constat
822 596 81 46 de
862 596 135 46 facto,
957 596 108 46 quod
1024 596 95 46 non
1078 596 162 46 acceptat
1200 596 122 46 actum

721 632 180 41 existentem
862 632 90 41 in,
914 632 103 41 sola
978 632 193 41 rectitudine
1132 632 167 41 naturali;
1248 632 51 41 si

715 674 103 41 ergo
780 674 78 41 de
819 674 91 41 sua
870 674 155 41 potentia
987 674 155 41 absoluta
1103 674 129 41 potest
1181 674 116 41 accepta

711 701 88 46 re
755 701 146 46 eundem
858 701 132 46 actum
946 701 161 46 tanquam
1063 701 205 46 meritorium
1209 701 88 46 sine

716 735 105 43 alia
782 735 211 43 rectitudine,
953 735 158 43 sequitur
1071 735 197 43 necessario,
1216 735 79 43 quod

715 771 105 41 ille
780 771 118 41 actus
859 771 105 41 erit
924 771 91 41 non
976 771 196 41 meritorius,
1133 771 65 41 &
1146 771 157 41 meritorius

718 805 90 49 non
770 805 167 49 acceptus,
898 805 64 49 &
924 805 154 49 acceptus
1040 805 90 49 Deo
1091 805 103 49 sine
1156 805 129 49 aliqua
1233 805 64 49 sui

713 835 186 54 mutatione,
859 835 106 54 quod
925 835 93 54 est
978 835 212 54 impossibile:
1137 835 159 54 Requiritur

725 880 106 42 ergo
791 880 80 42 ad
831 880 186 42 eliciendum
978 880 120 42 actum
1057 880 200 42 dilectionis
1204 880 93 42 meri-

719 915 135 42 torium
813 915 148 42 aliquis
921 915 148 42 habitus
1028 915 256 42 supernaturalis,
1231 915 67 42 quo

726 949 112 35 actus
800 949 150 35 elicitus
913 949 162 35 sortiatur
1038 949 137 35 aliquam
1125 949 175 35 rectitudinem

724 981 243 39 supernaturalem,
929 981 89 39 per
980 981 102 39 quam
1044 981 102 39 fiat
1107 981 89 39 Deo
1159 981 166 39 acceptus,

727 1017 68 41 &
755 1017 204 41 meritorius;
917 1017 109 41 Vnde
985 1017 136 41 opinio
1080 1017 190 41 praecedens
1216 1017 95 41 erra-

722 1050 96 44 bat
777 1050 192 44 accipiendo
928 1050 96 44 non
983 1050 137 44 causam
1079 1050 96 44 pro
1134 1050 137 44 causa;
1216 1050 82 44 quia

725 1083 149 43 habitus
834 1083 243 43 supernaturalis
1037 1083 95 43 non
1091 1083 95 43 est
1131 1083 176 43 necessarius

728 1121 152 42 propter
839 1121 248 42 supernaturalem
1046 1121 138 42 actum,
1142 1121 97 42 sed
1184 1121 124 42 propter

723 1156 183 42 specialem
863 1156 225 42 rectitudinem
1046 1156 197 42 excedentem
1187 1156 112 42 nostra

732 1185 173 53 principia
865 1185 186 53 naturalia,
1011 1185 146 53 quantum
1117 1185 133 53 exigit
1197 1185 106 53 habere

724 1222 132 51 dictus
816 1222 132 51 actus,
909 1222 66 51 &
935 1222 92 51 sic
988 1222 119 51 patet
1067 1222 119 51 prima
1146 1222 185 51 conclusio.

734 1259 160 45 Secundam
854 1259 213 45 conclusionem
1027 1259 133 45 probo,
1120 1259 160 45 scilicet
1227 1259 80 45 quod

727 1291 107 40 talis
799 1291 131 40 habitus
894 1291 83 40 sit
942 1291 155 40 charitas,
1061 1291 60 40 &
1085 1291 83 40 non
1132 1291 131 40 gratia,
1228 1291 107 40 sicut

729 1330 164 49 creditur
852 1330 137 49 fuisse
948 1330 137 49 opinio
1043 1330 178 49 Magistri:
1180 1330 109 49 Quod
1235 1330 68 49 de-

728 1362 166 44 claro
820 1362 313 44 quadrupliciter.

737 1396 139 47 Primo,
835 1396 84 47 ex
876 1396 84 47 eo
918 1396 111 47 quod
988 1396 97 47 hoc
1043 1396 125 47 magis
1127 1396 167 47 congruit
1238 1396 70 47 pro

735 1440 162 39 portioni,
859 1440 100 39 quae
922 1440 112 39 debet
997 1440 100 39 esse
1059 1440 112 39 inter
1134 1440 112 39 vitam
1197 1440 112 39 superna

727 1476 172 39 turalem,
856 1476 72 39 &
885 1476 201 39 naturalem:
1042 1476 172 39 supponit
1172 1476 115 39 enim
1229 1476 86 39 vita

731 1502 232 42 supernaturalis
925 1502 181 42 naturalem,
1067 1502 65 42 &
1093 1502 155 42 perficit
1209 1502 90 42 eam
1247 1502 65 42 se-

732 1537 128 47 cundum
822 1537 77 47 se
860 1537 128 47 totam,
949 1537 64 47 &
975 1537 102 47 ideo
1039 1537 115 47 debet
1115 1537 89 47 ibi
1167 1537 102 47 esse
1218 1537 89 47 tanta

733 1578 177 40 proportio,
873 1578 127 40 quanta
961 1578 89 40 est
1012 1578 190 40 possibilis:
1164 1578 139 40 Videmus
1253 1578 63 40 aut

733 1605 100 43 quod
796 1605 100 43 vita
859 1605 163 43 naturalis
984 1605 163 43 consistit
1109 1605 88 43 non
1159 1605 75 43 in
1196 1605 100 43 sola
1246 1605 63 43 es-

743 1639 111 42 entia
817 1639 124 42 animae
904 1639 99 42 sine
965 1639 173 42 potentijs;
1102 1639 87 42 nec
1151 1639 74 42 in
1188 1639 111 42 solis
1250 1639 62 42 pos

735 1684 131 33 tentijs
831 1684 95 33 sine
890 1684 155 33 essentia;
1010 1684 84 33 sed
1057 1684 72 33 in
1093 1684 155 33 vtrisque:
1201 1684 107 33 concur-

741 1709 94 49 rit
794 1709 107 49 enim
861 1709 94 49 ibi
914 1709 160 49 essentia
1035 1709 134 49 animae
1128 1709 147 49 tanquam
1222 1709 94 49 prin-

741 1748 133 48 cipium
834 1748 160 48 essendi,
954 1748 67 48 &
981 1748 227 48 sfimpliciter,
1154 1748 160 48 concurrunt

733 1778 97 54 ibi
788 1778 179 54 potentiae
926 1778 152 54 tanquam
1037 1778 193 54 principium
1175 1778 138 54 operandi

739 1816 174 44 immediate,
875 1816 100 44 ergo
938 1816 87 44 ita
987 1816 112 44 deoet
1062 1816 100 44 esse
1124 1816 75 44 in
1162 1816 100 44 vita
1211 1816 100 44 super-

746 1858 164 34 naturali;
873 1858 101 34 quia
936 1858 88 34 ibi
986 1858 114 34 debet
1062 1858 101 34 esse
1125 1858 139 34 habitus
1213 1858 101 34 super-

742 1886 162 41 naturalis
866 1886 150 41 aliquis,
979 1886 87 41 qui
1029 1886 87 41 sit
1079 1886 175 41 principium
1204 1886 112 41 essendi

739 1920 186 50 simpliciter
887 1920 74 50 in
924 1920 99 50 esse
986 1920 223 50 supernaturali,
1172 1920 62 50 &
1196 1920 99 50 iste
1246 1920 74 50 erit

746 1954 139 43 habitus
847 1954 151 43 gratiae,
961 1954 88 43 qui
1011 1954 139 43 ponetur
1112 1954 76 43 in
1150 1954 164 43 essentia,
1264 1954 50 43 vi

743 1992 220 48 correspondeat
924 1992 168 48 principio
1053 1992 142 48 essendi
1144 1992 168 48 simpliciter

741 2020 78 52 in
780 2020 104 52 vita
845 2020 169 52 naturali;
975 2020 65 52 &
1001 2020 208 52 consequenter
1171 2020 117 52 erunt
1236 2020 78 52 ali-

745 2057 151 45 habitus
855 2057 261 45 supernaturales,
1075 2057 83 45 vt
1103 2057 220 45 correspondeant

750 2094 177 58 potentijs,
890 2094 101 58 quae
953 2094 101 58 sunt
1016 2094 165 58 immediata
1143 2094 165 58 principia
1257 2094 63 58 ope
