1500 2362
180 180 100 53 ctum
243 180 150 53 aeternum
356 180 88 53 sit
406 180 125 53 color,
494 180 113 53 talis
569 180 113 53 visio
644 180 88 53 non
682 180 75 53 pos-

180 230 89 42 set
231 230 76 42 de
269 230 101 42 nouo
332 230 152 42 transire
446 230 114 42 super
522 230 139 42 lignum,
623 230 101 42 nisi
674 230 76 42 pro-

183 267 101 47 pter
246 267 113 47 nouam
322 267 239 47 participationem
523 267 151 47 coloris:
636 267 88 47 Ita
674 267 75 47 ergo

182 301 77 46 in
221 301 180 46 proposito,
362 301 103 46 quia
426 301 141 46 diuinus
529 301 103 46 amor
594 301 90 46 non
632 301 116 46 transi-

175 331 92 39 bit
227 331 79 39 de
267 331 105 39 nouo
333 331 118 39 super
412 331 171 39 creaturam
543 331 197 39 rationalem,
688 331 66 39 ni-

171 368 76 41 si
209 368 101 41 quia
273 368 76 41 de
311 368 101 41 nono
374 368 177 41 formaliter
513 368 177 41 participat
653 368 127 41 aliqud

170 403 114 47 suum
241 403 171 47 obiectum
370 403 171 47 eternum;
498 403 128 47 istud
584 403 128 47 autem
655 403 100 47 obie-

177 435 109 43 ctum
246 435 164 43 aeternum
369 435 137 43 diuini
465 435 137 43 amoris
560 435 192 43 formaliter
697 435 55 43 de

175 473 105 44 nouo
241 473 211 44 participatum
412 473 132 44 potest
504 473 105 44 esse
570 473 92 44 sua
609 473 145 44 essentia,

178 510 98 35 quia
239 510 98 35 illa
301 510 86 35 non
350 510 86 35 est
399 510 172 35 formaliter
534 510 123 35 alicui
608 510 147 35 inhaerens;

176 541 206 39 Relinquitur
341 541 110 39 ergo
409 541 110 39 esse
478 541 151 39 aliquem
588 541 151 39 habitum
683 541 69 39 su-

180 579 213 41 pernaturalem
353 579 160 41 creatum,
473 579 173 41 scilicet,
593 579 160 41 charitatem

183 612 158 42 (secundum
304 612 97 42 eos)
365 612 97 42 quia
425 612 97 42 ipsa
486 612 85 42 est
535 612 109 42 talis
607 612 121 42 forma,
680 612 73 42 quae

182 646 77 40 ex
221 646 128 40 natura
310 646 89 40 rei
361 646 115 40 cadit
437 646 89 40 sub
488 646 128 40 diuina
565 646 191 40 complacentia;

186 681 65 46 &
212 681 142 46 idcirco
315 681 91 46 est
367 681 155 46 obiectum
483 681 155 46 aeternum
600 681 91 46 sui
639 681 116 46 aeterni

184 715 140 36 amoris.
286 715 127 36 Addunt
375 715 115 36 etiam
452 715 102 36 isti
515 715 165 36 vlterius,
642 715 102 36 quod
693 715 64 36 ta-

179 750 88 41 lis
230 750 113 41 forma
305 750 88 41 non
355 750 150 41 praefuit
467 750 75 41 in
505 750 113 41 anima
580 750 75 41 ex
617 750 125 41 diuina
692 750 63 41 ac-

180 785 190 44 ceptatione,
332 785 101 44 quia
396 785 89 44 est
446 785 89 44 id,
497 785 89 44 quo
547 785 127 44 diuina
623 785 127 44 accepta-

179 819 108 47 tio,
246 819 67 47 &
273 819 215 47 complacentia
448 819 81 47 ad
488 819 135 47 animam
569 819 175 47 applicatur,

181 852 70 41 &
209 852 112 41 ideo
279 852 140 41 diuina
376 852 209 41 acceptatio,
544 852 70 41 &
558 852 195 41 complacentia

169 887 214 41 eam
291 887 214 41 non
382 887 366 41 praeuenit.

214 923 103 46 lste
278 923 115 46 etiam
355 923 115 46 modus
432 923 141 46 dicendi
535 923 154 46 deficit,
650 923 128 46 primo,

181 953 105 48 quia
247 953 119 48 ponit
326 953 145 48 diuinam
431 953 224 48 acceptationem
615 953 119 48 trahi
681 953 66 48 su-

190 996 93 39 per
243 996 185 39 rationalem
388 996 172 39 creaturam
521 996 79 39 de
561 996 119 39 nouo,
640 996 79 39 eo
667 996 79 39 quod

187 1023 134 47 nouiter
284 1023 170 47 participet
418 1023 183 47 charitatem,
564 1023 97 47 quae
625 1023 85 47 est
662 1023 85 47 obie-

180 1060 109 39 ctum
249 1060 150 39 aeterni
358 1060 150 39 amoris,
467 1060 205 39 quemadmodum
631 1060 82 39 si
658 1060 96 39 esset

182 1097 107 41 visio
254 1097 131 41 aeterna
349 1097 119 41 posset
433 1097 143 41 transire
540 1097 107 41 super
612 1097 131 41 allquod
695 1097 60 41 li-

180 1131 107 43 gnum
246 1131 80 43 de
286 1131 120 43 nouo,
366 1131 107 43 quia
433 1131 147 43 nouiter
540 1131 213 43 participaret
700 1131 53 43 co

178 1164 142 49 lorem:
277 1164 114 49 Quod
349 1164 142 49 quidem
448 1164 142 49 dictum
548 1164 128 49 stare
633 1164 100 49 non
676 1164 71 49 po-

176 1203 120 37 test;
256 1203 94 37 Tum
309 1203 107 37 quia
376 1203 187 37 sequeretur
524 1203 187 37 charitatem
657 1203 94 37 crea-

183 1232 90 41 tam
234 1232 102 41 esse
298 1232 90 41 per
349 1232 77 41 se
388 1232 153 41 obiectum
503 1232 128 41 amoris
593 1232 141 41 diuinae
682 1232 64 41 ami

180 1264 146 45 citiae,
286 1264 200 45 quemadmodum
446 1264 120 45 color
526 1264 93 45 est
579 1264 93 45 per
632 1264 80 45 se
659 1264 93 45 obie-

181 1303 116 44 ctum
254 1303 174 44 visionis
385 1303 174 44 secundum
516 1303 131 44 datum
588 1303 160 44 exemplum;

181 1336 89 39 hoc
232 1336 114 39 autem
308 1336 89 39 est
359 1336 140 39 falsum;
460 1336 89 39 nam
511 1336 101 39 amor
574 1336 165 39 amicitiae
689 1336 63 39 non

179 1368 79 41 se
218 1368 171 41 extendit,
349 1368 105 41 nisi
415 1368 79 41 ad
454 1368 171 41 creaturam
585 1368 184 41 rationalem
717 1368 39 41 :

186 1403 93 44 Tum
239 1403 106 44 quia
305 1403 106 44 amor
371 1403 172 44 amicitiae
503 1403 146 44 diuinae
609 1403 93 44 non
649 1403 106 44 transi

177 1439 89 40 bit
228 1439 114 40 super
304 1439 165 40 creaturam
431 1439 191 40 rationalem,
584 1439 102 40 nisi
647 1439 89 40 per
685 1439 64 40 ac-

181 1474 140 41 cidens,
283 1474 101 41 quod
346 1474 89 41 est
397 1474 140 41 falsum,
498 1474 76 41 de
536 1474 140 41 ratione
638 1474 63 41 n
663 1474 114 41 eius,

179 1517 86 37 qui
228 1517 159 37 diligitur
350 1517 110 37 amore
424 1517 171 37 amicitiae,
558 1517 98 37 est,
619 1517 98 37 quod
668 1517 86 37 dili-

182 1547 118 40 gatur
261 1547 145 40 propter
366 1547 92 40 se,
418 1547 66 40 &
445 1547 92 40 per
497 1547 184 40 consequens
642 1547 92 40 per
681 1547 66 40 se:

182 1579 243 43 Consequentiam
382 1579 143 43 probo;
482 1579 100 43 nam
539 1579 100 43 cum
597 1579 157 43 aliquis
697 1579 57 43 a-

186 1611 100 42 ctus
248 1611 162 42 transibit
372 1611 112 42 super
447 1611 87 42 id,
497 1611 100 42 quod
559 1611 87 42 est
597 1611 149 42 substratum

175 1647 88 41 suo
226 1647 151 41 obiecto,
339 1647 138 41 transit
439 1647 113 41 super
514 1647 113 41 illud
590 1647 113 41 solum
665 1647 88 41 per
703 1647 50 41 ac

187 1678 134 43 cidens,
284 1678 109 43 sicut
357 1678 109 43 patet
430 1678 73 43 de
466 1678 134 43 exemplo
564 1678 73 43 ab
600 1678 85 43 eis
637 1678 109 43 posito;

178 1716 86 41 nam
227 1716 86 41 cum
276 1716 111 41 actus
351 1716 148 41 visionis
462 1716 148 41 transeat
573 1716 111 41 super
635 1716 111 41 lignum,

182 1747 101 42 quod
245 1747 88 42 est
296 1747 176 42 substratum
434 1747 88 42 suo
485 1747 151 42 obiecto,
598 1747 88 42 qui
648 1747 88 42 est
686 1747 63 42 eo-

182 1782 101 42 lor,
246 1782 178 42 terminatur
385 1782 76 42 ad
423 1782 114 42 ipsum
499 1782 114 42 solum
575 1782 89 42 per
614 1782 140 42 accidens:

185 1815 86 46 Ita
234 1815 98 46 ergo
295 1815 98 46 erit
357 1815 74 46 in
394 1815 172 46 proposito;
529 1815 86 46 nam
579 1815 148 46 charitas
677 1815 74 46 crea

180 1854 77 42 ta
219 1854 166 42 (secundum
346 1854 128 42 istos)
436 1854 89 42 est
487 1854 89 42 per
538 1854 77 42 se
576 1854 153 42 obiectum
678 1854 77 42 diui

182 1886 75 45 ni
219 1886 137 45 amoris,
319 1886 150 45 creatura
431 1886 100 45 vero
493 1886 175 45 rationalis
618 1886 137 45 obiicitur

180 1918 137 48 diuino
276 1918 124 48 amori
359 1918 96 48 pro
414 1918 137 48 quanto
510 1918 220 48 substernitur
675 1918 82 48 isti

171 1957 123 46 obiecto.

217 1984 150 52 Secundo
327 1984 164 52 deficit,
450 1984 109 52 quia
518 1984 123 52 ponit
586 1984 164 52 charitatem

179 2024 145 45 creatam
284 2024 105 45 esse
350 2024 158 45 obiectum
469 2024 145 45 aeterni
574 2024 145 45 amoris,
680 2024 105 45 quod

186 2062 81 39 est
233 2062 127 39 falsum;
325 2062 81 39 nam
371 2062 116 39 quaero
452 2062 69 39 ab
487 2062 93 39 eis;
545 2062 104 39 vtrum
614 2062 93 39 iste
672 2062 104 39 amor,

178 2091 91 44 quo
230 2091 103 44 Deus
294 2091 142 44 diligit
398 2091 181 44 charitatem
540 2091 142 44 creatam
631 2091 116 44 aeterna

183 2127 119 54 liter,
266 2127 59 54 &
290 2127 214 54 immutabiliter,
469 2127 83 54 sit
516 2127 95 54 amor
576 2127 167 54 amicitiae,
695 2127 59 54 vel

769 173 135 64 quidam
863 173 122 64 alius
944 173 122 64 amor,
1025 173 95 64 non
1079 173 135 64 potest
1174 173 108 64 dici
1228 173 122 64 quodsit

772 233 98 39 amor
833 233 171 39 amicitiae,
967 233 98 39 quia
1028 233 98 39 iste
1089 233 146 39 extendit
1199 233 73 39 se
1235 233 110 39 solum
1296 233 49 39 ad

775 268 171 38 creaturas
907 268 198 38 rationales;
1065 268 79 38 si
1104 268 119 38 autem
1184 268 145 38 dicatur
1276 268 79 38 esse

769 303 126 40 alium
853 303 153 40 amorem,
964 303 167 40 sequitur
1090 303 98 40 non
1146 303 167 40 diligere
1271 303 98 40 eam
1313 303 42 40 9

774 331 100 47 pter
836 331 87 47 se;
886 331 100 47 ergo
948 331 87 47 per
998 331 112 47 aliud
1072 331 162 47 obiectum;
1197 331 112 47 istud
1259 331 87 47 autem

775 370 87 44 non
824 370 124 44 potest
911 370 100 44 esse
974 370 100 44 nisi
1036 370 149 44 creatura
1148 370 187 44 rationalis,
1285 370 62 44 cui

777 405 186 40 proposuit
920 405 100 40 eam
977 405 229 40 communicare,
1163 405 72 40 &
1192 405 100 40 per
1235 405 114 40 conse-

770 437 127 47 quens
855 437 99 47 non
911 437 127 47 prius
995 437 155 47 dilexit
1108 437 212 47 charitatem,
1263 437 85 47 quam

777 472 170 45 creaturam
907 472 196 45 rationalem,
1064 472 104 45 ideo
1129 472 117 45 magis
1208 472 91 45 est
1260 472 65 45 e
1273 472 65 45 con

770 508 135 36 trario;
868 508 74 36 si
905 508 98 36 ergo
966 508 147 36 charitas
1076 508 86 36 est
1125 508 147 36 obiectum
1223 508 123 36 aeternum

772 541 135 38 diuini
866 541 135 38 amoris
960 541 94 38 (vt
1014 541 108 38 ipsi
1081 541 148 38 dicunt)
1189 541 121 38 multo
1256 541 94 38 magis

778 577 155 39 creatura
894 577 193 39 rationalis,
1049 577 90 39 cui
1100 577 116 39 debet
1165 577 180 39 communicari;

771 610 78 42 Et
810 610 156 42 confirmo
927 610 169 42 rationem,
1057 610 104 42 quia
1123 610 117 42 sicut
1201 610 78 42 ab
1227 610 117 42 aeterno

767 646 152 45 dilexit
878 646 193 45 charitatem
1030 646 83 45 vt
1071 646 166 45 potentem
1181 646 180 45 gratificare

765 685 137 35 animam
861 685 137 35 ipsam;
957 685 96 35 ita
1011 685 109 35 pari
1080 685 164 35 ratione,
1203 685 68 35 &
1230 685 123 35 multo
1298 685 55 35 ma

773 716 90 44 gis
824 716 141 44 dilexit
927 716 128 44 animam
1017 716 128 44 ipsam,
1106 716 77 44 vt
1145 716 179 44 possibilem
1273 716 77 44 gra-

769 746 169 50 tificari
895 746 98 50 per
938 746 84 50 eam.

776 782 153 52 Tertio,
888 782 112 52 quia
957 782 126 52 ponit
1041 782 153 52 diuinam
1139 782 209 52 acceptationem

770 814 94 54 non
823 814 188 54 praeuenire
971 814 201 54 charitatem,
1132 814 107 54 ideo
1186 814 161 54 applicatur

768 857 85 42 ad
810 857 142 42 animam
910 857 171 42 mediante
1038 857 100 42 ea:
1095 857 100 42 hoc
1152 857 128 42 autem
1223 857 128 42 videtur

770 887 101 38 esse
834 887 139 38 falsum,
935 887 101 38 quia
998 887 76 38 si
1036 887 101 38 Deus
1100 887 89 38 non
1150 887 177 38 acceptaret
1277 887 76 38 crea

771 923 132 43 turam
860 923 206 43 rationalem
1021 923 177 43 antequam
1139 923 206 43 communicarei

765 956 109 45 illi
833 956 204 45 charitatem,
996 956 190 45 sequeretur
1145 956 122 45 illam
1213 956 136 45 communi-

772 992 158 35 cationem
890 992 92 35 non
943 992 105 35 esse
1008 992 184 35 liberalem,
1153 992 105 35 quod
1219 992 92 35 est
1258 992 92 35 absur

767 1025 117 35 dum,
840 1025 117 35 quia
913 1025 175 35 quicquid
1044 1025 117 35 Deus
1117 1025 218 35 communicat,
1277 1025 73 35 li-

771 1057 176 40 beraliter
907 1057 203 40 communicat,
1069 1057 68 40 &
1096 1057 95 40 non
1150 1057 81 40 ex
1191 1057 135 40 alsqua
1272 1057 81 40 obli

772 1095 170 46 gationes
899 1095 240 46 Consequentiam
1097 1095 141 46 probo,
1196 1095 113 46 quia
1252 1095 99 46 omnis

771 1137 204 34 communicatio
937 1137 102 34 ideo
1001 1137 166 34 liberalis
1129 1137 102 34 est,
1193 1137 102 34 quia
1257 1137 77 34 ex
1282 1137 64 34 amo

767 1164 77 40 re
806 1164 154 40 procedit
921 1164 64 40 :
947 1164 141 40 Propter
1049 1164 103 40 quae
1113 1164 115 40 omnia
1190 1164 167 40 concludo,
1306 1164 51 40 il

769 1197 100 48 lam
826 1197 186 48 opinionem
969 1197 143 48 omnino
1069 1197 114 48 esse
1126 1197 214 48 irrationalem.

769 1230 152 41 Videtur
879 1230 110 41 ergo
948 1230 110 41 mihi
1017 1230 138 41 aliter
1114 1230 110 41 esse
1169 1230 179 41 procedendum

770 1266 75 42 in
808 1266 100 42 isto
871 1266 163 42 articulo;
996 1266 75 42 ad
1034 1266 113 42 cuius
1109 1266 175 42 euidentiam
1234 1266 113 42 distin-

769 1307 95 37 guo
823 1307 122 37 primo
904 1307 81 37 de
944 1307 108 37 ista
1012 1307 230 37 acceptatione,
1201 1307 68 37 &
1228 1307 108 37 dico
1282 1307 68 37 di-

770 1337 115 38 ctam
841 1337 244 38 acceptationem
1042 1337 143 38 accipi
1142 1337 143 38 duobus
1228 1337 115 38 modis;

774 1369 105 42 vno
834 1369 120 42 modo
909 1369 150 42 large,
1014 1369 180 42 secundum
1149 1369 120 42 quem
1224 1369 120 42 Deus
1284 1369 60 42 ab

774 1407 142 42 aeterno
878 1407 181 42 acceptauit
1020 1407 91 42 per
1072 1407 181 42 electionem
1214 1407 117 42 omnes
1279 1407 65 42 il-

777 1441 91 43 os,
829 1441 104 43 quos
894 1441 169 43 proposuit
1024 1441 195 43 iustificare
1179 1441 78 43 in
1205 1441 143 43 quocunque

773 1475 148 42 tempore,
884 1475 148 42 eleuando
995 1475 86 42 eos
1044 1475 74 42 ad
1082 1475 124 42 statum
1168 1475 136 42 gratiae
1255 1475 86 42 suaei

772 1507 67 40 &
798 1507 107 40 isto
865 1507 107 40 modo
932 1507 188 40 acceptatio
1080 1507 107 40 idem
1147 1507 107 40 est,
1214 1507 107 40 quod
1268 1507 80 40 libe

768 1544 81 43 ra
809 1544 163 43 electio,
931 1544 81 43 de
972 1544 95 43 qua
1026 1544 163 43 loquitur
1148 1544 136 43 Apost.
1243 1544 81 43 ad
1270 1544 68 43 Eph

777 1578 100 46 cap.
839 1578 75 46 1:
876 1578 137 46 dicens,
976 1578 100 46 quod
1039 1578 125 46 elegit
1126 1578 87 46 nos
1176 1578 100 46 Deus
1238 1578 75 46 in
1263 1578 75 46 ipso

772 1611 158 39 scilicet
890 1611 145 39 Christo
995 1611 105 39 ante
1061 1611 118 39 Mundi
1127 1611 210 39 constitutionem

771 1647 80 46 vt
811 1647 147 46 essemus
918 1647 147 46 Sancti,
1025 1647 67 46 &
1052 1647 187 46 immaculati
1199 1647 80 46 in
1226 1647 120 46 conspe-

770 1682 86 36 ctu
819 1682 98 36 eius
880 1682 74 36 in
917 1682 172 36 charitate:
1053 1682 98 36 Alio
1114 1682 98 36 modo
1176 1682 123 36 potest
1250 1682 86 36 acci-

769 1714 77 45 pi
808 1714 129 45 diuina
898 1714 180 45 acceptatio
1039 1714 116 45 magis
1116 1714 154 45 stricte,
1219 1714 129 45 secundum

770 1753 116 38 quem
843 1753 131 38 modum
930 1753 116 38 idem
1003 1753 102 38 est
1061 1753 116 38 quod
1133 1753 174 38 dilectio
1249 1753 102 38 amici

764 1786 123 43 tiae:
846 1786 68 43 &
874 1786 109 43 isto
942 1786 109 43 modo
1011 1786 109 43 Deus
1079 1786 164 43 acceptat
1202 1786 123 43 ipsum
1271 1786 68 43 ho-

770 1820 136 45 minem,
866 1820 68 45 &
893 1820 190 45 delectatur
1042 1820 122 45 secum
1124 1820 217 45 conueniendo,
1287 1820 54 45 si

777 1857 92 42 cut
829 1857 131 42 amicus
921 1857 92 42 eum
974 1857 131 42 amico;
1066 1857 66 42 &
1092 1857 92 42 sic
1145 1857 131 42 diuina
1224 1857 118 42 sapien-

770 1891 87 40 tia
819 1891 149 40 loquitur
931 1891 137 40 prouerb
1031 1891 62 40 8
1056 1891 124 40 dices;
1143 1891 75 40 Et
1180 1891 149 40 delitiae
1280 1891 62 40 mee

775 1923 90 34 esse
831 1923 79 34 cum
876 1923 113 34 filijs
955 1923 135 34 hominum;
1057 1923 56 34 &
1079 1923 68 34 in
1113 1923 102 34 Apoc.
1181 1923 79 34 30.
1226 1923 113 34 dicit,
1294 1923 45 34 Si

771 1955 83 39 que
819 1955 154 39 aperuerit
937 1955 130 39 intrabo
1032 1955 71 39 ad
1067 1955 107 39 illu,
1139 1955 59 39 &
1162 1955 130 39 coenabo
1257 1955 83 39 cum
1293 1955 47 39 eo

769 1993 69 37 &
797 1993 110 37 ipse
865 1993 137 37 mecum,
962 1993 110 37 ecce
1030 1993 110 37 ergo
1099 1993 220 37 communicatio
1264 1993 82 37 dele

774 2024 149 43 ctabilis
885 2024 111 43 amici
959 2024 74 43 ad
996 2024 136 43 amicum.
1095 2024 111 43 Inter
1157 2024 186 43 acceptationem

769 2064 129 42 autem
855 2064 158 42 sumptam
970 2064 144 42 primo,
1070 2064 72 42 &
1099 2064 158 42 secundo
1214 2064 115 42 modo
1271 2064 72 42 est

768 2094 101 38 haec
831 2094 202 38 differentia,
996 2094 101 38 quia
1059 2094 177 38 acceptatio
1198 2094 126 38 sumpta
1273 2094 76 38 pri-

768 2129 81 52 mo
808 2129 108 52 modo
875 2129 94 52 est
929 2129 108 52 mere
997 2129 189 52 liberalis;
1145 2129 67 52 &
1172 2129 108 52 ideo
1239 2129 94 52 non
1280 2129 67 52 sup
