1500 2384
105 172 115 74 ponit
182 172 141 74 aliquid
285 172 179 74 necessario
426 172 77 74 ex
464 172 115 74 parte
528 172 154 74 creaturae.

100 230 108 56 nisi
167 230 121 56 solum
248 230 189 56 creaturam,
396 230 189 56 acceptatio
544 230 108 56 vero
598 230 94 56 secun

108 267 85 48 do
150 267 113 48 modo
221 267 170 48 supponit
349 267 85 48 in
391 267 170 48 creatura
519 267 156 48 habitum
618 267 71 48 cha

114 305 147 42 ritatis,
224 305 86 42 vel
273 305 147 42 gratiae,
384 305 61 42 &
409 305 98 42 ideo
470 305 160 42 priusquam
593 305 98 42 Deus
654 305 61 42 &

115 333 174 51 acceptet
245 333 116 51 isto
317 333 159 51 secundo
433 333 116 51 modo
505 333 159 51 oportet
606 333 87 51 quod

114 373 192 44 exequatur
262 373 118 44 suum
336 373 221 44 propositum,
513 373 118 44 quod
572 373 118 44 habuit

107 405 83 46 ab
149 405 151 46 aeterno
259 405 83 46 de
300 405 83 46 eo
341 405 83 46 in
382 405 151 46 donando
492 405 83 46 ei
534 405 165 46 gratiam,
644 405 41 46 &

115 439 196 45 charitatem,
272 439 65 45 &
298 439 118 45 sicut
377 439 157 45 executio
495 439 131 45 diuini
573 439 118 45 proposi

110 479 73 42 ti
146 479 85 42 est
195 479 109 42 noua;
268 479 85 42 vel
316 479 182 42 temporalis;
462 479 85 42 ita
511 479 61 42 &
535 479 97 42 ista
584 479 109 42 accepta

113 508 102 54 tio,
177 508 102 54 ergo
241 508 191 54 executionem
394 508 128 54 diuini
483 508 166 54 propositi
611 508 115 54 istam

108 545 238 49 acceptationem
304 545 182 49 supponere
443 545 140 49 clarum
541 545 112 49 est,
611 545 70 49 &
625 545 70 49 per

114 579 196 47 consequens
268 579 168 47 gratiam,
394 579 70 47 &
421 579 210 47 charitatem,
589 579 112 47 quae
645 579 56 47 om

113 612 97 47 nia
168 612 97 47 per
224 612 124 47 tanto
307 612 138 47 habent
404 612 166 47 rationem
528 612 166 47 cuiusdam
639 612 55 47 de

117 644 119 53 biti,
196 644 92 53 per
249 644 132 53 quanto
341 644 171 53 videretur
473 644 105 53 Deus
539 644 132 53 negare
618 644 79 53 seip

116 684 116 45 sum,
188 684 116 45 nisi
260 684 202 45 acceptaret
419 684 159 45 hominem
520 684 174 45 existentem

117 716 86 50 in
160 716 201 50 charitate,
317 716 72 50 &
346 716 172 50 habentem
475 716 115 50 suam
533 716 143 50 gratiam.

153 756 111 40 lstis
227 756 99 40 ergo
288 756 173 40 praemissis
424 756 99 40 dico
485 756 74 40 ad
522 756 111 40 istum
584 756 111 40 articu-

122 791 106 43 lum,
188 791 106 43 quod
254 791 80 43 si
294 791 159 43 loquamur
413 791 80 43 de
453 791 106 43 esse
519 791 172 43 gratuito,
639 791 66 43 pro

116 827 81 47 ut
156 827 94 47 est
210 827 108 47 idem
277 827 108 47 quod
344 827 188 47 acceptatio
492 827 175 47 creaturae
613 827 94 47 secun

123 862 101 49 dum
180 862 144 49 primum
281 862 130 49 modum
368 862 259 49 acceptationis,
584 862 101 49 sic
627 862 72 49 ha-

118 894 117 42 betur
196 894 104 42 sine
261 894 130 42 habitu
352 894 195 42 charitatis,
507 894 65 42 &
533 894 104 42 sine
598 894 104 42 omni
650 894 52 42 ha

127 932 101 49 bitu
190 932 227 49 supernaturali;
380 932 101 49 quia
443 932 114 49 talis
519 932 177 49 acceptatio
645 932 63 49 pre

120 970 129 42 cedit
206 970 129 42 omnem
292 970 158 42 habitum
407 970 273 42 supernaturalem,
622 970 86 42 tan-

127 1000 108 46 quam
194 1000 121 46 causa
275 1000 189 46 infusionis
423 1000 148 46 ipsius,
531 1000 94 46 non
585 1000 108 46 enim
639 1000 67 46 pot

121 1029 171 46 assignari
252 1029 105 46 alia
318 1029 118 46 causa
397 1029 197 46 necessaria,
555 1029 118 46 quare
621 1029 79 46 Deu-

120 1065 155 49 infundit
236 1065 142 49 gratiam
339 1065 103 49 suam
404 1065 103 49 vni,
468 1065 64 49 &
494 1065 90 49 non
545 1065 142 49 alteri;
636 1065 77 49 nisi

126 1102 106 52 quia
192 1102 80 52 ab
232 1102 146 52 aeterno
339 1102 146 52 elegit,
445 1102 67 52 &
472 1102 186 52 acceptauit
605 1102 106 52 istum;

130 1142 68 42 &
158 1142 122 42 alium
239 1142 149 42 eleuare
347 1142 135 42 voluit
442 1142 81 42 ad
483 1142 135 42 statum
578 1142 108 42 suae
632 1142 81 42 gra-

130 1170 112 57 tiae,
204 1170 62 57 &
229 1170 100 57 suae
291 1170 162 57 amicitiae
416 1170 87 57 pro
466 1170 124 57 aliquo
553 1170 137 57 tempore
640 1170 62 57 de-

128 1209 186 45 terminato:
274 1209 106 45 ldeo
340 1209 120 45 autem
420 1209 106 45 dixi
486 1209 199 45 necessaria,
632 1209 80 45 quia

135 1244 145 43 quamuis
240 1244 145 43 infusio
345 1244 145 43 gratiae
451 1244 158 43 procedat
569 1244 79 43 ex
609 1244 105 43 mera
661 1244 53 43 li

134 1277 186 46 beralitate
280 1277 93 46 Dei
333 1277 200 46 infundentis
493 1277 93 46 eam
546 1277 160 46 secundum
652 1277 67 46 pro

133 1310 142 53 positum
236 1310 181 53 voluntatis
378 1310 116 53 suae,
456 1310 103 53 quod
520 1310 77 53 ab
559 1310 142 53 aeterno
649 1310 65 53 ha-

139 1349 116 42 buit;
217 1349 194 42 nihilominus
372 1349 116 42 tamen
449 1349 129 42 aliqua
540 1349 168 42 disposito
656 1349 52 42 di

134 1382 144 45 congruo
238 1382 130 45 potest
330 1382 183 45 praecedere
473 1382 117 45 istam
538 1382 170 45 infusionem,

137 1421 103 50 puta
201 1421 154 50 proprius
317 1421 142 50 conatus
420 1421 116 50 eius,
497 1421 90 50 qui
549 1421 142 50 gratiam
639 1421 77 50 reci

136 1457 102 49 pit:
200 1457 114 49 Patet
276 1457 102 49 ergo
340 1457 102 49 quid
403 1457 89 49 sit
454 1457 153 49 dicendum
568 1457 76 49 de
607 1457 102 49 esse
657 1457 64 49 gra

134 1485 149 47 tuito,
238 1485 74 47 &
268 1485 164 47 accepto
387 1485 178 47 secundum
521 1485 149 47 primum
610 1485 104 47 modum

137 1519 237 59 acceptationis.
334 1519 79 59 Si
374 1519 105 59 vero
440 1519 158 59 loquamur
558 1519 79 59 de
598 1519 105 59 esse
650 1519 66 59 gra

145 1560 152 43 tuito,
251 1560 76 43 &
282 1560 167 43 accepto
403 1560 137 43 penes
494 1560 182 43 secundum
616 1560 106 43 modum

144 1589 215 49 acceptationis,
323 1589 72 49 in
359 1589 84 49 quo
407 1589 84 49 est
455 1589 96 49 vera
515 1589 155 49 amicitia,
634 1589 84 49 sic
670 1589 48 49 di

144 1624 131 47 cendum
236 1624 92 47 est
288 1624 105 47 tale
354 1624 105 47 esse
420 1624 145 47 gratum,
525 1624 66 47 &
551 1624 158 47 acceptum
656 1624 66 47 non

148 1661 105 57 posse
218 1661 117 57 haberi
300 1661 93 57 sine
358 1661 117 57 habitu
440 1661 175 57 charitatis,
580 1661 82 57 vel
615 1661 105 57 gratiae

144 1696 107 49 quia
210 1696 94 49 cum
264 1696 107 49 tale
331 1696 107 49 esse
397 1696 94 49 sit
451 1696 134 49 nouum,
544 1696 67 49 &
558 1696 160 49 temporale,

144 1725 64 56 &
170 1725 115 56 talis
247 1725 141 56 nouitas
349 1725 90 56 non
401 1725 128 56 possit
490 1725 167 56 prouenire
618 1725 77 56 ex
644 1725 77 56 par-

150 1763 78 57 te
189 1763 91 57 Dei
241 1763 209 57 acceptantis,
411 1763 144 57 oportet
515 1763 117 57 talem
580 1763 144 57 nouitatem

150 1800 172 54 prouenire
282 1800 80 54 ex
322 1800 119 54 parte
402 1800 146 54 hominis
508 1800 186 54 acceptati,
653 1800 66 54 &
667 1800 66 54 gra

152 1836 171 45 tificati,
284 1836 66 45 &
310 1836 92 45 per
363 1836 185 45 consequens
508 1836 145 45 necesse
613 1836 92 45 est
653 1836 79 45 dare

144 1870 155 52 aliquem
256 1870 155 52 habitum
369 1870 253 52 supernaturalem
565 1870 169 52 gratifican

142 1908 107 46 rem
203 1908 92 46 de
249 1908 123 46 nouo
310 1908 215 46 aduenientem.

191 1936 86 50 Nec
240 1936 111 50 valet
314 1936 74 50 si
351 1936 148 50 dicatur,
462 1936 99 50 quod
524 1936 74 50 ad
561 1936 86 50 hoc
598 1936 136 50 sufficiat

157 1973 138 53 aliquis
258 1973 138 53 habitus
358 1973 163 53 naturalis
483 1973 138 53 nouiter
570 1973 163 53 acquisitus;

153 2009 102 50 quia
217 2009 115 50 omnis
294 2009 115 50 talis
370 2009 141 50 habitus
473 2009 128 50 potest
562 2009 115 50 stare
639 2009 89 50 cum
677 2009 64 50 pec

156 2041 106 49 cato
222 2041 159 49 mortali,
341 2041 106 49 quod
407 2041 92 49 est
460 2041 145 49 offensa
565 2041 106 49 Dei;
618 2041 119 49 habitus

159 2076 99 47 vero
220 2076 197 47 gratificans,
381 2076 86 47 qui
430 2076 173 47 constituit
565 2076 111 47 veram
639 2076 123 47 amici

154 2118 123 40 tiam
231 2118 138 40 inter
323 2118 169 40 hominem
446 2118 77 40 &
477 2118 138 40 Deum,
569 2118 138 40 nullo
646 2118 92 40 modo

162 2146 192 55 compatitur
313 2146 124 55 secum
396 2146 96 55 Dei
451 2146 179 55 offensam:
588 2146 179 55 Relinqui

711 168 95 63 tur
766 168 109 63 ergo
834 168 109 63 quod
902 168 150 63 oportet
1011 168 109 63 dare
1078 168 150 63 aliquem
1174 168 122 63 habitum

694 225 248 56 supernaturalem

742 251 125 54 Posset
829 251 137 54 insuper
929 251 100 54 ista
991 251 162 54 conclusio
1116 251 125 54 aliter
1191 251 100 54 proba.

708 291 87 44 ri;
757 291 100 44 quia
820 291 112 44 tamen
895 291 150 44 superius
1007 291 100 44 fuit
1069 291 200 44 sufficienter
1219 291 75 44 argu

711 324 101 54 tum
768 324 145 54 contra
870 324 145 54 primam
971 324 203 54 opinionem,
1131 324 116 54 quae
1189 324 101 54 pone-

713 361 95 44 bat
768 361 149 44 habitum
876 361 244 44 supernaturalem
1080 361 95 44 non
1134 361 109 44 esse
1188 361 109 44 neces-

706 395 125 49 sarium
793 395 75 49 ad
831 395 100 49 esse
893 395 175 49 gratuitum;
1031 395 138 49 Idcirco
1131 395 75 49 ex
1168 395 100 49 ijs,
1218 395 75 49 quae

714 432 91 44 ibi
766 432 116 44 dicta
843 432 155 44 fuerunt,
960 432 65 44 &
986 432 78 44 ex
1024 432 103 44 ijs,
1089 432 103 44 quae
1154 432 103 44 sunt
1205 432 91 44 dicta

708 474 114 35 modo
779 474 170 35 possumus
907 474 199 35 concludere
1063 474 156 35 quantum
1176 474 85 35 ad
1205 474 85 35 istu

716 502 190 45 articulum,
865 502 108 45 esse
933 502 176 45 gratuitum
1069 502 95 45 non
1123 502 122 45 posse
1191 502 108 45 haberi

718 536 100 42 sine
780 536 125 42 habitu
867 536 212 42 supernaturali
1029 536 187 42 gratificante.

750 566 244 49 Intelligendum
951 566 129 49 tamen
1037 566 115 49 quod
1109 566 101 49 per
1167 566 115 49 haec
1224 566 72 49 om-

713 605 93 47 nia
766 605 93 47 non
819 605 146 47 videtur
925 605 133 47 haberi
1018 605 212 47 sufficienter
1177 605 119 47 habitum

718 641 185 42 charitatis
863 641 145 42 creatum
968 641 105 42 esse
1034 641 198 42 necessarium
1193 641 79 42 ad
1219 641 79 42 tale

725 678 99 47 esse
787 678 173 47 gratuitum,
923 678 87 47 nam
972 678 124 47 posset
1059 678 136 47 aliquis
1158 678 124 47 dicere
1232 678 62 47 so-

715 714 92 46 lum
767 714 144 46 habitum
872 714 144 46 gratiae
977 714 184 46 sufficere;
1121 714 66 46 &
1148 714 105 46 ideo
1200 714 92 46 probo

718 745 100 55 quod
781 745 138 55 habitus
882 745 176 55 charitatis
1020 745 176 55 requiritur
1158 745 100 55 tali
1208 745 88 55 ratio

721 783 87 42 ne:
770 783 112 42 Sicut
845 783 74 42 se
882 783 112 42 habet
956 783 99 42 vita
1018 783 161 42 naturalis
1142 783 74 42 ad
1179 783 99 42 suum
1229 783 74 42 con-

724 816 186 53 plementum,
870 816 93 53 ita
923 816 239 53 supernaturalis
1121 816 80 53 ad
1161 816 119 53 suum,
1241 816 93 53 sed

722 850 215 55 complementum
896 850 121 55 vitae
977 850 188 55 naturalis,
1125 850 108 55 quod
1192 850 94 55 est
1233 850 67 55 vi-

727 886 115 51 uere,
804 886 89 51 non
855 886 141 51 habetur
957 886 204 51 sufficienter
1123 886 89 51 per
1174 886 115 51 solam
1238 886 64 51 es-

730 922 139 47 sentiam
831 922 126 47 animae
920 922 101 47 sine
983 922 177 47 potentijs,
1122 922 88 47 nec
1173 922 88 47 per
1211 922 88 47 solas

729 957 167 51 potentias
857 957 103 51 sine
921 957 167 51 essentia,
1050 957 90 51 sed
1101 957 141 51 oportet
1191 957 115 51 vtraque

726 993 218 48 concurrere,
901 993 102 48 ita
959 993 131 48 etiam
1046 993 73 48 &
1075 993 233 48 complementum
1250 993 58 48 in

737 1025 101 49 vita
800 1025 214 49 supernaturali
976 1025 88 49 non
1027 1025 138 49 poterit
1127 1025 126 49 haberi
1215 1025 88 49 per
1253 1025 50 49 so

728 1056 88 50 lum
779 1056 138 50 habitum
879 1056 151 50 gratiae,
993 1056 88 50 qui
1043 1056 88 50 est
1093 1056 164 50 perfectio
1206 1056 101 50 essen-

738 1097 108 39 tiae;
810 1097 84 39 nec
858 1097 84 39 per
906 1097 108 39 solas
978 1097 144 39 virtutes
1085 1097 192 39 Theologicas,
1229 1097 72 39 quae

729 1131 106 50 sunt
795 1131 212 50 perfectiones
967 1131 159 50 posarum:
1086 1131 198 50 Relinquitur
1232 1131 79 50 ergo

736 1163 105 53 quod
802 1163 158 53 vtraquae
920 1163 184 53 concurrant
1064 1163 105 53 ibi;
1130 1163 66 53 &
1156 1163 92 53 per
1196 1163 105 53 conse-

729 1199 116 46 quens
806 1199 142 46 habitus
910 1199 193 46 charitatis,
1064 1199 90 46 qui
1116 1199 116 46 inter
1180 1199 129 46 virtutes

734 1235 192 48 Theologicas
888 1235 90 48 est
939 1235 218 48 principalior,
1118 1235 90 48 ibi
1156 1235 154 48 necessario

733 1272 192 43 requiratur:
887 1272 90 43 Sic
938 1272 102 43 ergo
1002 1272 115 43 patet
1079 1272 102 43 quid
1143 1272 90 43 sit
1181 1272 128 43 dicendum

731 1311 160 46 quantum
848 1311 87 46 ad
892 1311 131 46 totam
964 1311 204 46 quaestionem.

723 1364 146 55 AD
796 1364 317 55 ARGVMENTA
1015 1364 293 55 PRINCTPAIA

816 1414 73 37 D
846 1414 147 37 primum
949 1414 176 37 dicendum
1081 1414 235 37 auctoritates
1257 1414 59 37 P.

741 1428 165 70 August.
861 1428 120 70 quas
936 1428 180 70 Magister
1072 1428 165 70 adducit
1192 1428 90 70 in
1222 1428 90 70 lite

739 1481 95 44 ra,
794 1481 95 44 non
848 1481 135 44 cogere
942 1481 108 44 nos,
1010 1481 81 44 vt
1051 1481 149 44 dicamus
1159 1481 162 44 Spiritum
1267 1481 54 44 Sa

736 1519 110 38 ctum
805 1519 110 38 esse
874 1519 207 38 charitatem,
1040 1519 97 38 qua
1095 1519 179 38 diligimus
1219 1519 97 38 Deum,

747 1549 69 51 &
775 1549 166 51 proximum
899 1549 152 51 tanquam
1010 1549 152 51 formali
1120 1549 180 51 principio
1245 1549 69 51 eli

744 1585 135 40 citiuo,
842 1585 86 40 sed
891 1585 111 40 bene,
965 1585 74 40 vt
1002 1585 135 40 dicamus
1100 1585 98 40 esse
1149 1585 160 40 charitatem,

751 1623 94 47 qua
804 1623 174 47 diligimus
938 1623 148 47 tanquam
1046 1623 174 47 principio
1166 1623 148 47 intrinse-

746 1653 80 48 co
786 1653 159 48 mouente,
905 1653 66 48 &
932 1653 173 48 dirigente
1065 1653 80 48 in
1104 1653 106 48 tali
1171 1653 120 48 actu;
1237 1653 80 48 quia

739 1688 253 44 quantuncunque
948 1688 179 44 habeamus
1082 1688 223 44 charitatem,
1246 1688 74 44 non

754 1723 150 42 possumus
867 1723 113 42 tamen
942 1723 113 42 exire
1018 1723 75 42 in
1055 1723 113 42 actum
1130 1723 175 42 meritorium
1256 1723 75 42 sine

753 1759 137 57 speciali
855 1759 137 57 inffuxum
958 1759 125 57 ipsius,
1049 1759 102 57 sicut
1117 1759 102 57 alias
1185 1759 125 57 poterit
1265 1759 57 57 de

745 1798 109 41 larari.

788 1819 93 51 Ad
834 1819 186 51 secundum
974 1819 124 51 vero
1051 1819 186 51 dicendum
1191 1819 171 51 Maiorem

751 1862 110 41 esse
820 1862 151 41 falsam,
930 1862 165 41 ostensum
1053 1862 96 41 est
1108 1862 110 41 enim
1163 1862 165 41 voluntatem

754 1897 87 50 non
803 1897 112 50 posse
878 1897 112 50 exire
952 1897 75 50 in
990 1897 124 50 alique
1077 1897 99 50 actu
1139 1897 174 50 meritorium
1263 1897 62 50 si-

754 1935 75 44 ne
792 1935 126 44 habitu
880 1935 214 44 supernaturali
1056 1935 138 44 creato,
1157 1935 101 44 siue
1220 1935 88 44 sit
1258 1935 75 44 habi

751 1967 85 57 tus
799 1967 219 57 supernaturalis
982 1967 134 57 creati,
1079 1967 97 57 siue
1140 1967 85 57 sit
1188 1967 134 57 habitus
1273 1967 61 57 cha

749 2003 158 42 ritatis,
867 2003 105 42 siue
933 2003 158 42 gratiae,
1052 2003 66 42 &
1078 2003 224 42 quantuncunque
1250 2003 79 42 Spi-

755 2038 113 40 ritus
831 2038 138 40 Sanctus
931 2038 88 40 sit
981 2038 150 40 charitas
1093 2038 88 40 per
1143 2038 175 40 essentiam,
1268 2038 63 40 hoc

759 2080 112 37 tamen
833 2080 87 37 non
883 2080 162 37 sufficit,
1008 2080 100 37 quia
1071 2080 87 37 non
1121 2080 125 37 potest
1208 2080 100 37 esse
1258 2080 75 37 for-

754 2106 126 64 male
833 2106 220 64 principium
1006 2106 189 64 nostrum,
1147 2106 110 64 quo
1195 2106 142 64 indige

721 2147 125 46 mus
