1500 2359
96 171 122 47 riam,
178 171 68 47 &
205 171 149 47 formam,
313 171 108 47 quia
380 171 95 47 non
435 171 95 47 est
489 171 108 47 dare
556 171 108 47 tale
610 171 68 47 me-

111 219 110 41 dium,
184 219 73 41 vt
221 219 122 41 dictum
306 219 110 41 fuit.
380 219 183 41 Relinquitur
526 219 110 41 ergo,
587 219 86 41 quoam

110 250 99 38 tale
172 250 99 38 esse
233 250 173 38 specificum
370 250 87 38 sit
419 250 124 38 quidam
506 250 149 38 effectus
605 250 74 38 for-

105 284 115 38 malis
182 284 128 38 formae
272 284 192 38 intrinsecae
425 284 218 38 diuersificans
591 284 90 38 ipsam

110 319 173 46 materiam,
243 319 107 46 quod
310 319 80 46 si
350 319 93 46 hoc
403 319 93 46 non
456 319 120 46 erit,
536 319 120 46 nullo
603 319 80 46 modo

108 354 153 46 apparet
220 354 153 46 quomodo
331 354 153 46 materia
443 354 167 46 varietur
568 354 84 46 in
596 354 84 46 esse

114 384 159 54 specifico
236 384 86 54 per
285 384 110 54 ipsas
346 384 110 54 formas.

141 424 144 43 Tertio
241 424 216 43 sequeretur,
414 424 115 43 quod
486 424 130 43 forma
573 424 101 43 non
616 424 72 43 ma-

109 456 91 43 gis
161 456 182 43 perficeret
304 456 169 43 materiam,
435 456 104 43 quam
487 456 195 43 intelligentia

115 492 142 43 Caelum,
218 492 103 43 quod
283 492 129 43 nullus
373 492 155 43 diceret,
489 492 155 43 siquidem
593 492 90 43 intel

119 526 144 39 ligentia
227 526 84 39 sic
275 526 144 39 perficit
383 526 132 39 Caelum,
478 526 96 39 quod
538 526 84 39 dat
586 526 96 39 sibi
634 526 48 39 so

114 559 93 42 lum
167 559 120 42 actum
247 559 173 42 secundum,
379 559 93 42 qui
433 559 93 42 est
486 559 133 42 motus,
579 559 93 42 vel
619 559 66 42 ope

107 594 134 41 ratio,
200 594 121 41 forma
281 594 107 41 vero
348 594 161 41 materiam
468 594 161 41 perficit
589 594 107 41 dans
642 594 54 41 ei

109 623 138 51 actum
200 623 168 51 primum,
323 623 76 51 &
353 623 184 51 secundum
491 623 76 51 :
506 623 184 51 Consequen-

118 663 101 45 tiam
182 663 127 45 probo,
270 663 89 45 nam
321 663 165 45 quaeratur
447 663 101 45 quid
511 663 89 45 sit
561 663 114 45 actus
625 663 63 45 pri

118 701 107 38 mus,
184 701 107 38 quem
251 701 93 38 dat
304 701 120 38 forma
384 701 173 38 materiae,
518 701 107 38 quia
584 701 93 38 vel
624 701 67 38 est

114 731 124 44 quidam
201 731 149 44 effectus
313 731 149 44 formalis
425 731 137 44 formae,
524 731 87 44 vel
574 731 87 44 est
611 731 75 44 ipse

116 770 87 42 met
165 770 112 42 actus
240 770 211 42 substantialis
414 770 137 42 formae,
513 770 75 42 si
550 770 112 42 detur
612 770 75 42 pri-

119 801 93 39 mum
172 801 146 39 habetur
278 801 185 39 propositum
423 801 199 39 principale:
582 801 79 39 si
609 801 79 39 vero

117 836 121 35 detur
197 836 161 35 secundum
318 836 148 35 dicetur
426 836 148 35 statim,
534 836 108 35 quod
601 836 121 35 sicut

117 868 117 41 forma
195 868 91 41 dat
247 868 143 41 seipsam
350 868 168 41 materiae,
480 868 117 41 idest
558 868 104 41 suum
609 868 91 41 actum

117 908 238 38 substantialem,
315 908 92 38 qui
368 908 92 38 est
421 908 119 38 idem,
500 908 106 38 quod
566 908 119 38 ipsa;
632 908 66 38 ita

121 943 119 40 etiam
200 943 224 40 intelligentia
385 943 92 40 dat
437 943 145 40 seipsam
543 943 119 40 Celo,
622 943 66 40 &
635 943 66 40 per

121 973 181 43 consequens
263 973 116 43 actum
341 973 233 43 substantialem,
535 973 91 43 qui
587 973 91 43 est
625 973 65 43 ip-

117 1005 93 46 sa:
170 1005 80 46 si
210 1005 106 46 ergo
276 1005 80 46 ex
316 1005 93 46 hoc
369 1005 106 46 solo
435 1005 106 46 quod
501 1005 119 46 forma
581 1005 93 46 dat
620 1005 80 46 suum

119 1041 123 40 actum
201 1041 233 40 substantialem
393 1041 164 40 materiae
516 1041 151 40 dicitur
612 1041 82 40 sibi

123 1078 101 38 dare
187 1078 114 38 actum
262 1078 139 38 primum,
364 1078 89 38 qui
414 1078 89 38 est
465 1078 114 38 esse;
541 1078 101 38 pari
591 1078 114 38 ratione

122 1113 241 42 intelligentia
320 1113 127 42 dando
405 1113 113 42 Celo
476 1113 170 42 seipsam,
603 1113 71 42 &
617 1113 85 42 suum

120 1144 128 39 actum
205 1144 242 39 substantialem
405 1144 157 39 dicetur
519 1144 114 39 sibi
590 1144 114 39 dare
647 1144 57 39 a-

128 1180 105 45 ctum
193 1180 144 45 primum,
298 1180 92 45 qui
350 1180 92 45 est
403 1180 118 45 esse:
481 1180 65 45 &
508 1180 92 45 per
547 1180 157 45 consequens

120 1218 97 38 non
176 1218 125 38 magis
259 1218 180 38 perficiet
397 1218 125 38 forma
480 1218 180 38 materiam,
619 1218 111 38 quam

130 1250 219 50 intelligentia
297 1250 116 50 coelum.

160 1284 139 39 Quarto
258 1284 209 39 sequeretur,
425 1284 111 39 quod
494 1284 125 39 actus
564 1284 139 39 secundus

132 1319 84 45 qui
180 1319 84 45 est
228 1319 145 45 operati,
337 1319 109 45 esset
409 1319 121 45 solius
494 1319 133 45 formae:
590 1319 84 45 ita
627 1319 72 45 quod

127 1352 125 45 nullo
211 1352 111 45 modo
280 1352 251 45 communicaretur
489 1352 181 45 materiae,
628 1352 111 45 quod

132 1389 96 43 est
187 1389 152 43 falsum;
298 1389 96 43 Tum
353 1389 110 43 quia
422 1389 207 43 operationes
587 1389 110 43 sunt
642 1389 69 43 to-

132 1421 104 40 tius
197 1421 182 40 coniuncti,
340 1421 78 40 vt
379 1421 78 40 in
418 1421 117 40 primo
496 1421 78 40 de
535 1421 117 40 Anima
613 1421 117 40 dici

134 1455 120 51 tur;
209 1455 105 51 Tum
269 1455 135 51 etiam
358 1455 120 51 quia
433 1455 164 51 sanamur
553 1455 105 51 non
597 1455 105 51 solum

129 1491 179 38 sanitate,
267 1491 96 38 sed
322 1491 165 38 corpore,
445 1491 69 38 &
473 1491 137 38 scimus
569 1491 96 38 non
610 1491 96 38 solum

135 1524 153 46 scientia,
253 1524 83 46 sed
300 1524 106 46 etiam
371 1524 118 46 anima,
454 1524 71 46 vt
489 1524 106 46 patet
560 1524 71 46 ex
595 1524 71 46 2.
630 1524 71 46 de
654 1524 59 46 ani

133 1563 97 37 ma:
188 1563 235 37 Consequentiam
382 1563 138 37 probo,
478 1563 110 37 quia
547 1563 124 37 actus
616 1563 97 37 secu-

134 1592 94 42 dus
187 1592 215 42 praesupponit
362 1592 121 42 actum
443 1592 148 42 primum,
551 1592 67 42 &
577 1592 108 42 ideo
631 1592 81 42 nisi

132 1627 144 41 materia
237 1627 157 41 acquirat
354 1627 65 41 a
381 1627 118 41 forma
459 1627 118 41 actum
538 1627 144 41 primum,
629 1627 79 41 quam

137 1661 90 43 est
189 1661 116 43 esse,
266 1661 64 43 &
292 1661 154 43 effectus
407 1661 154 43 formalis
523 1661 142 43 formae,
613 1661 103 43 nunqua

134 1698 207 40 concurreret
300 1698 124 40 simul
382 1698 96 40 cum
437 1698 124 40 forma
520 1698 83 40 ad
548 1698 165 40 principian

133 1731 97 44 dum
189 1731 125 44 actum
272 1731 180 44 secundum,
410 1731 97 44 qui
466 1731 97 44 est
507 1731 139 44 operari.

171 1769 83 39 Nec
219 1769 119 39 obstat
302 1769 71 39 si
338 1769 143 39 dicatur:
445 1769 95 39 quod
504 1769 202 39 Intelligentia
659 1769 59 39 dat

141 1806 102 38 celo
205 1806 115 38 actum
282 1806 166 38 secundum,
409 1806 89 38 qui
460 1806 89 38 est
511 1806 128 38 motus,
600 1806 89 38 vel
639 1806 77 38 ope-

139 1834 131 43 ratio;
231 1834 65 43 &
257 1834 92 43 non
309 1834 92 43 dat
361 1834 105 43 sibi
427 1834 118 43 actum
506 1834 144 43 primum,
610 1834 92 43 qui
650 1834 65 43 est

141 1879 127 31 esse:
226 1879 113 31 Quia
296 1879 127 31 celum
381 1879 99 31 non
438 1879 184 31 concurrit
579 1879 127 31 simul
649 1879 71 31 cum

138 1903 232 42 intelligentia.
331 1903 77 42 ad
370 1903 219 42 principiandum
550 1903 116 42 talem
615 1903 103 42 motum,

146 1941 87 40 sed
195 1941 112 40 solum
270 1941 75 40 se
308 1941 112 40 habet
383 1941 75 40 in
420 1941 137 40 ratione
520 1941 200 40 accipientis:
683 1941 62 40 &

139 1976 107 42 ideo
206 1976 94 42 cum
259 1976 161 42 dicitur,
380 1976 107 42 quod
447 1976 121 42 actus
527 1976 174 42 secundus,
648 1976 67 42 qui

142 2008 91 48 est
194 2008 168 48 operatio,
323 2008 155 48 supponit
440 2008 116 48 actum
517 2008 142 48 primum,
621 2008 91 48 qui
659 2008 65 48 est

149 2044 106 39 esse;
220 2044 189 39 intelligitur
374 2044 71 39 in
409 2044 201 39 principiante,
574 2044 59 39 &
598 2044 83 39 non
645 2044 71 39 in
669 2044 47 39 re

145 2078 169 36 cipiente:
275 2078 117 36 lllud
353 2078 117 36 enii,
431 2078 104 36 quod
496 2078 182 36 principiat
626 2078 91 36 actum

148 2109 169 55 secundum,
278 2109 91 55 qui
330 2109 91 55 est
382 2109 156 55 operari,
500 2109 182 55 necessario
630 2109 91 55 habet

700 171 136 56 primum
795 171 136 56 actum,
890 171 95 56 qui
945 171 95 56 est
999 171 122 56 esse:
1080 171 190 56 Quapropter
1216 171 54 56 si

699 225 143 35 materia
803 225 169 35 concurrit
933 225 117 35 simul
1011 225 91 35 cum
1063 225 117 35 forma
1141 225 78 35 vt
1167 225 104 35 distin

703 254 114 35 ctum
774 254 200 35 principium
932 254 86 35 ad
975 254 243 35 principiandum
1175 254 129 35 actum

706 287 171 39 secundum,
838 287 184 39 necessario
982 287 145 39 habebit
1088 287 119 39 actum
1154 287 119 39 primum,

703 325 83 40 qui
751 325 83 40 est
798 325 95 40 esse
858 325 167 40 distinctum
989 325 71 40 ab
1025 325 95 40 ipsa
1084 325 119 40 forma,
1168 325 107 40 talis
1227 325 48 40 au

699 357 89 36 tem
750 357 115 36 actus
827 357 128 36 primus
916 357 166 36 materiae,
1044 357 89 36 qui
1095 357 89 36 est
1146 357 115 36 esse,
1210 357 64 36 non

709 393 122 42 potest
794 393 97 42 poni
855 393 73 42 in
891 393 134 42 materia
989 393 170 42 distinctus
1123 393 73 42 ab
1159 393 97 42 actu
1208 393 61 42 pri

699 427 94 41 mo,
752 427 94 41 qui
806 427 94 41 est
859 427 134 41 forma,
953 427 107 41 nisi
1020 427 147 41 ponatur
1127 427 107 41 quod
1180 427 94 41 actus

710 460 133 45 primus,
807 460 85 45 qui
855 460 85 45 est
904 460 109 45 esse,
977 460 85 45 sit
1025 460 146 45 effectus
1134 460 146 45 formalis
1231 460 49 45 a-

702 495 99 43 ctus
763 495 123 43 primi,
850 495 86 43 qui
899 495 86 43 est
948 495 123 43 forma,
1034 495 99 43 ergo
1096 495 173 43 necessario
1219 495 62 43 est

699 526 163 47 productus.

741 559 85 45 Ex
783 559 142 45 quibus
883 559 156 45 omnibus
997 559 199 45 colligitur
1139 559 142 45 fundamen

704 594 97 42 tum
759 594 179 42 opinionis
897 594 166 42 Doctoris
1022 594 138 42 nostri
1118 594 124 42 nedum
1187 594 97 42 proba

711 627 111 47 bile,
785 627 86 47 sed
834 627 111 47 etiam
908 627 185 47 necessarium
1057 627 111 47 esse;
1131 627 62 47 &
1155 627 86 47 per
1193 627 86 47 conse

708 667 131 44 quens
796 667 131 44 modum
883 667 175 44 augmenti
1014 667 87 44 in
1058 667 204 44 charitate,
1218 667 73 44 &
1233 667 58 44 in

709 699 154 44 qualibet
825 699 103 44 alia
889 699 116 44 forma
966 699 218 44 rationabilius
1146 699 116 44 poni,
1210 699 77 44 quam

708 731 184 43 quacunque
849 731 113 43 alia
906 731 155 43 opinione.

747 770 149 39 Contra
851 770 149 39 tantum
955 770 134 39 istud
1044 770 223 39 fundamentum
1208 770 74 39 ar-

718 804 125 42 guitur
805 804 62 42 a
830 804 162 42 diuersis:
954 804 137 42 Arguunt
1054 804 100 42 enim
1116 804 137 42 quidam,
1203 804 75 42 quod

721 831 122 50 ponere
806 831 122 50 dictos
892 831 110 50 modos
965 831 86 50 sit
1014 831 122 50 quedam
1100 831 122 50 fictio
1173 831 110 50 pptria-

746 870 122 44 Primo,
831 870 98 44 quia
893 870 86 44 vel
941 870 98 44 sunt
1003 870 122 44 nihil,
1088 870 86 44 vel
1137 870 147 44 aliquid;
1235 870 49 44 si

715 905 126 43 nihil,
804 905 76 43 de
842 905 88 43 eis
892 905 88 43 non
943 905 88 43 est
993 905 177 43 loquendum,
1132 905 76 43 si
1157 905 114 43 aliquid

718 937 95 48 ergo
778 937 131 48 aliquae
873 937 95 48 res,
933 937 95 48 quia
993 937 95 48 quod
1052 937 107 48 nulla
1124 937 84 48 res
1172 937 84 48 est
1207 937 84 48 omni-

722 972 72 46 no
758 972 107 46 nihil
829 972 95 46 est,
889 972 72 46 si
925 972 107 46 autem
997 972 119 46 aliqua
1080 972 84 46 res
1128 972 107 46 sunt,
1188 972 107 46 necessa

710 1008 92 40 rio
762 1008 223 40 distinguuntur
946 1008 66 40 a
973 1008 145 40 materia
1078 1008 171 40 realiter,
1196 1008 105 40 cuius.

714 1042 198 46 contrarium
870 1042 128 46 ponit
941 1042 128 46 opinio.

744 1077 169 39 Secundo,
871 1077 113 39 quia
941 1077 85 39 ad
984 1077 197 39 positionem
1139 1077 155 39 istorum
1238 1077 56 39 mo

723 1113 117 41 dorum
801 1113 169 41 sequitur,
931 1113 104 41 quod
996 1113 91 41 sit
1048 1113 130 41 aliqua
1126 1113 169 41 differentia

726 1149 114 42 media
802 1149 114 42 inter
878 1149 202 42 differentiam
1042 1149 139 42 realem,
1143 1149 63 42 &
1156 1149 139 42 rationis;

721 1181 89 42 nam
772 1181 191 42 differentia
925 1181 102 42 modi
989 1181 153 42 materiae
1103 1181 64 42 a
1129 1181 140 42 materia
1230 1181 89 42 non

729 1216 82 45 est
776 1216 93 45 oino
834 1216 128 45 realis,
928 1216 82 45 cum
974 1216 82 45 non
1021 1216 93 45 sint
1079 1216 82 45 ibi
1126 1216 140 45 diuersae
1231 1216 93 45 res,

725 1248 63 38 &
751 1248 88 38 est
801 1248 126 38 aliquo
890 1248 101 38 modo
953 1248 139 38 realis,
1054 1248 101 38 quia
1117 1248 114 38 facit
1180 1248 114 38 differ-

717 1289 90 33 re
762 1289 180 33 materiam
897 1289 180 33 realiter
1031 1289 75 33 a
1061 1289 165 33 seipsa,
1181 1289 90 33 vt
1211 1289 90 33 con-

724 1316 145 45 cedit
820 1316 161 45 Doctor
933 1316 161 45 ponens
1046 1316 225 45 opinionem:
1206 1316 97 45 erit

725 1352 102 42 ergo
789 1352 152 42 praefata
903 1352 191 42 differentia
1056 1352 114 42 media
1132 1352 114 42 inter
1195 1352 102 42 diffe-

729 1387 161 38 rentiam
847 1387 147 38 omnino
949 1387 161 38 realem,
1066 1387 73 38 &
1096 1387 235 38 differentiam

722 1421 187 36 rationis;
865 1421 115 36 quod
937 1421 129 36 tamen
1023 1421 158 36 videtur
1124 1421 172 36 impossibi-

729 1454 86 41 le;
778 1454 86 41 nam
827 1454 110 41 sicut
900 1454 110 41 inter
974 1454 86 41 ens
1022 1454 122 41 reale,
1108 1454 61 41 &
1133 1454 147 41 rationis
1243 1454 86 41 non

727 1495 89 36 est
778 1495 102 36 dare
842 1495 127 36 medium
931 1495 102 36 ens;
995 1495 89 36 ita
1045 1495 115 36 inter
1122 1495 204 36 differentiam

729 1525 140 41 realem,
831 1525 64 41 &
857 1525 204 41 differentiam
1023 1525 153 41 rationis
1137 1525 89 41 non
1188 1525 89 41 est
1227 1525 77 41 dare

724 1555 144 47 mediam
810 1555 216 47 differentiam.

764 1591 155 41 Tertio,
877 1591 113 41 quia
947 1591 127 41 talis
1031 1591 127 41 modus
1116 1591 99 41 non
1158 1591 141 41 sequitur

730 1628 159 47 materiam
849 1628 106 47 nisi
916 1628 159 47 mediante
1035 1628 133 47 forma,
1128 1628 93 47 cum
1181 1628 93 47 sit
1221 1628 80 47 cau-

736 1661 112 43 satus
810 1661 75 43 ab
848 1661 87 43 ea,
898 1661 62 43 &
923 1661 100 43 quia
985 1661 112 43 forma
1060 1661 87 43 non
1110 1661 87 43 est
1159 1661 112 43 idem,
1234 1661 100 43 quod

734 1699 145 38 materia,
843 1699 85 38 sed
891 1699 194 38 distinguitur
1049 1699 73 38 ab
1085 1699 73 38 ea
1121 1699 157 38 realiter,
1230 1699 73 38 mul-

732 1732 76 37 to
770 1732 115 37 magis
847 1732 165 37 praefatus
974 1732 115 37 modus
1050 1732 89 37 non
1101 1732 102 37 erit
1165 1732 115 37 idem,
1229 1732 76 37 quod

733 1765 153 40 materia,
848 1765 89 40 sed
899 1765 204 40 distinguetur
1065 1765 153 40 realiter
1180 1765 77 40 ab
1206 1765 51 40 ea

774 1800 158 43 Vlterius
893 1800 145 43 arguunt
998 1800 119 43 alij,
1078 1800 106 43 quod
1144 1800 119 43 forma
1210 1800 92 43 nullo

729 1836 122 40 modo
805 1836 137 40 habet
896 1836 137 40 talem
988 1836 183 40 effectum
1125 1836 183 40 formalem
1247 1836 61 40 in

736 1874 97 36 mam;
796 1874 121 36 pptria
881 1874 121 36 primo,
965 1874 97 36 quia
1026 1874 97 36 pari
1086 1874 133 36 ratione
1182 1874 84 36 mam
1219 1874 84 36 heret

742 1904 156 42 effectus
859 1904 130 42 males,
950 1904 78 42 vt
989 1904 117 42 forma
1067 1904 78 42 na
1106 1904 117 42 sicut
1184 1904 117 42 forma
1249 1904 65 42 est

739 1941 112 42 causa
813 1941 149 42 formalis
925 1941 149 42 respectu
1037 1941 162 42 materiae,
1162 1941 87 42 ita
1199 1941 112 42 materia

743 1971 100 45 est
800 1971 129 45 causa
886 1971 201 45 materialis
1044 1971 172 45 respectu
1159 1971 129 45 formae.

771 2004 156 44 Secundo
884 2004 198 44 sequeretur
1040 2004 113 44 quod
1111 2004 127 44 forma
1196 2004 99 44 non
1238 2004 71 44 es-

739 2040 95 37 set
794 2040 122 37 causa
875 2040 204 37 intrinseca,
1038 2040 95 37 nam
1093 2040 177 37 (secundum
1215 2040 95 37 istam

739 2073 121 45 viam)
819 2073 121 45 nullo
900 2073 108 45 modo
968 2073 94 45 sua
1022 2073 189 45 causalitas
1170 2073 94 45 non
1210 2073 108 45 consi-

738 2108 129 54 steret
828 2108 77 54 in
867 2108 206 54 constituendo
1034 2108 193 54 compositum,
1188 2108 116 54 cuius
1253 2108 64 54 con
