1500 2307
145 156 365 65 ARTICVLVS
398 156 281 65 DECIMVS.

169 211 111 46 Vtrum
243 211 148 46 charitas
354 211 124 46 possit
441 211 124 46 augeri
527 211 74 46 in
552 211 148 46 infinitum.

228 383 68 36 D
256 383 122 36 istud
337 383 190 36 respondent
486 383 136 36 quidam
581 383 108 36 quod
635 383 68 36 sic

150 393 92 64 Ad
196 393 138 64 cuius
288 393 230 64 probationem
472 393 169 64 vtuntur
595 393 123 64 tali
657 393 61 64 di

150 453 135 38 scursu:
248 453 111 38 omnis
322 453 123 38 forma,
408 453 98 38 quae
469 453 111 38 habet
543 453 123 38 statu,
629 453 61 38 &
641 453 74 38 ter-

147 487 121 43 minum
227 487 81 43 in
268 487 175 43 augmento,
402 487 94 43 hoc
456 487 121 43 habet
536 487 134 43 altero
617 487 94 43 trium

149 516 151 47 modorum,
262 516 88 47 val
313 516 138 47 ratione
413 516 100 47 sui,
476 516 88 47 vel
526 516 138 47 ratione
614 516 88 47 agen-

155 551 99 37 tis,
216 551 87 37 vel
266 551 136 37 ratione
365 551 161 37 subiecti,
488 551 87 37 sed
538 551 111 37 nullo
600 551 111 37 istorum

147 583 157 52 modorum
261 583 171 52 charitas
389 583 128 52 habet
475 583 157 52 statum;
589 583 114 52 ergo
646 583 71 52 &c.

147 618 153 43 Maiorem
258 618 153 43 probant
369 618 97 43 per
425 618 222 43 inductionem,
606 618 111 43 quia
661 618 56 43 vi

150 654 121 35 demus
230 654 175 35 aliquando
365 654 108 35 quod
432 654 121 35 forma
513 654 108 35 ideo
580 654 121 35 habet
648 654 67 35 sta

154 689 110 39 tum,
223 689 69 39 &
250 689 178 39 terminum,
387 689 110 39 quia
456 689 82 39 in
497 689 82 39 ea
538 689 96 39 est
579 689 137 39 deuenire

154 720 78 39 ad
193 720 142 39 aliquem
297 720 142 39 gradum,
400 720 117 39 vltra
478 720 104 39 quem
543 720 78 39 si
581 720 104 39 fiat
633 720 78 39 pro-

155 755 113 40 cessus
234 755 135 40 transeat
335 755 68 40 in
369 755 101 40 aliam
436 755 135 40 speciem,
537 755 101 40 sicut
605 755 101 40 patet
661 755 45 40 de

155 788 118 39 colore
238 788 141 39 pallido,
344 788 106 39 cuius
414 788 118 39 natura
497 788 153 39 consistit
615 788 71 39 in
638 788 71 39 ali-

158 822 88 47 quo
209 822 126 47 gradu,
297 822 113 47 vltra
373 822 101 47 quem
436 822 252 47 sitransgrediatur
637 822 76 47 tram

149 852 148 40 sibitur
256 852 81 40 ad
297 852 189 40 albedinem:
445 852 175 40 Aliquando
580 852 108 40 vero
634 852 81 40 for-

151 887 76 40 ma
189 887 102 40 ideo
253 887 114 40 habet
329 887 127 40 statu,
418 887 89 40 vel
469 887 165 40 terminum,
596 887 102 40 quia
647 887 76 40 ages

156 926 80 38 est
201 926 126 38 finitae
293 926 149 38 virtutis,
408 926 80 38 ita
453 926 69 38 vt
488 926 80 38 non
534 926 115 38 possit
602 926 115 38 introdu-

153 960 101 42 cere
217 960 139 42 formam,
318 960 101 42 nisi
381 960 114 42 vsque
457 960 76 42 ad
495 960 139 42 aliquem
596 960 127 42 gradum
672 960 51 42 de

156 989 188 39 terminatum,
307 989 88 39 qui
357 989 150 39 adaequat
470 989 150 39 virtutem
570 989 125 39 agentis.

181 1025 133 36 Tertio
274 1025 106 36 modo
340 1025 120 36 forma
420 1025 133 36 potest
513 1025 133 36 habere
593 1025 120 36 statum,

151 1054 103 41 quia
216 1054 181 41 suscipiens
358 1054 116 41 habet
435 1054 181 41 capacitate
564 1054 155 41 terminatam

157 1093 195 38 extendentem
313 1093 78 38 se
352 1093 117 38 vsque
430 1093 78 38 ad
469 1093 143 38 aliquem
573 1093 130 38 gradum
651 1093 65 38 ter

149 1124 163 38 minatum
268 1124 134 38 ipsam
357 1124 237 38 adaequantem:
535 1124 178 38 Quapropter

161 1157 82 42 non
208 1157 118 42 posset
291 1157 106 42 fieri
362 1157 153 42 processus
479 1157 106 42 vltra
550 1157 106 42 illum
609 1157 106 42 gradum,

154 1198 98 34 nisi
215 1198 159 34 augeretur
337 1198 98 34 eius
398 1198 171 34 capacitas:
532 1198 85 34 his
581 1198 122 34 tribus
654 1198 61 34 mo-

158 1227 86 34 dis
207 1227 111 34 forma
281 1227 123 34 aliqua
367 1227 123 34 potest
453 1227 123 34 habere
539 1227 123 34 statum
625 1227 74 34 in
650 1227 61 34 suo

161 1256 164 37 augmento,
288 1256 63 37 &
313 1256 89 37 sic
364 1256 114 37 patet
440 1256 127 37 maior.
528 1256 139 37 Probant
629 1256 114 37 etiam

163 1294 153 43 Minorem
275 1294 181 43 dicentes,
414 1294 112 43 quod
484 1294 167 43 charitas
609 1294 98 43 non
651 1294 70 43 pot

157 1328 131 34 habere
248 1328 131 34 statum
340 1328 118 34 primo
418 1328 105 34 modo
484 1328 144 34 ratione
588 1328 105 34 sui,
641 1328 78 34 quia

162 1357 88 42 cum
213 1357 88 42 sit
263 1357 139 42 quaedam
364 1357 202 42 participatio
528 1357 176 42 charitatis
654 1357 63 42 in-

170 1390 135 44 creatae,
271 1390 56 44 &
293 1390 157 44 infinitae,
416 1390 90 44 quae
472 1390 78 44 est
517 1390 135 44 Spiritus
618 1390 123 44 Sactus,

157 1429 90 35 non
208 1429 179 35 determinat
349 1429 102 35 sibi
413 1429 141 35 aliquem
515 1429 141 35 gradum;
618 1429 90 35 nec
656 1429 51 35 ha

163 1459 86 43 bet
212 1459 123 43 statum
298 1459 136 43 ratione
397 1459 148 43 agentis,
508 1459 99 43 quia
569 1459 111 43 agens
631 1459 86 43 infun

163 1497 98 38 dens
224 1497 172 38 charitatem
359 1497 86 38 est
408 1497 110 38 solus
482 1497 110 38 Deus,
555 1497 86 38 qui
605 1497 86 38 est
641 1497 74 38 vir-

163 1527 106 40 tutis
234 1527 164 40 infinitae,
363 1527 82 40 nec
410 1527 106 40 etiam
480 1527 129 40 ratione
562 1527 153 40 capacitatis

157 1563 216 40 suscipientis,
335 1563 102 40 quia
399 1563 127 40 semper
488 1563 76 40 ad
526 1563 165 40 augmentum
641 1563 76 40 cha-

161 1591 131 42 ritatis
256 1591 131 42 augetur
351 1591 154 42 capacitas
470 1591 119 42 animae
541 1591 178 42 suscipientis;

161 1632 88 35 nam
212 1632 126 35 quanto
300 1632 101 35 plus
363 1632 138 35 recipit
463 1632 75 35 de
501 1632 176 35 charitate,
627 1632 88 35 tanto

157 1662 162 41 redditur
278 1662 175 41 humilior,
413 1662 67 41 &
440 1662 162 41 capacior
561 1662 81 41 ad
588 1662 135 41 vlterius

168 1697 220 46 recipiendum,
347 1697 69 46 &
374 1697 96 46 sic
429 1697 192 46 concludunt
581 1697 96 46 non
622 1697 96 46 posse

165 1729 98 49 dari
226 1729 123 49 statum
312 1729 74 49 in
349 1729 147 49 augmento
459 1729 184 49 charitatis,
607 1729 86 49 sed
643 1729 74 49 auge

166 1761 76 44 ri
204 1761 76 44 in
229 1761 139 44 infinitum

204 1790 105 44 lsta
270 1790 132 44 opinio
362 1790 184 44 communiter
506 1790 92 44 non
559 1790 158 44 tenetur,
678 1790 66 44 &

165 1827 237 41 rationabiliter;
364 1827 87 41 Tum
414 1827 100 41 quia
476 1827 137 41 deficit
576 1827 75 41 in
613 1827 87 41 sua
650 1827 75 41 con-

161 1867 175 35 clusione;
295 1867 94 35 Tum
349 1867 121 35 etiam
430 1867 81 35 in
470 1867 94 35 suo
524 1867 202 35 fundamento,
672 1867 40 35 &

166 1898 101 43 quod
230 1898 152 43 deficiat
343 1898 76 43 in
381 1898 89 43 sua
432 1898 190 43 conclusione
584 1898 139 43 ostendo
672 1898 51 43 du

174 1926 119 49 cendo
253 1926 79 49 ad
292 1926 92 49 sex
332 1926 211 49 inconuenientia

249 1959 91 46 Quia
305 1959 68 46 si
339 1959 136 46 charitas
441 1959 113 46 posset
521 1959 113 46 augeri
600 1959 68 46 in
623 1959 102 46 infini-

169 1993 107 41 tum,
236 1993 188 41 sequeretur
383 1993 107 41 quod
451 1993 107 41 ipsa
518 1993 175 41 excederet
638 1993 81 41 suum

162 2029 180 46 subiectum
301 2029 111 46 puta
370 2029 153 46 nostram
481 2029 208 46 voluntatem,
634 2029 83 46 quam

163 2066 88 42 est
214 2066 138 42 finita,
314 2066 100 42 quod
377 2066 88 42 est
427 2066 138 42 falsum:
527 2066 100 42 quia
577 2066 151 42 tolleretur

724 173 160 57 proportio
847 173 86 57 ois
896 173 111 57 inter
970 173 172 57 subiectum,
1106 173 62 57 &
1118 173 160 57 charitatem.

744 219 72 40 2
772 219 216 40 Sequeretur,
946 219 115 40 quod
1018 219 188 40 augmentum
1148 219 144 40 charita-

722 254 90 38 tis
774 254 116 38 esset
851 254 205 38 impossibile,
1017 254 64 38 &
1043 254 90 38 per
1094 254 180 38 consequens
1223 254 64 38 no-

724 284 97 41 stra
785 284 146 41 voluntas
894 284 85 41 non
943 284 109 41 esset
1016 284 73 41 in
1052 284 146 41 potentia
1161 284 73 41 ad
1186 284 97 41 ipsam,

729 323 104 38 quod
794 323 91 38 est
846 323 143 38 falsum:
950 323 221 38 Consequentiam
1133 323 130 38 probo,
1211 323 78 38 quia

722 352 121 33 illud
802 352 174 33 augmentum
936 352 94 33 est
990 352 215 33 impossibile,
1164 352 107 33 quod
1218 352 67 33 non

729 385 129 47 potest
819 385 168 47 peruenire
948 385 77 47 ad
987 385 103 47 suum
1052 385 142 47 vltimum
1142 385 142 47 terminum,

721 416 88 49 sed
772 416 126 49 posito
860 416 101 49 quod
924 416 152 49 charitas
1037 416 152 49 augeatur
1151 416 76 49 in
1176 416 114 49 infini-

722 452 111 40 tum,
792 452 111 40 eius
861 452 181 40 augmentum
1001 452 97 40 non
1056 452 139 40 potest
1140 452 139 40 perueni-

722 489 89 41 re
767 489 89 41 ad
811 489 119 41 suum
886 489 164 41 vltimum
1005 489 194 41 terminum,
1154 489 119 41 ergo
1213 489 60 41 &c

749 521 66 36 3
775 521 186 36 Sequeretur
921 521 106 36 quod
988 521 159 36 charitas
1107 521 146 36 Christi
1214 521 93 36 non

726 553 137 37 fuisset
825 553 75 37 in
862 553 87 37 suo
912 553 137 37 vltimo,
1012 553 62 37 &
1036 553 162 37 potissimo
1161 553 124 37 gradu,
1248 553 62 37 &

730 588 87 43 per
779 588 175 43 consequens
917 588 112 43 adhuc
991 588 162 43 potuisset
1116 588 137 43 augeri;
1203 588 75 43 quod

729 623 87 40 est
778 623 124 40 contra
865 623 74 40 P.
902 623 137 40 August.
1002 623 124 40 quinto
1088 623 74 40 de
1126 623 137 40 Trinit.
1213 623 74 40 cap.

729 649 97 46 E8.
784 649 69 46 &
812 649 124 46 etiam
895 649 138 46 contra
991 649 179 46 Magistrum
1129 649 83 46 3.
1157 649 124 46 sentent

720 684 156 44 distinct.
828 684 60 44 18.

759 718 65 45 4
785 718 183 45 Sequeretur
929 718 104 45 quod
994 718 157 45 charitas
1111 718 131 45 nostra
1190 718 91 45 crea-

718 754 75 50 ta
755 754 112 50 esset
829 754 137 50 eiusdem
929 754 149 50 rationis
1041 754 87 50 cum
1091 754 162 50 charitate
1202 754 75 50 diui

723 788 93 43 na,
776 788 67 43 &
803 788 173 43 increata,
936 788 107 43 quod
1002 788 93 43 est
1056 788 160 43 absurdum
1175 788 67 43 :
1189 788 93 43 Conse

723 823 160 45 quentiam
843 823 133 45 probo,
936 823 107 45 quia
1002 823 80 45 eo
1042 823 120 45 ipso,
1122 823 107 45 quod
1175 823 107 45 potest

723 860 128 33 augeri
813 860 77 33 in
851 860 167 33 infinitum
979 860 103 33 sibi
1044 860 90 33 non
1095 860 154 33 repugnat
1197 860 90 33 aequa

726 887 71 49 ri
762 887 155 49 charitati
881 887 131 49 diuine,
976 887 59 49 &
1000 887 166 49 increatae,
1130 887 59 49 &
1154 887 95 49 quia
1202 887 83 49 talis

731 922 167 46 aequalitas
862 922 83 46 non
910 922 107 46 cadit
981 922 95 46 nisi
1041 922 107 46 inter
1112 922 83 46 ea,
1160 922 95 46 quae
1208 922 71 46 sunt

728 956 141 36 eiusdem
831 956 166 36 rationis,
958 956 141 36 idcirco
1061 956 192 36 relinquitur
1201 956 77 36 quod

728 988 121 40 dictae
812 988 169 40 charitates
945 988 97 40 sint
1006 988 133 40 eiusdem
1090 988 133 40 rationis.

767 1019 61 47 3
791 1019 171 47 Sequeretur
925 1019 98 47 quod
986 1019 98 47 Deum
1047 1019 85 47 sic
1096 1019 183 47 diligeremus
1230 1019 61 47 per

730 1053 165 53 charitatem
860 1053 142 53 creatam,
966 1053 106 53 sicut
1037 1053 59 53 a
1060 1053 118 53 seipso
1131 1053 130 53 diligitur

729 1092 188 45 increatam,
876 1092 67 45 &
903 1092 108 45 tunc
970 1092 134 45 nostra
1065 1092 175 45 beatitudo
1185 1092 108 45 posset

731 1121 127 49 aequari
813 1121 70 49 eius

758 1159 70 46 G
786 1159 195 46 Sequeretur
939 1159 112 46 quod
1009 1159 126 46 nulla
1093 1159 126 46 esset
1162 1159 126 46 propor-

728 1191 92 42 tio
781 1191 119 42 inter
860 1191 185 42 scientiam,
1005 1191 92 42 qua
1058 1191 106 42 Deum
1110 1191 172 42 cognoscims,

728 1226 69 38 &
756 1226 208 38 charitatem,
922 1226 97 38 qua
977 1226 125 38 ipsum
1060 1226 194 38 diligimus,
1199 1226 83 38 quod

731 1259 80 39 est
776 1259 114 39 falsum
856 1259 91 39 quia
913 1259 114 39 saltem
992 1259 68 39 in
1026 1259 125 39 patria,
1117 1259 80 39 vbi
1163 1259 102 39 nulla
1220 1259 68 39 erit

735 1292 205 40 inordinatio,
901 1292 128 40 tantum
991 1292 179 40 diligemus,
1132 1292 141 40 quantum
1221 1292 64 40 co-

731 1330 178 39 gnoscemus:
871 1330 217 39 Consequentiam
1050 1330 127 39 probo,
1139 1330 102 39 quia
1190 1330 89 39 scien

732 1354 85 50 tia
780 1354 121 50 nostra
865 1354 73 50 de
901 1354 85 50 Deo
950 1354 85 50 non
998 1354 121 50 potest
1083 1354 121 50 augeri
1168 1354 73 50 in
1192 1354 97 50 infini

733 1389 94 48 tum
786 1389 94 48 cum
840 1389 134 48 tendat
934 1389 80 48 in
974 1389 107 48 Deum
1041 1389 94 48 sub
1094 1389 147 48 ratione
1188 1389 94 48 fini-

735 1424 90 43 ta,
787 1424 77 43 vt
825 1424 180 43 declaratum
967 1424 103 43 fuit
1031 1424 77 43 in
1069 1424 154 43 prologo;
1185 1424 129 43 nullam

733 1462 107 41 ergo
800 1462 147 41 habebit
907 1462 214 41 proportionem
1080 1462 80 41 ad
1107 1462 174 41 charitatem,

734 1493 99 49 quae
796 1493 136 49 ponitur
895 1493 112 49 posse
969 1493 124 49 augeri
1056 1493 74 49 in
1081 1493 136 49 infinitum

763 1523 102 47 Haec
827 1523 165 47 conclusio
954 1523 89 47 est
1005 1523 76 47 et
1043 1523 127 47 contra
1119 1523 165 47 intentionem

733 1555 76 45 P.
771 1555 139 45 August.
873 1555 76 45 in
910 1555 101 45 fine
974 1555 101 45 Ench
1037 1555 89 45 vbi
1088 1555 89 45 ait
1138 1555 152 45 minuitur
1239 1555 51 45 cu

740 1597 134 43 piditas
837 1597 158 43 charitate
959 1597 170 43 crescente,
1092 1597 109 43 donec
1165 1597 122 43 veniat
1238 1597 49 43 ad

738 1626 138 37 tantam
835 1626 235 37 magnitudinem,
1028 1626 97 37 qua
1083 1626 124 37 maior
1166 1626 110 37 esse
1221 1626 69 37 non

728 1660 101 38 possit

768 1687 109 45 Hanc
836 1687 136 45 eandem
931 1687 190 45 sententiam
1081 1687 149 45 videtur
1189 1687 109 45 ipse
1244 1687 54 45 in

736 1729 143 36 tendere
840 1729 117 36 primo
918 1729 182 36 Retractat.
1062 1729 91 36 c7.
1114 1729 91 36 vbi
1166 1729 104 36 ait,
1218 1729 78 36 quod

732 1766 124 37 autem
815 1766 110 37 dixi
884 1766 110 37 eum,
953 1766 110 37 quem
1021 1766 193 37 cognoscere
1159 1766 138 37 volumus,

736 1793 130 45 plena
822 1793 187 45 charitate
966 1793 202 45 diligamus.
1125 1793 101 45 Hoc
1168 1793 130 45 itaque-

731 1831 178 37 accipiatur
871 1831 140 37 tanquam
973 1831 115 37 plena
1050 1831 102 37 sit,
1114 1831 89 37 qua
1165 1831 115 37 maior
1228 1831 64 37 es-

742 1862 76 37 se
780 1862 89 37 non
831 1862 139 37 possit,
932 1862 139 37 quandiu
1033 1862 164 37 ambulamus
1160 1862 89 37 per
1198 1862 101 37 fidem,

736 1895 102 48 erit
800 1895 102 48 enim
864 1895 153 48 plenior,
978 1895 102 48 immo
1042 1895 191 48 plenissima,
1195 1895 89 48 sed
1233 1895 64 48 per

737 1928 139 44 speciem
838 1928 114 44 suple
914 1928 76 44 in
952 1928 126 44 patria
1040 1928 63 44 :
1066 1928 76 44 ex
1104 1928 114 44 istis
1179 1928 101 44 ergo
1230 1928 63 44 om-

735 1962 114 39 nibus
812 1962 153 39 apparet,
926 1962 102 39 quod
990 1962 114 39 dicta
1066 1962 127 39 opinio
1155 1962 140 39 deficit
1244 1962 51 39 in

736 1993 95 42 sua
776 1993 189 42 conclusione.

778 2027 137 43 Deficit
877 2027 137 43 insuper
977 2027 75 43 in
1015 2027 87 43 suo
1064 2027 175 43 fundamento
1202 2027 112 43 sicut

742 2052 182 59 dicebatur:
885 2052 78 59 si
924 2052 104 59 enim
989 2052 117 59 verum
1067 2052 130 59 esset,
1158 2052 91 59 non
1197 2052 91 59 solum
