1500 2328
196 156 136 58 valeret
295 156 87 58 pro
344 156 173 58 charitate,
480 156 87 58 sed
530 156 111 58 etiam
604 156 87 58 pro
641 156 124 58 quacumqu

197 208 127 36 forma,
286 208 102 36 quae
350 208 127 36 potest
439 208 140 36 augeri,
541 208 102 36 quod
605 208 127 36 patet,
682 208 76 36 quia

198 239 117 41 sicut
276 239 130 41 dicunt
368 239 78 41 de
407 239 170 41 charitate
537 239 78 41 ex
576 239 117 41 parte
655 239 91 41 sua
694 239 65 41 non

193 277 155 40 repugnat
309 277 103 40 sibi
373 277 129 40 augeri
464 277 77 40 in
502 277 180 40 infinitum:
644 277 103 40 quia
696 277 64 40 est

195 312 132 37 quaedam
291 312 191 37 participatio
446 312 167 37 charitatis
578 312 167 37 increatae:
697 312 60 37 Ita

191 346 133 40 potest
284 346 106 40 dici
350 346 80 40 de
390 346 173 40 albedine,
523 346 106 40 quod
589 346 80 40 ex
629 346 120 40 parte
696 346 66 40 sua

190 382 92 39 non
242 382 171 39 repugnat,
374 382 105 39 quia
439 382 92 39 est
492 382 144 39 quaedam
583 382 184 39 participatio

200 411 148 43 entitatis
302 411 136 43 increatae.

221 444 181 47 Praeterea,
363 444 116 47 sicut
441 444 78 47 ad
480 444 168 47 augmentum
596 444 168 47 charitatis.

193 477 137 43 augetur
292 477 162 43 capacitas
417 477 124 43 animae
504 477 212 43 suscipientis;
678 477 87 43 sic
715 477 50 43 et

188 512 166 42 videtur,
313 512 111 42 quod
382 512 83 42 ad
423 512 180 42 augmentum
561 512 180 42 albedinis
686 512 69 42 au-

191 545 119 42 geatur
274 545 155 42 capacitas
394 545 143 42 subiecti
501 545 191 42 recipientis,
656 545 95 42 quia
703 545 60 42 gra

193 579 92 47 dus
245 579 118 47 minus
324 579 170 47 perfectus
454 579 157 47 disponit
572 579 78 47 ad
611 579 131 47 gradum
690 579 65 47 ma-

195 611 86 44 gis
244 611 173 44 perfectum:
380 611 136 44 idcirco
479 611 136 44 videtur
578 611 124 44 sequi,
664 611 99 44 quod
714 611 49 44 se

186 653 147 36 cundum
289 653 133 36 istud
378 653 221 36 fundamentum
555 653 147 36 albedo
643 653 118 36 possit

186 684 129 46 augeri
276 684 77 46 in
315 684 180 46 infinitum,
456 684 129 46 saltem
546 684 90 46 per
598 684 154 46 actionem
701 684 64 46 age

194 714 93 44 tis
247 714 134 44 diuini
341 714 160 44 habentis
461 714 160 44 virtutem
581 714 187 44 infinitam.

221 751 82 46 Si
262 751 123 46 autem
344 751 123 46 istud
426 751 191 46 concedatur
577 751 150 46 quatuor
672 751 96 46 incon

193 783 182 44 uenientia
319 783 168 44 sequuntur.

228 821 64 42 1
254 821 102 42 Quia
317 821 114 42 ratio
393 821 165 42 infiniti,
521 821 64 42 &
546 821 127 42 finiti
635 821 89 42 non
673 821 89 42 compe

197 853 113 46 teret
273 853 100 46 soli
335 853 188 46 quantitati,
485 853 113 46 cuius
560 853 175 46 contrarium
685 853 88 46 vide-

192 883 84 46 tur
240 883 108 46 velle
312 883 120 46 Arist.
397 883 72 46 1.
433 883 120 46 Physic

215 921 75 36 2
245 921 120 36 Quia
320 921 151 36 omnium
426 921 151 36 natura
531 921 226 36 constantium
697 921 75 36 non

190 953 107 40 erit
257 953 121 40 certa
337 953 121 40 ratio
418 953 228 40 magnitudinis,
606 953 67 40 &
619 953 148 40 augmenti;

187 986 119 46 cuius
266 986 185 46 contrarium
412 986 132 46 dicit,
504 986 146 46 ipsemet
610 986 79 46 2.
650 986 79 46 de
677 986 79 46 Ani-

189 1023 94 39 ma,
242 1023 67 39 &
269 1023 94 39 per
323 1023 188 39 consequens
471 1023 121 39 multo
551 1023 121 39 magis
632 1023 94 39 non
672 1023 81 39 erit

180 1052 96 45 ibi
235 1052 165 45 deuenire
359 1052 82 45 ad
400 1052 179 45 terminum,
537 1052 110 45 quod
606 1052 96 45 est
647 1052 110 45 falsum

180 1087 134 45 vt
247 1087 201 45 patet
381 1087 134 45 2.
426 1087 201 45 physic.

227 1122 66 43 3
253 1122 105 43 Quia
319 1122 144 43 aliquis
424 1122 118 43 motus
503 1122 131 43 rectus
594 1122 131 43 posset
673 1122 79 43 con-

187 1159 142 41 tinuari
291 1159 78 41 in
329 1159 181 41 infinitum,
472 1159 116 41 cuius
549 1159 181 41 contrarium
678 1159 78 41 pro-

189 1191 127 38 batum
274 1191 99 38 est
330 1191 85 38 ab
372 1191 197 38 Aristotele
527 1191 141 38 octauo
612 1191 141 38 Physico-

185 1229 111 33 rum:
254 1229 222 33 Consequentia
434 1229 125 33 patet
518 1229 111 33 quia
587 1229 111 33 ille
642 1229 111 33 motus,

186 1258 162 38 secundum
308 1258 108 38 quem
376 1258 135 38 albedo
471 1258 162 38 augetur,
593 1258 95 38 est
633 1258 122 38 altera-

189 1291 104 45 tio,
254 1291 78 45 de
293 1291 91 45 quo
344 1291 91 45 non
396 1291 91 45 est
448 1291 142 45 dubium,
552 1291 104 45 quod
616 1291 91 45 sit
655 1291 91 45 motus

173 1326 116 39 rectus

222 1360 61 41 4
246 1360 98 41 Quia
307 1360 110 41 esset
381 1360 98 41 dare
442 1360 171 41 albedinem,
577 1360 98 41 siue
626 1360 122 41 aliquamn

181 1401 183 33 qualitatem
325 1401 105 33 actu
390 1401 183 33 infinitam,
534 1401 105 33 quod
600 1401 92 33 est
639 1401 118 33 falsum:

189 1429 212 38 Consequentia
361 1429 159 38 apparet,
480 1429 93 38 nam
533 1429 132 38 probat
626 1429 119 38 Arist
692 1429 53 38 5.

184 1460 124 44 Phys.
267 1460 110 44 quod
336 1460 179 44 quantitas
474 1460 165 44 continua
597 1460 96 44 non
639 1460 110 44 potest

192 1494 126 37 augeri
280 1494 75 37 in
318 1494 176 37 infinitum,
457 1494 138 37 quamuis
557 1494 126 37 possit
633 1494 113 37 diminus

191 1530 73 40 in
227 1530 159 40 infinitum
349 1530 85 40 per
398 1530 98 40 hoc,
459 1530 146 40 scilicet
569 1530 98 40 quia
630 1530 73 40 in
654 1530 98 40 diminu

186 1564 117 38 tione
264 1564 182 38 proceditur
407 1564 78 38 ad
446 1564 169 38 materiam,
576 1564 65 38 &
602 1564 91 38 per
641 1564 104 38 conse-

183 1601 123 40 quens
265 1601 82 40 ad
306 1601 191 40 potentiam,
457 1601 68 40 &
484 1601 109 40 ideo
553 1601 178 40 diminutio
676 1601 68 40 sic

184 1629 128 39 vadit
269 1629 85 39 in
312 1629 199 39 infinitum,
468 1629 71 39 &
496 1629 128 39 tamen
582 1629 156 39 nunquam
681 1629 71 39 est

184 1658 75 41 in
222 1658 100 41 actu
285 1658 163 41 completo,
410 1658 88 41 sed
460 1658 125 41 semper
548 1658 88 41 est
598 1658 75 41 in
636 1658 100 41 actu
686 1658 63 41 per

190 1694 121 44 misto
270 1694 174 44 potentiae
404 1694 80 44 in
444 1694 161 44 augmento
565 1694 121 44 autem
631 1694 121 44 procedi

183 1730 95 43 tur
238 1730 81 43 ad
278 1730 149 43 formam,
387 1730 68 43 &
414 1730 95 43 per
468 1730 190 43 consequens
617 1730 81 43 ad
644 1730 108 43 actum:

185 1767 62 38 &
209 1767 100 38 ideo
272 1767 75 38 si
309 1767 162 38 quantitas
434 1767 125 38 posset
521 1767 125 38 augeri
608 1767 75 38 in
633 1767 112 38 infini-

183 1799 110 36 tum,
252 1799 124 36 esset
335 1799 179 36 quandoque
472 1799 110 36 dare
541 1799 110 36 tale
596 1799 151 36 augmentum

183 1829 74 44 in
220 1829 99 44 actu
282 1829 161 44 completo,
406 1829 87 44 quo
455 1829 124 44 posito
542 1829 99 44 erit
604 1829 99 44 dare
654 1829 99 44 infini

184 1865 105 40 tam
244 1865 225 40 quantitatem
424 1865 180 40 secundum
543 1865 105 40 actum

226 1900 164 36 Similiter
353 1900 114 36 autem
428 1900 114 36 eadem
504 1900 139 36 ratione
605 1900 126 36 potest
681 1900 63 36 ar-

189 1930 91 47 gui
241 1930 78 47 de
280 1930 168 47 albedine,
409 1930 65 47 &
435 1930 78 47 de
474 1930 168 47 quacunque
604 1930 104 47 alia
655 1930 91 47 quali

186 1971 112 38 tate,
260 1971 99 38 quae
322 1971 161 38 poneretur
446 1971 124 38 augeri
533 1971 74 38 in
570 1971 174 38 infinitum,
694 1971 50 38 im

187 1997 80 48 mo
227 1997 120 48 magis
307 1997 80 48 de
347 1997 187 48 qualitate,
494 1997 107 48 quam
560 1997 80 48 de
587 1997 160 48 quantitate

188 2036 108 41 quia
256 2036 122 41 magis
338 2036 190 41 proceditur
487 2036 81 41 ad
527 2036 230 41 perfectionem,
703 2036 41 41 &

187 2071 120 52 actum
267 2071 80 52 in
307 2071 160 52 augmento
426 2071 200 52 qualitatis,
586 2071 107 52 quam
653 2071 80 52 in
679 2071 67 52 aug

782 155 118 55 mento
860 155 209 55 quantitatis.
1030 155 144 55 Apparet
1135 155 105 55 ergo
1200 155 78 55 ex
1226 155 118 55 omnibus

778 206 119 53 istis,
861 206 95 53 quod
921 206 83 53 nec
968 206 154 53 charitas,
1087 206 83 53 nec
1134 206 119 53 aliqua
1217 206 95 53 alia
1265 206 83 53 quali

786 240 91 48 tas
838 240 129 48 potest
928 240 129 48 augeri
1019 240 78 48 in
1045 240 142 48 infinitum

786 273 154 40 Decurit
898 273 126 40 tamen
982 273 98 40 hic
1038 273 98 40 vna
1093 273 196 40 dubitatio;
1247 273 126 40 Vtrum

782 306 148 46 charitas
893 306 99 46 viae
954 306 123 46 possit
1041 306 123 46 tantum
1127 306 136 46 augeri,
1226 306 99 46 quod
1275 306 62 46 ada

782 344 123 44 quetur
868 344 159 44 charitati
990 344 86 44 pat
1027 344 61 44 iae

810 376 80 49 Ad
850 376 107 49 quod
916 376 173 49 respondet
1050 376 80 49 F.
1090 376 173 49 AEgidius,
1223 376 107 49 quod
1276 376 67 49 etm

778 404 73 48 si
814 404 159 48 augeretur
936 404 73 48 in
973 404 159 48 infinitum
1095 404 85 48 non
1144 404 122 48 potest
1229 404 73 48 ei
1254 404 85 48 adae-

780 446 133 48 quari,
873 446 66 48 &
899 446 106 48 ideo
966 446 173 48 concedit,
1099 446 106 48 quod
1165 446 159 48 charitas
1271 446 80 48 viae

784 475 133 51 possit
877 475 133 51 augeri
969 475 80 51 in
1009 475 172 51 infiuitum
1142 475 93 51 non
1195 475 133 51 quidem
1274 475 80 51 sim-

779 515 155 43 pliciter,
899 515 84 43 ita
946 515 72 43 vt
982 515 120 43 nullus
1066 515 96 43 sibi
1126 515 143 43 terminus
1221 515 132 43 praesigne

786 550 94 36 tur,
845 550 83 36 sed
892 550 94 36 quod
951 550 118 36 potest
1034 550 94 36 sibi
1093 550 141 36 praefigi
1199 550 106 36 talis
1258 550 94 36 termi-

775 579 102 48 nus,
839 579 102 48 puta
902 579 152 48 charitas
1017 579 152 48 patriae,
1131 579 76 48 ad
1169 579 102 48 quam
1233 579 114 48 nullo
1296 579 51 48 mo

781 616 72 45 do
817 616 121 45 potest
902 616 169 45 peruenire;
1034 616 97 45 dato
1095 616 109 45 etiam
1167 616 97 45 quod
1227 616 72 45 in
1251 616 97 45 infini

775 651 98 34 tum
831 651 196 34 augeretur:
985 651 196 34 Imaginatur
1139 651 140 34 nanque
1237 651 112 34 iste
1293 651 56 34 Do

772 688 115 39 ctor,
849 688 102 39 quod
913 688 179 39 charitatis
1054 688 102 39 viae
1118 688 77 39 ad
1156 688 179 39 charitatem
1284 688 64 39 Pa-

778 718 110 44 triae
851 718 85 44 sit
900 718 122 44 aliquo
985 718 98 44 modo
1046 718 159 44 distantia
1168 718 159 44 infinita;
1278 718 73 44 quia

772 758 135 37 quamuis
870 758 111 37 talis
944 758 160 37 distantia
1067 758 86 37 non
1116 758 86 37 sit
1165 758 185 37 simpliciter
1301 758 49 37 in

773 783 147 48 finita,
880 783 94 48 Tum
933 783 107 48 quia
1000 783 120 48 habet
1080 783 174 48 terminum,
1213 783 94 48 Tum
1254 783 94 48 etiam

776 821 109 48 quia
844 821 122 48 habet
926 821 204 48 fundamentum
1089 821 163 48 termini;
1211 821 95 48 est
1252 821 95 48 tamen

776 853 159 38 secundum
895 853 106 38 quid
961 853 172 38 infinita,
1094 853 106 38 quia
1160 853 119 38 habet
1240 853 80 38 in
1266 853 80 38 aug-

779 889 197 37 mentabilem
934 889 183 37 terminum,
1075 889 197 37 quapropter
1230 889 99 37 non
1272 889 71 37 po-

774 922 120 35 terit
853 922 199 35 pertransiri
1013 922 173 35 supposito
1146 922 120 35 etiam
1212 922 133 35 augmento

778 955 178 46 charitatis
918 955 101 46 viae
981 955 76 46 in
1019 955 178 46 infinitum,
1159 955 114 46 Cuius
1222 955 127 46 exemplum

775 989 135 38 ponit.
870 989 149 38 Videmus
978 989 108 38 enim
1046 989 108 38 quod
1113 989 162 38 angulus,
1235 989 95 38 qui
1275 989 68 38 con

773 1021 164 48 stituitur
900 1021 76 48 ex
937 1021 202 48 semicirculo,
1101 1021 63 48 &
1127 1021 151 48 diamatro
1227 1021 114 48 circuli

770 1055 108 50 est
831 1055 154 50 omnium
939 1055 200 50 angulorum
1093 1055 247 50 amplissimus,
1278 1055 62 50 vt

777 1087 162 40 probatur
899 1087 81 40 in
940 1087 81 40 3.
980 1087 162 40 Euclidis
1102 1087 203 40 propositone
1264 1087 81 40 x.
1291 1087 41 40 &

779 1119 107 42 licut
851 1119 131 42 augetur
946 1119 155 42 circulus,
1065 1119 83 42 ita
1113 1119 131 42 augetur
1208 1119 119 42 dictus
1279 1119 60 42 an-

772 1161 141 38 gulus,
870 1161 155 38 nunquam
983 1161 126 38 tamen
1067 1161 141 38 potest
1165 1161 141 38 tantum
1250 1161 84 38 auge

775 1194 92 42 ri,
827 1194 105 42 quod
893 1194 171 42 perueniat
1025 1194 79 42 ad
1065 1194 211 42 amplitudinem
1223 1194 119 42 anguli.

775 1221 123 43 recti,
861 1221 98 43 dato
922 1221 98 43 quod
983 1221 147 43 circulus
1094 1221 159 43 angeretur
1216 1221 74 43 in
1241 1221 98 43 infini

770 1261 106 41 tum:
836 1261 133 41 Distat
929 1261 106 41 ergo
996 1261 159 41 secundum
1115 1261 93 41 hoc
1168 1261 173 41 praefatus
1288 1261 53 41 an

768 1297 109 42 gulus
840 1297 73 42 ab
877 1297 121 42 angulo
961 1297 109 42 recto
1034 1297 157 42 distantia
1155 1297 157 42 infinita,
1276 1297 85 42 non

773 1331 137 36 quidem
869 1331 219 36 simpliciter,
1047 1331 110 36 quia
1116 1331 123 36 habet
1184 1331 151 36 terminum,

777 1362 72 40 &
805 1362 216 40 fundamentum
978 1362 173 40 termini;
1108 1362 101 40 nam
1166 1362 159 40 augulus
1267 1362 72 40 re-

775 1390 98 46 ctus
836 1390 147 46 finitus,
946 1390 61 46 &
971 1390 86 46 est
1020 1390 86 46 sua
1069 1390 159 46 amplitudo
1192 1390 135 46 sinita,
1278 1390 61 46 cum

779 1431 85 40 sit
827 1431 97 40 dare
888 1431 133 40 angulum
985 1431 170 40 ampliorem,
1118 1431 145 40 scilicet
1215 1431 121 40 obtusum:

778 1457 185 42 Quapropter
923 1457 106 42 erit
989 1457 172 42 infinitus
1121 1457 145 42 secudum
1227 1457 106 42 quid
1280 1457 53 42 ex

766 1494 90 42 eo,
818 1494 154 42 scilicet
933 1494 103 42 quod
997 1494 116 42 habet
1074 1494 205 42 intangibilem
1228 1494 103 42 termi-

767 1528 99 45 num:
829 1528 87 45 ita
878 1528 99 45 ergo
940 1528 136 45 videtur
1039 1528 112 45 posse
1114 1528 99 45 dici
1176 1528 74 45 in
1201 1528 136 45 proposito

770 1563 70 46 de
805 1563 152 46 charitate
923 1563 94 46 viae
981 1563 141 46 respectu
1087 1563 164 46 charitatis
1204 1563 117 46 patriae.

801 1599 146 44 Contra
904 1599 132 44 tamen
992 1599 146 44 dicunt
1094 1599 146 44 aliqui
1182 1599 146 44 exemplum

766 1626 89 52 hoc
817 1626 89 52 non
868 1626 102 52 esse
932 1626 76 52 ad
970 1626 191 52 propositum,
1122 1626 89 52 sed
1173 1626 114 52 magis
1250 1626 76 52 ad
1275 1626 51 52 op

772 1667 157 44 positum:
890 1667 105 44 quia
956 1667 105 44 quod
1021 1667 144 44 angulus
1126 1667 197 44 constitutus
1271 1667 52 44 ex

767 1704 193 38 semicirculo,
924 1704 60 38 &
948 1704 145 38 diametro
1057 1704 133 38 circuli
1153 1704 84 38 non
1201 1704 121 38 possit
1274 1704 60 38 tam

766 1736 91 38 tum
818 1736 142 38 augeri,
921 1736 103 38 quod
986 1736 168 38 perueniat
1115 1736 78 38 ad
1141 1736 194 38 amplitudinem,

770 1769 109 34 recti,
846 1769 76 34 hoc
890 1769 87 34 ideo
945 1769 87 34 est,
999 1769 87 34 quia
1054 1769 76 34 est
1097 1769 131 34 alterius
1195 1769 131 34 speciei,
1293 1769 55 34 &

769 1796 145 43 rationis
877 1796 72 43 ab
913 1796 84 43 eo;
962 1796 84 43 sed
1010 1796 72 43 si
1046 1796 108 43 esset
1118 1796 132 43 eiusdem
1203 1796 120 43 speciei,

773 1833 62 42 &
797 1833 162 42 rationis,
922 1833 100 42 tunc
984 1833 125 42 posset
1071 1833 87 42 per
1121 1833 162 42 continuum
1233 1833 100 42 augmen

765 1873 93 38 tum
818 1873 80 38 ad
858 1873 107 38 eius
925 1873 213 38 amplitudinem
1098 1873 187 38 peruenire;
1245 1873 67 38 &
1258 1873 67 38 qua

773 1904 145 42 charitas
882 1904 97 42 viae
942 1904 85 42 est
991 1904 133 42 eiusdem
1087 1904 145 42 speciei,
1196 1904 60 42 &
1208 1904 121 42 rationis

769 1939 89 37 cum
820 1939 166 37 charitate
948 1939 140 37 patriae
1050 1939 140 37 videtur
1152 1939 102 37 quod
1215 1939 89 37 per
1254 1939 76 37 con-

767 1971 136 45 tinuum
862 1971 176 45 augmentum
998 1971 136 45 possit
1093 1971 81 45 ei
1120 1971 149 45 adaequari

805 2005 109 41 Quod
873 2005 123 41 etiam
955 2005 191 41 confirmaur
1105 2005 191 41 accipiendo
1241 2005 82 41 exem

771 2041 121 42 plum,
851 2041 67 42 v
878 2041 80 42 C.
918 2041 148 42 ponamus
1025 2041 107 42 quod
1093 2041 148 42 aliquis
1200 2041 134 42 beatus
1280 2041 54 42 ha

767 2071 97 52 beat
828 2071 85 52 sex
876 2071 122 52 gradus
961 2071 182 52 charitatis,
1107 2071 61 52 &
1132 2071 122 52 viator
1217 2071 109 52 tres;
1277 2071 49 52 si
