1500 2313
158 165 146 51 uisionem
268 165 110 51 vadet
341 165 73 51 in
377 165 171 51 infinitum,
512 165 85 51 sed
560 165 85 51 est
609 165 73 51 in
646 165 73 51 ea
670 165 49 51 de

160 213 127 36 uenire
249 213 76 36 ad
287 213 152 36 minimum,
401 213 76 36 si
439 213 152 36 charitas
553 213 139 36 patitur
642 213 76 36 diui

155 246 128 39 sionem
245 246 77 39 in
283 246 179 39 infinitum,
424 246 90 39 ita
476 246 103 39 quod
540 246 90 39 non
591 246 90 39 sit
642 246 77 39 in
668 246 51 39 ea

158 278 159 41 deuenire
277 278 80 41 ad
317 278 146 41 minimum
423 278 133 41 gradum
503 278 212 41 indiuisibilem,

163 312 108 40 sicut
235 312 96 40 isti
295 312 144 40 videntur
403 312 132 40 ponere,
499 312 144 40 sequitur
595 312 120 40 necessa-

155 350 90 41 rio
207 350 103 41 quod
271 350 103 41 ipsa
335 350 90 41 sit
386 350 141 41 minimae
489 350 205 41 actualitatis
643 350 77 41 qua-

154 381 128 40 cunque
244 381 115 40 forma
320 381 166 40 naturali.
448 381 141 40 Secundo
551 381 77 40 in
589 381 153 40 solutio¬

155 420 78 35 ne
194 420 142 35 dicunt,
298 420 104 35 quod
362 420 91 35 per
414 420 142 35 peccata
518 420 155 35 venialia
621 420 91 35 dimi-

159 447 133 45 nuentia
256 447 170 45 charitatem
389 447 85 45 fit
438 447 158 45 generalis
559 447 158 45 disposito
668 447 49 45 in

159 485 174 43 peccante,
293 485 107 43 quod
359 485 80 43 si
400 485 107 43 agat
467 485 161 43 secundum
587 485 94 43 eam
627 485 94 43 neces

158 517 77 44 se
197 517 90 44 est
248 517 90 44 eum
299 517 141 44 peccare
402 517 193 44 mortaliter,
556 517 103 44 quod
620 517 128 44 quidem

160 549 131 36 dictum
252 549 145 36 videtur
357 549 145 36 falsum,
462 549 92 36 nam
515 549 131 36 potest
594 549 131 36 continge

153 584 91 44 re,
205 584 104 44 quod
270 584 143 44 peccata
374 584 156 44 venialia
491 584 169 44 minuentia
608 584 117 44 charita

159 618 92 41 tem
211 618 105 41 vsqe
277 618 78 41 in
316 618 144 41 infimum
420 618 131 41 gradum
512 618 105 41 sint
577 618 92 41 ita
616 618 105 41 pauca,

161 651 108 40 quod
229 651 95 40 non
283 651 162 40 generent
405 651 189 40 necessario
554 651 149 40 aliquam
648 651 68 40 ta-

161 685 98 40 lem
217 685 251 40 dispositionem,
426 685 70 40 &
454 685 112 40 dato
524 685 112 40 quod
580 685 139 40 generent

161 722 151 36 aliquam
271 722 248 36 dispositionem,
478 722 96 36 non
533 722 151 36 videtur
629 722 96 36 tamen

175 759 99 37 quod
237 759 99 37 illa
299 759 161 37 disposito
423 759 149 37 inclinet
535 759 62 37 i
560 759 149 37 peccatum
659 759 62 37 mor

169 786 108 48 tale,
241 786 96 48 quia
301 786 157 48 disposito
422 786 145 48 generata
530 786 72 48 ex
566 786 157 48 aliquibus
675 786 48 48 a-

167 820 118 43 ctibus
250 820 142 43 inclinat
357 820 71 43 in
392 820 130 43 similes
487 820 118 43 actus,
570 820 59 43 &
594 820 83 43 non
641 820 71 43 in
665 820 59 43 dis

160 856 160 40 similes,
280 856 93 40 cum
333 856 107 40 ergo
400 856 120 40 dicta
480 856 173 40 disposito
600 856 120 40 ponatur

161 889 157 48 generata
279 889 79 48 ex
318 889 157 48 peccatis
436 889 183 48 venialibus
567 889 157 48 inclinabit

153 924 76 43 in
191 924 152 43 peccatum
306 924 152 43 veniale,
420 924 63 43 &
445 924 89 43 non
496 924 76 43 in
534 924 152 43 mortale;
648 924 63 43 &
661 924 63 43 per

158 957 197 37 consequens
313 957 127 37 agens
398 957 169 37 secundum
525 957 99 37 eam
581 957 99 37 non
623 957 99 37 pecca

163 988 85 37 bit
212 988 183 37 mortaliter,
358 988 85 37 sed
406 988 183 37 venialiter;
553 988 110 37 cuius
613 988 110 37 contra-

162 1021 93 44 rium
220 1021 93 44 ipsi
279 1021 128 44 dicunt,
371 1021 70 44 Et
406 1021 93 44 dato
464 1021 105 44 quod,
534 1021 105 44 talis
592 1021 128 44 disposito

156 1056 189 41 inclinaret
305 1056 81 41 in
346 1056 162 41 peccatum
467 1056 162 41 mortale,
589 1056 95 41 non
629 1056 95 41 tamen

166 1089 75 47 ad
203 1089 112 47 ipsum
278 1089 187 47 necessitat,
428 1089 112 47 etiam
502 1089 75 47 si
540 1089 150 47 secundum
640 1089 87 47 ipsum

158 1127 134 43 agatur,
255 1127 97 43 quia
316 1127 97 43 homo
377 1127 85 43 cum
425 1127 85 43 sit
474 1127 122 43 liberi
559 1127 146 43 arbitrij
656 1127 73 43 pont

154 1158 182 42 secundum
290 1158 136 42 vnam,
381 1158 76 42 &
411 1158 151 42 eandem
502 1158 227 42 dispositionem

163 1193 201 43 diuersimode
324 1193 134 43 agere,
417 1193 67 43 &
444 1193 94 43 per
498 1193 188 43 consequens
632 1193 94 43 magis

161 1223 67 40 &
187 1223 121 40 minus
268 1223 161 40 peccare,
389 1223 188 40 quapropter
536 1223 94 40 per
590 1223 134 40 nullam
670 1223 54 40 ta

159 1259 89 47 lem
210 1259 216 47 dispositionem
388 1259 229 47 necessitabitur
578 1259 76 47 ad
604 1259 114 47 peccan-

162 1291 91 44 dum
214 1291 195 44 mortaliter.
370 1291 130 44 Tertio
460 1291 143 44 dicunt,
564 1291 104 44 quod
616 1291 104 44 postum

157 1335 158 35 deuentum
275 1335 92 35 est
328 1335 79 35 ad
368 1335 171 35 praefatam
499 1335 224 35 dispositionem
670 1335 53 35 ag

161 1361 174 47 generatam
295 1361 80 47 ex
335 1361 161 47 peccatis
456 1361 201 47 venialibus,
617 1361 94 47 non
657 1361 67 47 pot

167 1398 139 41 amplius
269 1398 139 41 peccare
370 1398 101 41 veni
433 1398 139 41 iliter;
534 1398 101 41 quod
597 1398 127 41 quidem
673 1398 51 41 vi

163 1428 119 43 detur
242 1428 145 43 falsum,
347 1428 92 43 Tum
400 1428 105 43 quia
466 1428 119 43 talis
545 1428 171 43 disposito
663 1428 66 43 non

166 1460 126 44 tollit
255 1460 151 44 iliberum
368 1460 176 44 arbitrium:
506 1460 176 44 quapropter
645 1460 113 44 sicut

166 1496 102 44 ante
230 1496 204 44 generationem
396 1496 127 44 dictae
485 1496 204 44 dispositonis
638 1496 89 44 pote-

161 1530 94 39 rat
214 1530 107 39 homo
281 1530 160 39 peccare,
401 1530 67 39 &
428 1530 94 39 non
481 1530 160 39 peccare,
601 1530 120 39 etiam
668 1530 67 39 ve-

157 1561 155 40 nialiter,
276 1561 84 40 ita
324 1561 84 40 non
372 1561 143 40 obstante
479 1561 95 40 tali
539 1561 191 40 dispositione
682 1561 48 40 po

161 1604 115 38 terit
238 1604 153 38 peccare,
352 1604 64 38 &
378 1604 89 38 non
429 1604 153 38 peccare,
544 1604 89 38 vel
595 1604 115 38 solum
658 1604 64 38 ve-

168 1631 160 41 nialiter.
291 1631 86 41 Tum
340 1631 111 41 etiam
414 1631 99 41 quia
476 1631 136 41 ipsimet
574 1631 172 41 concedunt,

164 1661 110 51 quod
233 1661 137 51 habens
329 1661 137 51 dictam
425 1661 233 51 dispositionem
616 1661 96 51 non
658 1661 69 51 ne-

162 1699 188 43 cessitatur
310 1699 81 43 ad
350 1699 162 43 peccatum
471 1699 148 43 mortale
579 1699 94 43 non
619 1699 108 43 agendo

156 1735 172 43 secundum
284 1735 114 43 eam:
356 1735 157 43 constat
470 1735 129 43 tamen
556 1735 114 43 quod
614 1735 114 43 potest

157 1764 99 51 ita
214 1764 142 51 agere,
313 1764 114 51 quod
384 1764 128 51 tamen
469 1764 99 51 non
526 1764 114 51 agat
583 1764 142 51 secundum

164 1795 117 46 eam,
238 1795 73 46 &
267 1795 102 46 per
325 1795 205 46 consequens
486 1795 146 46 quodam
589 1795 117 46 alio
647 1795 88 46 modo

161 1830 220 53 poterit
321 1830 220 53 peccare
462 1830 260 53 venialiter.

205 1860 81 49 Ex
246 1860 135 49 quibus
341 1860 149 49 omnibus
449 1860 149 49 apparet
557 1860 108 49 quod
625 1860 95 49 non
665 1860 68 49 sol

161 1900 109 38 uunt
229 1900 218 38 dubitationem
406 1900 136 38 contra
501 1900 82 38 se
528 1900 150 38 inductam.

161 1929 178 43 CONCLV
286 1929 125 43 SIO
357 1929 178 43 dictae
482 1929 231 43 opinionis
642 1929 89 43 est

170 1969 113 42 etiam
246 1969 239 42 irrationabilis;
448 1969 63 42 &
473 1969 76 42 vt
511 1969 88 42 hoc
561 1969 126 42 melius
637 1969 88 42 appa-

169 1999 99 50 reat
230 1999 136 50 ponenda
329 1999 87 50 est
379 1999 99 50 alia
441 1999 124 50 opinio
527 1999 173 50 contraria,
651 1999 74 50 quia

163 2033 77 41 ex
202 2033 129 41 ipsius
292 2033 232 41 confirmatione,
485 2033 103 41 quam
550 2033 129 41 poste:
627 2033 103 41 addam,

164 2077 127 50 patebit
257 2077 185 50 sufficienter
407 2077 139 50 defectus
512 2077 150 50 opinionis
616 2077 104 50 istius.

770 162 164 61 Sciendum
893 162 109 61 ergo
962 162 109 61 quod
1030 162 137 61 opinio
1126 162 178 61 contraria
1249 162 55 61 in

746 213 88 48 qua
797 213 126 48 plures
885 213 188 48 concordant,
1035 213 113 48 ponit
1111 213 176 48 charitatem
1236 213 63 48 per

735 247 85 36 se
777 247 71 36 &
805 247 155 36 directe
918 247 99 36 non
975 247 127 36 posse
1059 247 155 36 diminui
1158 247 141 36 Fundamen

737 284 96 33 tum
792 284 123 33 autem
874 284 123 33 eorum
956 284 109 33 est,
1024 284 109 33 quia
1092 284 164 33 peccatum
1201 284 96 33 venia

742 315 79 45 le
781 315 92 45 non
834 315 131 45 potest
925 315 170 45 attingere
1056 315 79 45 ad
1095 315 183 45 diminuedum
1226 315 79 45 cha-

739 347 167 50 ritatem,
865 347 98 50 nam
920 347 126 50 omnes
1004 347 195 50 concedunt,
1158 347 112 50 quod
1213 347 84 50 cha-

739 378 120 41 ritas
819 378 94 41 vel
872 378 120 41 nullo
952 378 107 41 modo
1019 378 174 41 minuatur,
1153 378 94 41 vel
1193 378 107 41 minua-

737 412 93 53 tur
790 412 93 53 per
843 412 159 53 peccatum
962 412 159 53 veniale;
1082 412 186 53 Quapropter
1214 412 93 53 volem

742 452 88 44 tes
793 452 138 44 tenere,
893 452 100 44 quod
956 452 151 44 charitas
1069 452 88 44 non
1119 452 126 44 possit
1195 452 100 44 minui,

746 484 213 34 consequenter
919 484 160 34 nituntur
1039 484 160 34 probare,
1159 484 107 34 quod
1212 484 93 34 pecca

737 518 95 38 tum
792 518 149 38 veniale
900 518 95 38 non
954 518 135 38 possit
1048 518 95 38 eam
1102 518 162 38 minuere.
1210 518 95 38 Ratio

742 547 116 52 autem
819 547 167 52 potissima
948 547 77 52 ad
986 547 90 52 hoc
1037 547 90 52 sic
1076 547 141 52 formatur.

773 578 161 52 Peccatum
893 578 147 52 veniale
1000 578 94 52 non
1054 578 134 52 potest
1134 578 161 52 charitatem

737 621 205 36 corrumpere,
901 621 109 36 ergo
969 621 96 36 non
1024 621 137 36 potest
1120 621 96 36 eam
1161 621 137 36 minuere;

743 651 183 38 Antecedens
887 651 131 38 patet,
978 651 105 38 quia
1044 651 78 38 si
1083 651 157 38 peccatum
1187 651 118 38 veniale

741 688 130 39 posset
832 688 183 39 charitatem
976 688 196 39 corrumpere,
1132 688 196 39 sequeretur,

748 717 97 45 quod
808 717 85 45 per
857 717 97 45 sola
917 717 133 45 peccata
1014 717 145 45 venialia
1123 717 121 45 posset
1196 717 109 45 aliquis

741 750 181 47 constitui
880 750 167 47 inimicus
1005 750 111 47 Dei,
1075 750 70 47 &
1103 750 97 47 per
1144 750 167 47 consequens

742 786 164 39 damnari,
865 786 109 39 quod
933 786 96 39 est
988 786 177 39 absurdum,
1111 786 191 39 Consequentia

757 817 122 37 tatet,
842 817 97 37 quia
903 817 146 37 charitas
1013 817 85 37 non
1061 817 85 37 est
1110 817 195 37 diminuibilis
1256 817 49 37 in

741 854 183 39 infinitum,
884 854 91 39 cum
937 854 130 39 habeat
1028 854 130 39 statum
1119 854 78 39 in
1158 854 144 39 minimo,
1263 854 65 39 &

746 887 164 40 ideoicum
869 887 164 40 deuentum
992 887 95 40 est
1046 887 82 40 ad
1087 887 150 40 minimum
1182 887 123 40 gradum,

746 920 148 41 necesse
853 920 94 41 est
907 920 148 41 dicere,
1015 920 108 41 quod
1082 920 162 41 peccatum
1190 920 121 41 veniale

744 955 95 46 eam
799 955 190 46 corrumpat,
948 955 109 46 quia
1016 955 95 46 non
1071 955 136 46 potest
1166 955 109 46 dici
1220 955 82 46 quod

736 990 126 36 illum
820 990 140 36 gradum
918 990 140 36 iterum
1016 990 182 36 diminuat,
1156 990 98 36 cum
1198 990 112 36 suppo-

742 1020 124 43 situm
825 1020 97 43 sit
880 1020 124 43 ipsum
963 1020 110 43 esse
1032 1020 166 43 minimum;
1156 1020 97 43 nec
1211 1020 124 43 etiam

747 1058 133 43 potest
840 1058 106 43 dici
906 1058 106 43 quod
973 1058 120 43 ipsum
1052 1058 93 43 non
1106 1058 173 43 attingat,
1225 1058 80 43 quia

751 1089 86 43 non
800 1089 111 43 habet
874 1089 111 43 minus
948 1089 111 43 posse
1022 1089 111 43 supra
1096 1089 185 43 charitatem,
1231 1089 74 43 quam

746 1121 141 48 peccata
849 1121 217 48 praecedentia:
1028 1121 179 48 quapropter
1168 1121 90 48 vel
1207 1121 102 48 attin-

744 1160 101 44 get
801 1160 101 44 eam
859 1160 86 44 in
902 1160 144 44 minimo
1002 1160 129 44 gradu
1088 1160 187 44 minuendo,
1218 1160 86 44 quod

753 1191 87 43 est
802 1191 198 43 impossibile,
963 1191 87 43 vel
1012 1191 148 43 attinget
1124 1191 87 43 eam
1161 1191 148 43 corrumpen-

746 1223 98 47 do,
802 1223 70 47 &
830 1223 98 47 sic
886 1223 154 47 habemus
984 1223 182 47 propositum.

755 1252 92 55 Nec
808 1252 119 55 valet
887 1252 79 55 si
926 1252 158 55 dicatur,
1045 1252 106 55 quod
1111 1252 92 55 per
1164 1252 145 55 peccata
1256 1252 53 55 ve

751 1287 123 40 nialia
837 1287 197 40 praecedentia
997 1287 160 40 generatur
1121 1287 123 40 aliqua
1195 1287 111 40 disposi

747 1324 98 45 tio,
808 1324 98 45 quae
870 1324 123 45 postea
956 1324 172 45 necessitat
1091 1324 74 45 ad
1128 1324 111 45 ipsum
1189 1324 123 45 peccatum

741 1358 184 41 mortale,
879 1358 108 41 cum
940 1358 184 41 deuentum
1079 1358 108 41 est
1140 1358 92 41 ad
1171 1358 138 41 minimum

732 1394 147 44 gradum.

780 1417 107 48 Quia
846 1417 94 48 hoc
900 1417 107 48 fuit
967 1417 160 48 superius
1087 1417 200 48 improbatum,
1234 1417 80 48 dato

748 1456 119 43 etiam
827 1456 106 43 quod
893 1456 93 43 hoc
946 1456 132 43 posset
1039 1456 132 43 habere
1131 1456 145 43 aliquam
1224 1456 79 43 veri

746 1497 121 37 tatem,
831 1497 182 37 impossibile
976 1497 85 37 est
1025 1497 109 37 tamen
1098 1497 73 37 id
1134 1497 97 37 esse
1183 1497 121 37 vniuersa

747 1526 124 41 liter
830 1526 138 41 verum,
926 1526 110 41 quod
995 1526 138 41 patet.
1092 1526 152 41 Ponatur
1188 1526 124 41 nanquen

751 1565 104 39 quod
816 1565 104 39 Deus
881 1565 157 39 infundat
999 1565 183 39 charitatem
1142 1565 130 39 alicui
1234 1565 78 39 in
1260 1565 52 39 mi

745 1598 106 44 nimo
811 1598 133 44 gradu,
904 1598 93 44 ita
958 1598 106 44 quod
1024 1598 93 44 non
1077 1598 133 44 habeat
1171 1598 133 44 alioua
1250 1598 67 44 pec

745 1628 102 48 cata
809 1628 166 48 venialia,
937 1628 64 48 &
962 1628 89 48 per
1013 1628 179 48 consequens
1154 1628 89 48 nec
1192 1628 115 48 aliquam

751 1666 220 44 dispositionem
932 1666 78 44 ex
971 1666 91 44 eis
1023 1666 181 44 generatam,
1166 1666 130 44 certum
1243 1666 65 44 est

753 1697 103 46 hunc
818 1697 116 46 posse
895 1697 142 46 peccare
999 1697 194 46 venialiter,
1154 1697 103 46 quia
1206 1697 103 46 nullam

753 1732 112 39 habet
827 1732 212 39 dispositionem
1002 1732 100 39 quae
1064 1732 112 39 ipsum
1139 1732 175 39 necessitet
1264 1732 50 39 ad

761 1765 158 42 peccatum
880 1765 158 42 mortale.
998 1765 79 42 Si
1038 1765 106 42 ergo
1104 1765 119 42 detur
1183 1765 106 42 quod
1236 1765 79 42 pec-

753 1799 86 46 cet
802 1799 183 46 venialiter,
948 1799 134 46 oportet
1046 1799 171 46 necessario
1181 1799 122 46 dicere
1254 1799 61 46 vel

749 1828 108 46 quod
816 1828 162 46 peccatum
937 1828 108 46 eius
1005 1828 148 46 veniale
1113 1828 162 46 attingat
1221 1828 94 46 istum

746 1865 150 48 minimum
856 1865 137 48 gradum
951 1865 191 48 charitatis
1102 1865 178 48 minuendo,
1225 1865 82 48 quid

752 1900 87 38 est
801 1900 198 38 impossibile;
962 1900 87 38 vel
1012 1900 99 38 quod
1074 1900 149 38 attingat
1186 1900 112 38 ipsum
1248 1900 74 38 cor-

748 1932 188 46 rumpendo,
892 1932 72 46 &
921 1932 101 46 sic
979 1932 159 46 habemus
1081 1932 188 46 propositum.

781 1961 78 46 Ex
820 1961 130 46 quibus
911 1961 156 46 apparet,
1028 1961 104 46 quod
1094 1961 104 46 ista
1159 1961 117 46 ratio
1224 1961 91 46 commu

752 2005 87 33 nis
801 2005 87 33 non
851 2005 112 33 solum
926 2005 162 33 concludit
1050 2005 211 33 probabiliter,
1224 2005 87 33 sed
1261 2005 50 33 et

750 2030 224 40 demonstratiue,
936 2030 99 40 quia
998 2030 87 40 nec
1048 2030 87 40 est
1098 2030 124 40 soluta
1185 2030 62 40 a
1197 2030 112 40 tenenti

744 2062 91 58 bus
796 2062 194 58 contrarium,
951 2062 91 58 nec
1003 2062 91 58 pot
1054 2062 129 58 solui,
1145 2062 78 58 vt
1171 2062 142 58 apparebit
