1500 2343
209 155 102 52 doni
273 155 89 52 non
324 155 140 52 poterat
426 155 166 52 applicari
554 155 77 52 ad
592 155 140 52 diuinam
682 155 89 52 essen

207 205 116 36 tiam,
285 205 103 36 quae
349 205 129 36 nullum
440 205 116 36 habet
517 205 129 36 exitum
608 205 78 36 ab
647 205 116 36 alio;
711 205 65 36 nec

207 237 126 41 etiam
291 237 84 41 ad
333 237 140 41 primam
431 237 168 41 personam
556 237 154 41 diuinam
654 237 126 41 propter

213 268 138 34 eandem
310 268 179 34 rationem,
447 268 193 34 quapropter
598 268 96 34 vel
653 268 124 34 nullo
722 268 55 34 mo

214 300 72 38 do
250 300 109 38 ratio
323 300 97 38 doni
383 300 133 38 poterit
479 300 157 38 applicari
600 300 72 38 ad
636 300 133 38 diuina,
721 300 60 38 vel

205 339 182 42 necessario
348 339 208 42 applicabitur
517 339 78 42 ad
556 339 143 42 aliquam
647 339 130 42 personam

208 376 210 36 procedentem,
378 376 210 36 simpliciter,
549 376 66 36 &
575 376 92 36 per
615 376 157 36 consequens

212 401 93 47 est
265 401 106 47 quid
318 401 159 47 notionale.

239 433 143 49 Secundo
343 433 117 49 forte
421 433 169 49 videretur
552 433 143 49 alicui,
656 433 104 49 quod
708 433 65 49 do-

207 472 94 50 num
260 472 81 50 in
301 472 148 50 diuinis
408 472 162 50 importet
530 472 148 50 aliquid
624 472 148 50 essentia-

210 506 91 37 le,
262 506 104 37 quia
327 506 155 37 importat
443 506 194 37 habitudinem
599 506 78 37 ad
625 506 142 37 creaturam

206 542 126 41 ipsum
290 542 225 41 accipientem,
473 542 126 41 omnis
557 542 126 41 autem
627 542 141 41 habitudo

208 577 92 46 Dei
260 577 78 46 ad
299 577 170 46 creaturam
430 577 144 46 videtur
535 577 105 46 essc
600 577 157 46 communis
705 577 65 46 tri

204 606 89 47 bus
255 606 165 47 personis:
382 606 89 47 Sed
432 606 89 47 hoc
483 606 89 47 non
533 606 165 47 obstante,
647 606 127 47 dicendum

203 645 90 40 est
254 645 205 40 simpliciter,
421 645 103 40 quod
485 645 154 40 importat
600 645 103 40 quid
652 645 115 40 notiona

195 677 96 40 le,
250 677 110 40 quia
319 677 124 40 donum
401 677 151 40 diuinum
511 677 124 40 habet
593 677 110 40 quod
662 677 96 40 sit
703 677 69 40 do-

194 711 101 51 num
251 711 101 51 per
309 711 130 51 illam
395 711 216 51 habitudinem
568 711 115 51 quam
640 711 130 51 habet
712 711 58 51 ad

192 747 174 46 personam
322 747 188 46 donantem,
466 747 72 46 &
495 747 101 46 non
553 747 101 46 per
611 747 130 46 illam
683 747 87 46 quam

206 777 127 44 habet
291 777 85 44 ad
333 777 183 44 creaturam
474 777 226 44 accipientem.
657 777 99 44 Nam
699 777 71 44 per

203 811 139 44 dictam
301 811 209 44 habitudinem
468 811 125 44 magis
551 811 125 44 habet
635 811 125 44 quod,
704 811 70 44 sit

205 851 155 40 donatum,
321 851 90 40 vel
373 851 129 40 datum,
463 851 64 40 &
489 851 103 40 ista
553 851 142 40 videtur
656 851 103 40 esse
708 851 64 40 in-

204 880 118 50 tentio
287 880 71 50 P.
322 880 130 50 August.
416 880 71 50 5.
452 880 71 50 de
487 880 106 50 Trin.
558 880 94 50 cap.
617 880 83 50 15.
664 880 83 50 vbi
711 880 83 50 lo¬

208 915 111 43 quens
282 915 74 43 de
318 915 135 43 Spiritu
417 915 135 43 Sancto,
515 915 86 43 sic
565 915 98 43 ait:
614 915 160 43 procedebat.

202 951 154 41 Spiritus
317 951 141 41 Sanctus
420 951 77 41 vt
458 951 115 41 esset
535 951 166 41 donabile;
663 951 90 41 lam
701 951 77 41 enim

207 984 124 39 donum
290 984 110 39 erat
358 984 165 39 antequam
482 984 192 39 donaretur,
633 984 137 39 aliter
715 984 55 39 nm

208 1018 201 40 intelligitur
372 1018 88 40 cum
422 1018 139 40 dicitur
523 1018 126 40 donum,
611 1018 63 40 &
637 1018 126 40 aliter
712 1018 63 40 cum

205 1053 156 43 dicitur
318 1053 170 43 donatum;
446 1053 99 43 nam
503 1053 128 43 donum
588 1053 142 43 potest
687 1053 113 43 esse

195 1087 176 48 antequam
327 1087 146 48 detur,
429 1087 161 48 donatum
547 1087 132 48 autem
634 1087 102 48 non
678 1087 88 48 nisi

199 1129 159 42 postquam
318 1129 119 42 datum
398 1129 133 42 fuerit
491 1129 106 42 dici
557 1129 146 42 potest.
663 1129 80 42 Ex
689 1129 80 42 qui-

199 1156 91 42 bus
251 1156 130 42 verbis
342 1156 143 42 apparet
446 1156 182 42 euidenter,
589 1156 104 42 quod
641 1156 130 42 Spiritus

190 1186 148 48 Sanctus
297 1186 121 48 habet
378 1186 81 48 vt
418 1186 94 48 sit
472 1186 121 48 donum
552 1186 94 48 per
592 1186 175 48 habitudinem

201 1226 163 44 aeternam,
327 1226 100 44 quam
390 1226 113 44 habet
465 1226 138 44 ratione
565 1226 100 44 suae
615 1226 151 44 processio-

188 1257 97 40 nis
243 1257 83 40 ad
285 1257 166 40 personam
409 1257 179 40 donantem,
547 1257 97 40 sed
602 1257 97 40 per
644 1257 124 40 habitu-

182 1291 130 45 dinem
268 1291 203 45 temporalem
428 1291 116 45 quam
500 1291 130 45 habet
587 1291 87 45 ad
616 1291 159 45 creaturam

184 1324 210 46 accipientem
352 1324 126 46 habet
436 1324 112 46 quod
507 1324 98 46 sit
563 1324 140 46 datum,
661 1324 98 46 vel
703 1324 70 46 do-

194 1356 123 47 natum.
280 1356 74 47 Et
317 1356 99 47 ideo
379 1356 222 47 rationabiliter
564 1356 111 47 dicit
638 1356 161 47 AEgidius,

200 1398 115 38 quod
271 1398 143 38 nomine
372 1398 115 38 doni
443 1398 201 38 importatur
601 1398 158 38 aliquid
701 1398 72 38 no-

190 1428 151 51 tionale;
303 1428 126 51 nomine
391 1428 100 51 vero
454 1428 100 51 dati
517 1428 138 51 aliquid
605 1428 163 51 essentiale-

171 1499 380 40 ARTICVLVS
434 1499 292 40 SECVNDVS

186 1562 125 42 Vtrum
269 1562 139 42 illud,
367 1562 111 42 quod
436 1562 222 42 significatur
616 1562 139 42 nomine
700 1562 69 42 do-

214 1605 100 49 ni,
271 1605 185 49 conueniat
413 1605 128 49 solum
498 1605 171 49 Spiritui
612 1605 128 49 Sancto.

136 1603 90 42 T

276 1768 73 49 D
306 1768 103 49 hoc
364 1768 205 49 respondent
526 1768 147 49 quidam
614 1768 161 49 negatiue,

203 1777 141 69 quorum
302 1777 127 69 ratio
387 1777 113 69 est,
457 1777 113 69 quia
528 1777 113 69 omne
598 1777 141 69 illud,
683 1777 85 69 quod

198 1837 73 41 in
234 1837 133 41 diuinis
331 1837 121 41 potest
416 1837 182 41 liberaliter
562 1837 182 41 conmunicari
695 1837 73 41 crea

193 1870 114 45 turae
269 1870 177 45 rationali,
408 1870 114 45 habet
484 1870 152 45 rationem
598 1870 114 45 doni,
674 1870 88 45 sed
711 1870 51 45 es

195 1906 133 40 sentia
288 1906 133 40 diuina
380 1906 93 40 cum
433 1906 146 40 omnibus
540 1906 133 40 tribus
619 1906 146 40 personis,

199 1941 63 39 &
225 1941 88 39 non
275 1941 101 39 sola
338 1941 138 39 persona
438 1941 151 39 Spiritus
551 1941 126 39 Sancti
639 1941 126 39 potest
715 1941 50 39 li

202 1970 170 43 beraliter
332 1970 196 43 communicari
489 1970 170 43 creaturae
606 1970 157 43 rationali,

198 2006 105 42 ergo
264 2006 92 42 &c.
316 2006 119 42 Maior
395 2006 92 42 est
448 2006 105 42 nota
514 2006 105 42 apud
580 2006 92 42 eos
632 2006 119 42 Minor
698 2006 66 42 pro

192 2039 144 41 batur,
293 2039 115 41 quia
365 2039 101 41 cum
423 2039 130 41 Deus,
509 2039 173 41 donatur,
639 2039 72 41 &
654 2039 115 41 commu-

190 2075 133 54 nicatur
287 2075 158 54 creaturae
408 2075 170 54 rationali,
542 2075 85 54 non
590 2075 109 54 datur
663 2075 109 54 sibi,
723 2075 49 54 vt

795 150 112 63 quasi
869 150 149 63 habeatur
981 150 75 63 ab
1019 150 100 63 ipsa
1081 150 187 63 subiectiue,
1230 150 87 63 sed
1267 150 100 63 tantum

792 202 183 47 obiectiue,
936 202 105 47 puta
1001 202 92 47 per
1054 202 118 47 modum
1132 202 144 47 obiecti
1224 202 131 47 cogniti.

792 235 77 46 &
822 235 153 46 amati,
930 235 184 46 secundum
1068 235 123 46 quem
1144 235 138 46 modum
1236 235 107 46 non
1282 235 77 46 po-

797 271 96 45 test
857 271 120 45 donari
941 271 144 45 Spiritus
1049 271 132 45 Sanctus
1145 271 96 45 sine
1205 271 120 45 diuina
1277 271 84 45 essen

787 312 100 37 tia,
850 312 63 37 &
875 312 100 37 sine
938 312 113 37 alijs
1013 312 126 37 duabus
1101 312 163 37 personis,
1227 312 100 37 quia
1277 312 88 37 omnes

787 338 100 44 tres
850 338 150 44 personae
963 338 88 44 cum
1013 338 88 44 vna
1063 338 150 44 essentia
1175 338 113 44 simul
1250 338 138 44 amatur,

797 370 69 40 &
825 370 124 40 simul
907 370 234 40 cognoscuntur.
1100 370 193 40 Quapropter
1237 370 124 40 videtur

796 411 86 38 eis
845 411 122 38 sequi,
930 411 98 38 quod
991 411 122 38 illud,
1077 411 98 38 quod
1138 411 196 38 significatur
1285 411 73 38 nomi

792 437 76 48 ne
830 437 114 48 doni,
906 437 89 48 non
957 437 165 48 conueniat
1084 437 101 48 soli
1147 437 152 48 Spiritui
1249 437 114 48 Sancto,

788 473 94 44 sed
841 473 121 44 etiam
922 473 134 44 patri,
1016 473 67 44 &
1043 473 134 44 filio,
1137 473 67 44 &
1164 473 94 44 per
1204 473 161 44 consequens

794 507 89 47 tam
845 507 164 47 essentiae
971 507 101 47 quam
1022 507 139 47 personis)

815 536 105 52 lste
881 536 118 52 modus
959 536 144 52 dicendi
1064 536 118 52 stare
1143 536 92 52 non
1196 536 131 52 potest
1274 536 79 52 pro-

787 574 149 48 pter
862 574 130 48 tria.

817 608 133 50 Primo,
910 608 106 50 quia
976 608 93 50 non
1030 608 186 50 distinguit
1176 608 120 50 inter
1243 608 106 50 donum,

792 644 72 47 &
820 644 143 47 datum,
921 644 100 47 cum
978 644 129 47 tamen
1064 644 172 47 secundum
1193 644 86 47 P.
1221 644 129 47 August.

792 677 144 52 superius
900 677 156 52 allegatum
1020 677 84 52 sit
1068 677 84 52 ibi
1116 677 180 52 distinctio,
1260 677 96 52 quia
1308 677 48 52 no

787 713 108 40 mine
854 713 108 40 dati
921 713 188 40 importatur
1069 713 94 40 non
1123 713 121 40 solum
1203 713 148 40 aliquod
1297 713 54 40 di

791 743 120 38 uinum
870 743 213 38 intrinsecum,
1043 743 93 38 sed
1096 743 120 38 etiam
1176 743 146 38 aliquis
1269 743 93 38 effe-

793 781 102 39 ctus
857 781 89 39 Dei
908 781 204 39 intrinsecus,
1074 781 89 39 qui
1125 781 89 39 est
1176 781 153 39 communis
1278 781 76 39 toti

796 812 177 44 Trinitati;
935 812 126 44 nomine
1024 812 101 44 vero
1087 812 101 44 doni
1150 812 189 44 importatur,
1289 812 63 44 so-

785 848 94 47 lum
838 848 147 47 aliquid
945 848 201 47 intrinsecum
1106 848 161 47 diuinum,
1226 848 161 47 alioquin

786 883 156 46 Spiritus
903 883 143 46 Sanctus
1007 883 91 46 non
1059 883 143 46 fuisset
1163 883 117 46 donum
1241 883 78 46 ab
1267 883 91 46 aeter

790 921 87 44 no
834 921 175 44 antequam
950 921 175 44 donaretur.

821 947 151 43 Secundo
931 947 219 43 decipiuntur,
1109 947 109 43 quia
1177 947 109 43 idem
1246 947 96 43 est
1287 947 68 43 mo-

789 985 88 48 dus
840 985 138 48 diuinae
940 985 176 48 missionis,
1079 985 63 48 &
1104 985 138 48 diuinae
1192 985 163 48 donationis:

785 1019 92 38 nam
838 1019 119 38 sicut
917 1019 106 38 Deus
983 1019 92 38 non
1035 1019 119 38 datur
1115 1019 171 38 creaturae
1233 1019 119 38 rationa

787 1053 90 38 li,
838 1053 102 38 nisi
902 1053 77 38 vt
941 1053 154 38 habeatur
1056 1053 77 38 ab
1094 1053 77 38 ea
1133 1053 90 38 per
1184 1053 115 38 modum
1248 1053 115 38 obiecti

787 1090 156 35 cogniti,
904 1090 65 35 &
930 1090 130 35 amati,
1021 1090 91 35 sic
1073 1090 117 35 etiam
1152 1090 91 35 non
1204 1090 156 35 mittitur
1308 1090 52 35 in

793 1122 126 40 mentem
882 1122 139 40 eiusdem
983 1122 164 40 creaturae
1109 1122 189 40 rationalis,
1260 1122 101 40 nisi
1311 1122 50 40 vt

795 1156 99 48 psa
851 1156 85 48 eo
894 1156 155 48 fruatur
1007 1156 226 48 cognoscendo,
1190 1156 71 48 &
1219 1156 155 48 amando,
1318 1156 42 48 &

788 1192 125 43 tamen
872 1192 97 43 hoc
927 1192 97 43 non
983 1192 167 43 obstante
1108 1192 167 43 videmus,
1233 1192 111 43 quod
1289 1192 70 43 mit

785 1223 78 40 ti
824 1223 91 40 non
876 1223 155 40 competit
992 1223 181 40 essentiae,
1134 1223 91 40 nec
1186 1223 142 40 omnibus
1276 1223 78 40 per-

794 1258 129 47 sonis,
885 1258 103 47 quia
949 1258 142 47 persona
1053 1258 129 47 patris
1143 1258 142 47 nusquam
1234 1258 129 47 legitur,

795 1295 123 36 missa,
881 1295 74 36 vt
918 1295 111 36 patet
992 1295 86 36 per
1041 1295 74 36 P.
1078 1295 135 36 August.
1176 1295 135 36 secundo
1275 1295 74 36 de
1299 1295 62 36 Tri

790 1328 90 43 nit.
846 1328 90 43 cap.
891 1328 45 43 5.

823 1356 141 49 Tertio
922 1356 155 49 deficit
1035 1356 183 49 huiusmodi
1176 1356 155 49 dictum,
1274 1356 85 49 quia

784 1395 97 38 non
840 1395 153 38 videtur
951 1395 125 38 loqui
1034 1395 83 38 de
1076 1395 111 38 dono
1145 1395 153 38 proprie
1242 1395 111 38 sumpto

786 1428 92 40 Nam
838 1428 79 40 de
878 1428 145 40 ratione
983 1428 105 40 doni
1049 1428 145 40 proprie
1154 1428 131 40 sumpti
1246 1428 105 40 est,
1298 1428 53 40 vt

786 1463 108 47 exeat
858 1463 72 47 ab
894 1463 120 47 aliquo
978 1463 180 47 liberaliter
1122 1463 120 47 dante,
1206 1463 108 47 sicut
1266 1463 84 47 tange

782 1495 116 41 batur
860 1495 78 41 in
898 1495 155 41 articulo
1015 1495 207 41 praecedente,
1183 1495 65 41 &
1209 1495 103 41 ideo
1260 1495 91 41 quan-

784 1535 172 47 tuncunque
916 1535 146 47 persona
1022 1535 132 47 patris
1115 1535 93 47 det
1168 1535 146 47 seipsam
1260 1535 93 47 crea-

787 1562 111 39 turae
861 1562 160 39 rationali
984 1562 86 39 per
1033 1562 111 39 modum
1107 1562 135 39 obiecti
1205 1562 148 39 cogniti,
1316 1562 62 39 &

780 1599 138 49 amati,
877 1599 97 49 non
932 1599 124 49 tamen
1015 1599 152 49 propter
1125 1599 97 49 hoc
1180 1599 124 49 habet
1249 1599 97 49 pprie

781 1634 172 39 rationem
910 1634 129 39 doni,
996 1634 115 39 quia
1067 1634 143 39 nullum
1168 1634 129 39 habet
1239 1634 115 39 exitum

780 1667 75 48 ab
818 1667 138 48 aliquo.

827 1698 188 49 Quapropter
974 1698 81 49 si
1015 1698 148 49 volumus
1122 1698 148 49 proprie
1230 1698 121 49 loqui
1297 1698 54 49 de

786 1730 108 46 dono
853 1730 162 46 dicendum
974 1730 108 46 est,
1042 1730 108 46 quod
1109 1730 121 46 ratio
1177 1730 175 46 significata

787 1773 90 46 per
839 1773 116 46 nomen
916 1773 103 46 doni
981 1773 90 46 est
1032 1773 142 46 propria
1136 1773 155 46 Spiritui
1239 1773 116 46 Sancto,

790 1799 127 54 quod
870 1799 143 54 probo
949 1799 271 54 quadrupliciter.

818 1834 131 43 Primo,
910 1834 79 43 ex
949 1834 183 43 intentione
1093 1834 144 43 August.
1198 1834 157 43 superius
1303 1834 52 43 al

790 1873 134 37 legati
883 1873 94 37 15.
937 1873 80 37 de
977 1873 120 37 Trin.
1057 1873 107 37 cap.
1124 1873 80 37 18
1164 1873 107 37 quod
1231 1873 94 37 non
1271 1873 80 37 fru-

782 1906 98 41 stra
843 1906 74 41 in
880 1906 98 41 illa
942 1906 160 41 Trinitate
1065 1906 135 41 dicitur
1163 1906 123 41 verbum
1250 1906 98 41 Dei,
1299 1906 49 41 ni

787 1935 76 43 si
825 1935 140 43 filius;
927 1935 89 43 nec
978 1935 114 43 donum
1054 1935 89 43 Dei
1105 1935 102 43 nisi
1168 1935 152 43 Spiritus
1270 1935 76 43 San-

783 1975 109 39 ctus,
855 1975 72 39 ex
892 1975 121 39 quibus
976 1975 121 39 verbis
1060 1975 121 39 potest
1145 1975 133 39 formari
1241 1975 109 39 talis
1302 1975 48 39 ra

789 2008 100 42 tio.
851 2008 112 42 Sicut
926 2008 75 42 se
963 2008 112 42 habet
1038 2008 112 42 ratio
1112 2008 187 42 significata
1249 2008 100 42 nomine

782 2044 106 36 verbi
853 2044 71 36 ad
889 2044 106 36 ipsum
960 2044 130 36 filium,
1054 2044 83 36 ita
1102 2044 106 36 ratio
1173 2044 177 36 significata
1303 2044 47 36 no

785 2080 110 54 mine
854 2080 110 54 doni
923 2080 83 54 ad
965 2080 166 54 Spiritum
1089 2080 166 54 Sanctum,
1213 2080 97 54 sed
1254 2080 97 54 ratio
