1500 2388
130 172 183 53 significata
276 172 122 53 nomine
362 172 110 53 verbi
435 172 85 53 est
484 172 134 53 propria
582 172 122 53 filio,
655 172 61 53 er-

132 224 76 42 go
170 224 114 42 ratio
246 224 190 42 significata
398 224 127 42 nomine
487 224 101 42 doni
550 224 101 42 erit
601 224 114 42 propria

129 254 101 48 soli
192 254 151 48 Spiritui
293 254 114 48 Sancto.

125 292 179 38 Secundo,
260 292 90 38 De
304 292 164 38 ratione
424 292 120 38 doni
499 292 164 38 proprie
603 292 105 38 dicti

127 326 90 41 est
179 326 103 41 quod
243 326 116 41 exeat
320 326 77 41 ab
358 326 128 41 aliquo
448 326 116 41 cuius
525 326 128 41 exitus
602 326 103 41 princi

136 361 98 46 pium
197 361 86 46 sit
246 361 159 46 voluntas,
368 361 110 46 solus
441 361 147 46 Spiritus
551 361 134 46 Sanctus
637 361 61 46 ess

133 396 98 45 illa
194 396 135 45 persona
293 396 74 45 in
330 396 135 45 diuinis
428 396 98 45 quae
490 396 86 45 sic
539 396 111 45 habet
601 396 98 45 exitum

130 436 77 37 ab
169 436 141 37 aliqua,
271 436 102 37 quod
335 436 179 37 principium
475 436 89 37 sui
526 436 128 37 exitus
616 436 89 37 est
654 436 51 37 vo

130 464 140 50 luntas,
232 464 102 50 ergo
296 464 89 50 &c.
347 464 115 50 Maior
424 464 140 50 apparet
526 464 77 50 ex
564 464 102 50 ipsa
615 464 89 50 ratio

125 495 73 44 ne
161 495 109 44 doni,
234 495 85 44 est
282 495 97 44 enim
342 495 73 44 de
379 495 133 44 ratione
475 495 121 44 ipsius
548 495 157 44 liberaliter

128 535 122 45 dari,
210 535 68 45 &
237 535 217 45 communicari,
413 535 95 45 non
467 535 122 45 autem
549 535 149 45 daretur
644 535 54 45 li

131 566 160 45 beraliter
254 566 99 45 nisi
316 566 173 45 principium
451 566 86 45 sui
501 566 123 45 exitus
587 566 111 45 esset
649 566 49 45 vo

124 602 144 53 luntas:
229 602 118 53 Minor
308 602 118 53 etiam
386 602 144 53 apparet
491 602 79 53 ex
530 602 92 53 ijs
583 602 105 53 quae
635 602 66 53 di-

132 637 86 48 cta
181 637 98 48 sunt
242 637 110 48 supra
316 637 74 48 in
353 637 86 48 11.
402 637 61 48 &
426 637 86 48 12.
463 637 86 48 dist.

125 654 227 68 Confirmatur
306 654 106 68 per
367 654 227 68 Augustinum,
549 654 151 68 quinto
639 654 61 68 de

133 706 112 44 Trin.
207 706 100 44 cap.
270 706 87 44 14.
320 706 87 44 vbi
369 706 112 44 vult,
444 706 100 44 quod
507 706 125 44 filius
581 706 125 44 procedit

132 747 74 45 vt
169 747 124 45 natus,
255 747 148 45 Spiritus
366 747 136 45 Sanctus
465 747 74 45 vt
502 747 124 45 datus;
589 747 86 45 qua
626 747 74 45 pro-

128 776 103 47 pter
192 776 142 47 videtur
295 776 116 47 velle
373 776 103 47 quod
437 776 116 47 sicut
514 776 116 47 filio
578 776 129 47 proprium

125 814 89 43 est
176 814 101 43 esse
239 814 127 43 natum,
328 814 101 43 quia
392 814 178 43 principium
531 814 101 43 suae
582 814 114 43 proces-

129 847 122 50 sionis
214 847 85 50 est
263 847 194 50 intellectus,
421 847 85 50 vel
469 847 134 50 natura,
566 847 85 50 sic
603 847 97 50 Spiri-

122 878 92 49 tui
175 878 132 49 Sancto
267 878 159 49 proprium
386 878 92 49 est
439 878 106 49 esse
505 878 132 49 donum,
597 878 92 49 vel
637 878 66 49 da-

118 919 103 43 rum,
183 919 103 43 quia
247 919 181 43 principium
390 919 103 43 suae
454 919 207 43 processionis
609 919 91 43 estvo

124 951 148 40 luntas.
231 951 81 40 Ex
271 951 94 40 hoc
325 951 148 40 apparet
432 951 107 40 quod
500 951 121 40 sicut
567 951 134 40 Spiritus

115 988 153 38 Sanctus
227 988 112 38 capi
296 988 98 38 per
352 988 112 38 suam
422 988 223 38 processionem
589 988 112 38 simpli

116 1023 111 35 citer
190 1023 111 35 esse,
264 1023 86 35 ita
313 1023 86 35 ver
362 1023 123 35 eandem
448 1023 136 35 recipit
547 1023 99 35 quod
609 1023 86 35 sit
646 1023 49 35 do

113 1058 109 46 num,
181 1058 109 46 quia
250 1058 123 46 eadem
331 1058 218 46 necessitate,
508 1058 95 46 qua
563 1058 95 46 est
604 1058 95 46 illud

118 1091 105 40 quod
184 1091 105 40 est,
249 1091 118 40 habet
328 1091 118 40 etiam
407 1091 105 40 quod
473 1091 92 40 sit
525 1091 131 40 donum,
604 1091 92 40 sicut

121 1128 108 43 patet
193 1128 84 43 per
241 1128 72 43 P.
276 1128 96 43 Aug.
336 1128 60 43 1
360 1128 72 43 de
396 1128 108 43 Trin.
468 1128 96 43 cap.
528 1128 84 43 15.
575 1128 84 43 vbi
623 1128 96 43 ait,

115 1163 100 40 quod
177 1163 112 40 sicut
252 1163 125 40 natura
339 1163 100 40 esse
402 1163 87 40 est
451 1163 112 40 filio
526 1163 62 40 a
551 1163 112 40 Patre
614 1163 87 40 esse,

120 1197 92 50 sic
172 1197 157 50 Spiritui
290 1197 131 50 Sancto
382 1197 118 50 donum
460 1197 92 50 Dei
513 1197 105 50 esse
578 1197 92 50 est
631 1197 65 50 a
644 1197 52 50 pa

115 1231 104 41 tre,
180 1231 65 41 &
206 1231 117 41 filio
284 1231 182 41 procedere.
427 1231 143 41 Propter
531 1231 104 41 quod
596 1231 104 41 bene
648 1231 52 41 di

126 1266 141 39 cebatur
229 1266 77 39 in
267 1266 192 39 praecedenti
421 1266 166 39 articulo,
548 1266 102 39 quod
600 1266 102 39 Spiri-

126 1300 93 40 tus
179 1300 146 40 Sanctus
285 1300 106 40 erat
352 1300 120 40 donum
432 1300 93 40 per
485 1300 200 40 habitudinem
631 1300 67 40 ae-

118 1338 159 34 ternam,
233 1338 115 34 quem
305 1338 130 34 habet
391 1338 86 34 ad
435 1338 173 34 personam
550 1338 144 34 donantem

113 1365 140 49 ratione
215 1365 102 49 suae
266 1365 190 49 processionis.

154 1399 101 48 ldeo
217 1399 76 48 si
255 1399 177 48 quaeratur,
394 1399 114 48 sicut
470 1399 202 48 consueuerunt
621 1399 76 48 quae

123 1440 109 36 rere
192 1440 178 36 Doctores,
328 1440 123 36 Vtrum
410 1440 164 36 Spiritus
533 1440 150 36 Sanctus
629 1440 68 36 sit

125 1471 83 37 eo
167 1471 125 37 donum
250 1471 97 37 quo
306 1471 125 37 Deus;
389 1471 167 37 dicendum
514 1471 111 37 est,
583 1471 111 37 quod
639 1471 56 37 si

125 1505 169 43 loquamur
252 1505 253 43 principiatiue,
463 1505 127 43 eodem
547 1505 99 43 est
589 1505 99 43 donum

124 1544 72 37 &
152 1544 129 37 Deus,
239 1544 101 37 nam
296 1544 101 37 per
354 1544 144 37 eandem
454 1544 230 37 processionem
627 1544 57 37 ca

130 1581 98 33 pit
186 1581 112 33 quod
256 1581 98 33 sit
312 1581 126 33 Deus,
396 1581 70 33 &
424 1581 140 33 donum,
522 1581 70 33 &
550 1581 126 33 omnia
620 1581 70 33 qua

123 1615 98 35 sunt
184 1615 171 35 intrinseca
319 1615 98 35 suae
380 1615 220 35 personalitati:
563 1615 73 35 Si
600 1615 98 35 vero
649 1615 49 35 lo

113 1646 135 45 quamur
208 1646 203 45 formaliter,
370 1646 162 45 dicendum
492 1646 108 45 est,
560 1646 108 45 quod
614 1646 81 45 non,

113 1683 110 36 quia
182 1683 96 36 per
237 1683 110 36 suam
305 1683 219 36 proprietatem
483 1683 192 36 personalem
620 1683 69 36 ha-

124 1713 91 40 bet
176 1713 182 40 formaliter
319 1713 104 40 quod
384 1713 91 40 sit
437 1713 130 40 donum,
528 1713 91 40 per
580 1713 117 40 ipsam
645 1713 52 40 ve

124 1753 89 48 ro
169 1753 177 48 deitatem
302 1753 177 48 communem
435 1753 148 48 tribus
538 1753 133 48 habet
612 1753 89 48 quod

122 1781 93 44 sit
162 1781 93 44 Deus.

162 1814 142 46 Tertio
261 1814 127 46 probo
346 1814 212 46 principalem
502 1814 198 46 conclusionem

121 1858 101 47 sic.
185 1858 101 47 llla
248 1858 139 47 persona
349 1858 101 47 sola
413 1858 114 47 habet
489 1858 152 47 rationem
603 1858 101 47 doni
653 1858 51 47 in

121 1889 167 40 diuinis,
246 1889 97 40 cui
302 1889 236 40 appropriantur
496 1889 139 40 septem
593 1889 111 40 dona
648 1889 56 40 in

120 1921 139 48 quibus
217 1921 111 48 Deus
287 1921 167 48 donatur,
412 1921 97 48 sed
468 1921 111 48 haec
537 1921 97 48 est
579 1921 125 48 persona

122 1958 166 41 Spiritus
247 1958 152 41 Sancti,
357 1958 111 41 ergo
426 1958 97 41 &c.
482 1958 152 41 Maiorem
592 1958 138 41 probo,

128 1999 117 39 quia
202 1999 234 39 appropriatio
392 1999 176 39 dictorum
523 1999 161 39 donorum
626 1999 73 39 vni

120 2026 158 51 personae,
241 2026 85 51 vel
290 2026 85 51 fit
339 2026 134 51 propter
436 2026 207 51 efficientiam,
606 2026 85 51 vel
642 2026 61 51 pro

126 2062 107 45 pter
192 2062 200 45 donationem,
352 2062 93 45 non
406 2062 147 45 propter
499 2062 200 45 efficientiam,

123 2097 107 49 quia
189 2097 107 49 illa
256 2097 93 49 est
309 2097 160 49 communis
429 2097 147 49 tribus,
536 2097 107 49 ergo
589 2097 120 49 propter

121 2124 190 66 donationem,
273 2124 202 66 appropriatio
437 2124 126 66 autem,
526 2124 101 66 quae
589 2124 101 66 est.
640 2124 63 66 pro

724 189 106 58 pter
790 189 198 58 donationem,
948 189 92 58 non
1001 189 132 58 potest
1094 189 119 58 fieri
1173 189 92 58 vni
1213 189 92 58 perso

729 229 91 39 nae
781 229 117 39 magis
859 229 104 39 quam
925 229 130 39 alteri
1016 229 78 39 ex
1055 229 130 39 aliqua
1146 229 130 39 causa,
1225 229 78 39 nisi

729 265 103 39 quia
793 265 103 39 illa
857 265 141 39 persona
960 265 90 39 est
1011 265 115 39 donum
1088 265 90 39 Dei
1126 265 167 39 intrinsecun

722 303 82 40 in
763 303 109 40 quo,
831 303 68 40 &
858 303 95 40 cum
913 303 95 40 quo
967 303 163 40 donantur
1090 303 122 40 omnia
1172 303 109 40 illa
1226 303 68 40 se-

724 333 114 48 ptem
795 333 114 48 dona
867 333 215 48 extrinseca;
1038 333 129 48 Minor
1124 333 129 48 autem
1196 333 100 48 huius

725 367 153 40 rationis
840 367 140 40 apparet
942 367 89 40 per
993 367 127 40 lsaiam
1082 367 102 40 cap.
1145 367 76 40 9.
1183 367 89 40 vbi
1222 367 76 40 enu-

720 405 122 44 merat
802 405 122 44 dicta
883 405 135 44 septem
977 405 108 44 dona
1045 405 203 44 attribuendo
1207 405 81 44 ea
1234 405 68 44 Spi

723 434 111 42 ritui
784 434 111 42 Sancto.

744 472 85 42 Ex
786 472 99 42 hoc
843 472 156 42 apparet
956 472 142 42 vltimo
1055 472 156 42 solutio
1154 472 142 42 cuiusdam

730 509 196 44 quaestionis,
889 509 98 44 quae
950 509 159 44 consueuit
1073 509 122 44 queri,
1158 509 122 44 Vtrum,
1232 509 61 44 sci

725 544 118 41 licet
804 544 157 41 Spiritus
922 544 144 41 Sanctus
1027 544 92 41 sit
1079 544 118 41 donum
1158 544 79 41 in
1197 544 92 41 quo
1237 544 52 41 om

714 574 96 58 nia
769 574 110 58 dona
838 574 179 58 donantur,
976 574 110 58 quia
1044 574 165 58 dicendum
1168 574 96 58 est
1209 574 83 58 quod

724 608 94 45 sic,
783 608 70 45 vt
818 608 105 45 patet
888 608 70 45 ex
923 608 94 45 ista
970 608 117 45 ratione.

758 644 141 47 Quarto
857 644 127 47 probo
941 644 226 47 conclusionem
1111 644 183 47 principalem

720 680 100 40 sic.
782 680 100 40 llla
844 680 100 40 sola
907 680 137 40 persona
1006 680 112 40 habet
1081 680 150 40 rationem
1193 680 100 40 doni
1243 680 50 40 in

722 714 139 50 diuinis,
827 714 93 50 quae
885 714 81 50 est
931 714 116 50 ratio,
1012 714 104 50 quare
1082 714 93 50 tota
1139 714 139 50 Trinitas
1232 714 58 50 nos

726 754 161 34 nhabitat,
850 754 62 34 &
874 754 112 34 nobis
949 754 149 34 donatur,
1060 754 87 34 sed
1110 754 99 34 haec
1172 754 87 34 est
1222 754 99 34 sola

730 783 138 43 persona
830 783 150 43 Spiritus
942 783 138 43 Sancti,
1042 783 100 43 ergo
1105 783 88 43 &c.
1155 783 113 43 Maior
1217 783 75 43 iest

721 823 114 38 nota,
798 823 102 38 quia
861 823 203 38 inhabitatio,
1026 823 64 38 &
1052 823 140 38 donatio
1153 823 127 38 totius
1229 823 64 38 Tri

716 851 139 53 nitatis
817 851 88 53 non
868 851 139 53 videtur
968 851 113 53 posse
1044 851 151 53 attribui
1157 851 88 53 vni
1195 851 101 53 perso-

718 889 85 42 nae
767 889 110 42 magis
840 889 97 42 quam
900 889 122 42 alteri
986 889 73 42 ex
1022 889 97 42 alia
1083 889 122 42 causa,
1168 889 97 42 nisi
1217 889 73 42 quia

714 921 99 52 illa
775 921 136 52 persona
874 921 86 52 sua
924 921 185 52 proprietate
1072 921 161 52 personali
1195 921 86 52 est
1232 921 62 52 do-

717 956 103 44 num
776 956 103 44 Dei
835 956 89 44 in
880 956 118 44 quo,
953 956 74 44 &
983 956 103 44 per
1042 956 118 44 quod
1116 956 162 44 donatur
1219 956 74 44 no-

725 989 91 48 bis
777 989 104 48 tota
842 989 170 48 Trinitas:
973 989 144 48 Minorem
1077 989 130 48 probo,
1169 989 91 48 per
1208 989 78 48 Aug-

718 1028 74 43 de
755 1028 110 43 Trin.
828 1028 98 43 cap.
889 1028 86 43 18.
938 1028 86 43 vbi
987 1028 98 43 ait,
1049 1028 98 43 quod
1110 1028 159 43 Dilectio,
1220 1028 74 43 quae

721 1061 88 39 est
772 1061 76 39 ex
810 1061 101 39 Deo,
873 1061 88 39 est
924 1061 114 39 Deus,
999 1061 139 39 proprie
1100 1061 114 39 autem
1164 1061 126 39 Spiritus

717 1098 146 42 Sanctus
823 1098 93 42 est
876 1098 93 42 per
930 1098 106 42 quem
996 1098 200 42 diffunditur
1156 1098 80 42 in
1183 1098 106 42 cordi-

715 1127 89 45 bus
766 1127 140 45 nostris
868 1127 166 45 charitas;
996 1127 64 45 &
1021 1127 89 45 per
1072 1127 102 45 quem
1136 1127 102 45 tota
1200 1127 89 45 nos
1238 1127 51 45 in

715 1167 140 49 habitat
817 1167 165 49 Trinitas;
944 1167 101 49 ergo
1007 1167 89 49 &c.
1058 1167 76 49 Et
1096 1167 89 49 sic
1147 1167 114 49 patet
1210 1167 76 49 quid

714 1195 167 48 dicendum
839 1195 97 48 sit
895 1195 153 48 quantum
1006 1195 83 48 ad
1047 1195 125 48 istum
1117 1195 167 48 articulum,

715 1234 71 61 &
743 1234 85 61 ad
786 1234 128 61 totam
857 1234 199 61 quaestionem.

757 1304 226 45 AD
833 1304 414 45 ARGVMENTA

928 1334 180 50 principalite.

792 1365 70 52 D
820 1365 140 52 primum
918 1365 126 52 dico,
1002 1365 112 52 quod
1071 1365 168 52 Saluator
1183 1365 112 52 noster

724 1384 158 70 accipit
839 1384 101 70 ibi
896 1384 129 70 datum
982 1384 129 70 prout
1068 1384 115 70 idem
1140 1384 115 70 est,
1198 1384 86 70 quod

714 1448 101 42 per
771 1448 230 42 generationem
958 1448 245 42 communicatum,
1145 1448 144 42 secundum

711 1477 116 49 quem
783 1477 130 49 modum
870 1477 101 49 non
927 1477 159 49 proprie
1043 1477 188 49 accipitur
1173 1477 116 49 donum,

713 1517 74 38 &
743 1517 119 38 ideo
817 1517 178 38 Hilarius
951 1517 164 38 videtur
1070 1517 178 38 accipere
1189 1517 104 38 nomen

717 1546 103 48 doni
782 1546 116 48 valde
859 1546 129 48 large,
949 1546 129 48 quando
1039 1546 129 48 dicit,
1129 1546 103 48 quod
1181 1546 103 48 essen-

715 1580 87 48 tia
764 1580 87 48 est
814 1580 112 48 donum
889 1580 112 48 datum
964 1580 112 48 filio
1039 1580 62 48 a
1051 1580 100 48 patre,

750 1612 85 44 Ad
792 1612 170 44 secundum
920 1612 128 44 dico,
1005 1612 114 44 quod
1076 1612 128 44 solum
1147 1612 142 44 Spiritus

716 1648 150 50 Sanctus
825 1648 150 50 obtinet
934 1648 163 50 rationem
1057 1648 109 50 doni
1125 1648 150 50 proprie
1220 1648 68 50 lo-

718 1689 135 42 quendo,
816 1689 111 42 sicut
890 1689 135 42 habetur
989 1689 74 42 ex
1025 1689 74 42 vi
1062 1689 123 42 illius
1136 1689 148 42 consequen-

717 1727 118 44 tiae.
795 1727 79 44 Ad
835 1727 196 44 probationem
992 1727 105 44 vero
1057 1727 92 44 cum
1110 1727 157 44 dicitur,
1214 1727 79 44 quod

714 1756 122 40 omnes
796 1756 109 40 tres
864 1756 163 40 personae
987 1756 191 40 conueniunt
1136 1756 82 40 ad
1164 1756 122 40 inhabi-

712 1792 149 41 tandam
816 1792 194 41 creaturam
965 1792 223 41 rationalem:
1129 1792 164 41 Dicendum,

716 1827 114 49 quod
787 1827 157 49 quamuis
901 1827 129 49 omnes
987 1827 114 49 tres
1058 1827 171 49 personae
1187 1827 86 49 ad
1216 1827 71 49 hoc

755 1862 193 40 conueniant,
910 1862 116 40 ratio
987 1862 116 40 tamen
1064 1862 129 40 totius
1141 1862 116 40 inhabi-

790 1894 148 48 tationis
901 1894 185 48 attribuitur
1049 1894 148 48 Spiritui
1148 1894 74 48 San-

818 1928 86 48 cto
867 1928 86 48 (vt
916 1928 135 48 patuit)
1015 1928 98 48 quia
1076 1928 86 48 sua
1113 1928 74 48 pro-

852 1961 156 53 prietas
965 1961 99 53 est
1022 1961 128 53 donum
1093 1961 57 53 in

885 1996 118 56 quo,
959 1996 74 56 &
988 1996 103 56 per
1033 1996 88 56 quod

919 2032 113 42 tota
976 2032 113 42 Trini-

938 2062 132 47 tas
995 2062 94 47 no-

913 2096 96 57 bis
954 2096 137 57 donatur.
