1500 2389
128 179 152 68 fundata
239 179 125 68 super
322 179 222 68 generationem
502 179 166 68 palliuam
613 179 97 68 vide-

136 235 89 40 tur
187 235 102 40 esse
251 235 76 40 de
289 235 203 40 relationibus
454 235 152 40 pertinen
568 235 102 40 ibus
632 235 76 40 ad
657 235 51 40 si

135 267 144 47 cundum
235 267 129 47 modum
321 267 158 47 positum
436 267 158 47 ibidem,
551 267 101 47 vel
594 267 115 47 saltem

139 298 142 53 similis
242 298 129 53 illis,
333 298 142 53 constat
436 298 116 53 autem
513 298 103 53 quod
565 298 155 53 relationes

136 330 85 56 de
178 330 127 56 primo
263 330 113 56 modo
333 330 99 56 non
390 330 155 56 possunt
503 330 197 56 coincidere
644 330 71 56 cum

137 368 221 57 relationibus
317 368 83 57 de
358 368 152 57 secundo
469 368 124 57 modo,
538 368 179 57 relimquitur

132 408 119 54 ergo,
211 408 106 54 quod
277 408 185 54 aequalitas
422 408 79 54 in
462 408 159 54 diuinis,
568 408 145 54 quocunque

136 437 106 55 modo
202 437 159 55 sumatur,
321 437 93 55 non
374 437 133 55 possit
467 437 106 55 esse
534 437 186 55 proprietas
666 437 40 55 p

133 476 132 41 sonalis
229 476 120 41 filij,
313 476 72 41 vt
349 476 96 41 isti
397 476 108 41 dicunt.

158 508 145 55 Secundo
263 508 145 55 videtur
369 508 105 55 quod
434 508 184 55 distinctio
579 508 119 55 illa,
645 508 66 55 qua

135 537 128 60 faciunt
228 537 70 60 de
263 537 186 60 aequalitate,
414 537 81 60 sit
461 537 116 60 omnino
542 537 151 60 fictitia;
646 537 70 60 quia

139 578 73 46 si
175 578 73 46 in
212 578 133 46 diuinis
308 578 109 46 esset
381 578 85 46 vna
430 578 170 46 aequalitas
563 578 121 46 dicens
635 578 73 46 iden

134 616 145 42 titatem
239 616 223 42 magnitudinis,
423 616 66 42 &
449 616 105 42 alia
515 616 131 42 dicens
594 616 118 42 proprie

130 653 116 46 tatem
207 653 180 46 personalem
349 653 129 46 filij,
439 653 193 46 sequeretur,
594 653 103 46 quod
646 653 64 46 fi-

132 682 89 55 lius
188 682 101 55 esset
255 682 134 55 aequalis
355 682 101 55 patri
422 682 123 55 dmplici
512 682 179 55 aequalitate,
646 682 67 55 quod

119 715 171 46 est
216 715 317 46 absurdum.

166 754 136 44 Tertio,
265 754 99 44 dato
327 754 99 44 quod
389 754 149 44 praefata
500 754 174 44 distinctio
624 754 87 44 esset

130 785 124 54 bona,
213 785 97 54 non
268 785 124 54 tamen
351 785 124 54 valet
434 785 97 54 eis
489 785 83 54 ad
531 785 83 54 pr
558 785 152 54 opositum,

140 822 107 43 quia
207 822 148 43 quamuis
314 822 94 43 per
368 822 94 43 eam
422 822 148 43 possint
529 822 148 43 saluare
623 822 94 43 quare

130 862 92 45 non
183 862 171 45 recipitur
314 862 171 45 conuersio
446 862 224 45 adaequationis
618 862 92 45 inter

133 897 156 45 patrem,
246 897 71 45 &
275 897 156 45 filium,
388 897 99 45 non
445 897 128 45 tamen
530 897 156 45 possunt
630 897 85 45 red-

130 933 110 33 dere
199 933 152 33 causam,
310 933 124 33 quare
392 933 97 33 non
448 933 193 33 inueniatur
586 933 124 33 conuer-

131 965 96 41 sio
186 965 232 41 adaequationis
377 965 123 41 inter
459 965 150 41 patrem,
569 965 68 41 &
582 965 137 41 Spiritum

132 1002 161 45 Sanctum,
252 1002 121 45 sicut
333 1002 121 45 inter
413 1002 147 45 patrem,
520 1002 147 45 filium,
628 1002 67 45 &
641 1002 67 45 Spi

127 1031 147 44 ritum
208 1031 163 44 Sanctum.

166 1071 135 48 Quarto
261 1071 81 48 ad
302 1071 135 48 dictum
396 1071 149 48 istorum
504 1071 176 48 sequitur,
626 1071 81 48 quod

129 1099 128 46 filius
219 1099 77 46 ex
257 1099 89 46 sua
308 1099 191 46 processione
461 1099 153 46 obtineat
563 1099 153 46 aequalita-

137 1139 81 37 te
177 1139 81 37 ad
217 1139 134 37 patrem
311 1139 201 37 perfectiori
472 1139 121 37 modo,
553 1139 107 37 quam
607 1139 107 37 Spiri-

129 1176 97 41 tus
185 1176 167 41 Sanctus,
310 1176 111 41 quod
379 1176 139 41 omnino
477 1176 97 41 est
532 1176 153 41 falsum,
630 1176 83 41 Con-

133 1207 182 42 sequentiam
276 1207 130 42 probo,
367 1207 104 42 quia
433 1207 130 42 illud,
524 1207 104 42 quod
589 1207 91 42 est
628 1207 91 42 aequa

135 1243 77 48 le
174 1243 129 48 alteri
264 1243 77 48 ex
302 1243 90 48 sua
354 1243 206 48 proprietate,
521 1243 142 48 videtur
611 1243 103 48 perfe-

133 1278 120 47 ctiori
217 1278 96 47 modo
277 1278 96 47 esse
337 1278 132 47 aequale
433 1278 108 47 sibi,
505 1278 96 47 quam
565 1278 120 47 illud,
637 1278 72 47 quod

133 1312 89 52 est
184 1312 102 52 sibi
248 1312 140 52 aequale
349 1312 165 52 quocunque
476 1312 102 52 alio
539 1312 114 52 modo,
615 1312 89 52 ita
654 1312 63 52 est

133 1346 77 51 in
172 1346 180 51 proposito,
313 1346 77 51 vt
352 1346 129 51 patet,
442 1346 103 51 ergo
494 1346 64 51 &c.

161 1385 144 43 Propter
266 1385 105 43 quae
331 1385 118 43 omnia
410 1385 118 43 dico,
489 1385 105 43 quod
555 1385 105 43 ideo
620 1385 79 43 in
646 1385 66 43 di-

135 1421 112 41 uinis
209 1421 87 41 non
259 1421 161 41 recipitur
383 1421 161 41 conuersio
507 1421 223 41 adaequationis,

136 1451 98 52 quia
197 1451 172 52 adaequatio
332 1451 86 52 ibi
381 1451 86 52 non
430 1451 110 52 dicit
504 1451 196 52 aequalitatem
651 1451 61 52 quo

136 1487 140 39 cunque
234 1487 126 39 modo,
318 1487 98 39 sed
374 1487 98 39 cum
430 1487 210 39 determinato
597 1487 112 39 modo
653 1487 56 39 ha

136 1522 126 42 bendi
220 1522 112 42 eam,
290 1522 112 42 quod
360 1522 140 42 patet:
459 1522 98 42 nam
515 1522 154 42 quamuis
613 1522 98 42 pater

142 1557 123 38 habeat
228 1557 197 38 aequalitatem
388 1557 74 38 ad
425 1557 136 38 filium,
524 1557 62 38 &
549 1557 123 38 filius
635 1557 74 38 ad
660 1557 49 38 pa

144 1591 113 48 trem,
220 1591 101 48 alio
283 1591 113 48 tamen
358 1591 101 48 modo
421 1591 113 48 habet
497 1591 88 48 eam
547 1591 139 48 filius,
635 1591 76 48 quam

142 1630 116 42 pater,
223 1630 93 42 quia
281 1630 104 42 pater
351 1630 58 42 a
374 1630 81 42 se,
420 1630 116 42 filius
501 1630 58 42 a
512 1630 93 42 patre.

172 1659 169 50 Quapropter
305 1659 73 50 si
341 1659 169 50 adaequatio
474 1659 73 50 in
511 1659 133 50 diuinis
607 1659 85 50 ita
644 1659 60 50 com

135 1697 114 42 petit
211 1697 126 42 filio,
300 1697 101 42 quod
363 1697 88 42 non
413 1697 126 42 patri,
502 1697 88 42 non
552 1697 126 42 potest
628 1697 76 42 pro-

136 1731 121 44 uenire
221 1731 73 44 ex
257 1731 109 44 alio:
330 1731 97 44 nisi
391 1731 97 44 quia
451 1731 170 44 adaequatio
585 1731 109 44 dicit
645 1731 61 44 ae-

132 1761 193 51 qualitatem
284 1761 151 51 habitam
394 1761 83 51 ex
435 1761 110 51 alio
504 1761 179 51 principio
627 1761 69 51 per

133 1803 154 37 eessione
248 1803 77 37 ab
287 1803 115 37 illo,
364 1803 64 37 &
389 1803 102 37 quia
453 1803 115 37 pater
530 1803 90 37 non
581 1803 115 37 habet
645 1803 64 37 ae-

140 1839 182 40 qualitatem
283 1839 78 40 ad
322 1839 130 40 filium
413 1839 104 40 isto
479 1839 117 40 modo,
557 1839 143 40 idcired
648 1839 65 40 non

134 1872 171 39 recipitur
265 1872 92 39 ibi
318 1872 158 39 conuersa
437 1872 184 39 adaequatio
581 1872 92 39 Hoc
621 1872 92 39 tamen

128 1904 99 40 non
184 1904 155 40 impedit
297 1904 127 40 veram
382 1904 226 40 aequalitatem
552 1904 155 40 diuinarum

134 1937 195 45 personarum,
290 1937 91 45 sed
342 1937 117 45 solum
420 1937 91 45 dat
472 1937 195 45 intelligere
615 1937 91 45 diuer

135 1973 115 37 sum
200 1973 148 37 modum
299 1973 181 37 habendi
415 1973 82 37 eam

144 2044 355 40 ARTICVLVS
389 2044 246 40 SECVNDV

215 2110 122 44 Vtrum
297 2110 95 44 vna
351 2110 149 44 persona
459 2110 95 44 sit
513 2110 81 44 in
540 2110 95 44 alia.

826 309 131 45 Vamuis
917 309 78 45 de
957 309 92 45 hac
1009 309 196 45 conclusione
1166 309 92 45 non
1218 309 92 45 sit
1258 309 65 45 ali

758 322 132 78 quod
840 322 165 78 dubium
955 322 132 78 quia
1037 322 181 78 habemus
1169 322 148 78 illam
1251 322 66 78 de

812 386 199 40 terminatam
968 386 71 40 a
997 386 185 40 Saluatore
1139 386 142 40 nostro
1225 386 85 40 apud

734 410 161 54 lohannem
854 410 80 54 14
894 410 121 54 sicut
975 410 161 54 superius
1096 410 107 54 fuit
1149 410 161 54 allegatum;

735 449 79 51 de
774 449 105 51 modo
840 449 118 51 tamen
919 449 145 51 essendi
1024 449 92 51 est
1076 449 210 51 difficultas;
1234 449 79 51 quia

734 488 192 38 diuersimode
888 488 218 38 intelligitur,
1067 488 64 38 &
1092 488 179 38 declaratur
1233 488 64 38 a
1246 488 64 38 di

723 519 113 42 nersis.

760 550 142 50 Quidam
859 550 114 50 enim
931 550 157 50 dicunt,
1045 550 114 50 quod
1116 550 128 50 mutua
1187 550 128 50 existen

735 586 93 55 tia
788 586 172 55 diuinarum
920 586 186 55 personarum
1066 586 133 55 oritur
1159 586 80 55 ex
1186 586 119 55 specia-

729 619 65 52 l
755 619 104 52 modo
820 619 208 52 identitatis,
989 619 104 52 quem
1053 619 117 52 habet
1131 619 130 52 diuina
1209 619 104 52 essen-

737 657 95 42 tia
792 657 95 42 cum
846 657 150 42 omnibus
956 657 245 42 proprietatibus
1146 657 164 42 personali-

733 693 107 46 bus:
799 693 93 46 nam
853 693 120 46 tanta
933 693 187 46 identitate
1080 693 93 46 est
1133 693 120 46 eadem
1213 693 80 46 in
1240 693 80 46 omni

731 729 93 47 bus
784 729 107 47 eis,
851 729 107 47 quod
918 729 93 47 non
971 729 120 47 habet
1051 729 160 47 propriam
1171 729 174 47 veritatem

740 764 88 47 sed
791 764 126 47 fundat
879 764 151 47 paenitus
992 764 151 47 vnitatem
1106 764 126 47 eandem
1194 764 88 47 cum
1231 764 76 47 eis,

742 802 79 39 ita
787 802 68 39 vt
821 802 79 39 non
866 802 79 39 sit
912 802 204 39 praeciscibilis
1081 802 68 39 ab
1115 802 91 39 eis,
1172 802 79 39 Vel
1217 802 68 39 ab
1240 802 68 39 ali-

733 835 93 57 qua
786 835 119 57 earum
865 835 133 57 aliquo
958 835 119 57 modo,
1038 835 119 57 neque
1117 835 172 57 realiter,
1236 835 80 57 nequ

737 867 174 51 secundum
853 867 189 51 intellectum

775 906 141 43 Addunt
874 906 155 43 insuper
987 906 113 43 quod
1058 906 155 43 quamuis
1171 906 127 43 dicta
1241 906 71 43 in-

733 931 170 53 existentia
866 931 133 53 oriatur
963 931 73 53 ex
1000 931 182 53 identitate,
1145 931 85 53 non
1194 931 85 53 est
1230 931 85 53 tamen

730 973 182 40 formaliter
873 973 182 40 identitas,
1016 973 104 40 quia
1082 973 104 40 alia
1147 973 91 40 est
1186 973 130 40 habitudo

737 1009 90 49 qua
789 1009 142 49 aliquid
892 1009 90 49 est
943 1009 77 49 in
982 1009 142 49 aliquo,
1084 1009 64 49 &
1110 1009 90 49 qua
1162 1009 142 49 aliquid
1252 1009 64 49 est

736 1047 108 39 idem
803 1047 95 39 cum
857 1047 122 39 alio,
938 1047 68 39 &
965 1047 108 39 ideo
1033 1047 95 39 cum
1087 1047 176 39 quaeritur
1222 1047 81 39 ab
1249 1047 68 39 eis

733 1077 99 48 quid
795 1077 87 48 sit
844 1077 173 48 formaliter
980 1077 112 48 talis
1055 1077 211 48 inexistentia,
1216 1077 99 48 dicunt

728 1117 113 46 quod
798 1117 99 46 est
855 1117 127 46 modus
939 1117 211 46 identitatis
1109 1117 183 46 diuinarum
1235 1117 85 46 per-

730 1151 168 45 sonarum,
856 1151 112 45 quia
926 1151 98 45 non
982 1151 112 45 sunt
1053 1151 98 45 sic
1109 1151 112 45 idem
1179 1151 112 45 quod
1235 1151 84 45 adin

740 1183 123 47 uicem
822 1183 218 47 confundantur
999 1183 123 47 earum
1081 1183 259 47 personalitates,

738 1218 110 46 sicut
811 1218 135 46 videtur
909 1218 196 46 intellexisse
1069 1218 172 46 Sabellius,
1204 1218 86 46 sed
1240 1218 74 46 sunt

731 1253 107 50 idem
798 1253 107 50 tali
865 1253 201 50 identitate,
1026 1253 107 50 quae
1093 1253 188 50 compatitur
1227 1253 94 50 earum

733 1286 151 48 proprias
847 1286 239 48 personalitates,
1048 1286 63 48 &
1073 1286 189 48 perseitates
1211 1286 101 48 distin

734 1327 116 37 ctas,
811 1327 90 37 ita
863 1327 77 37 vt
901 1327 218 37 intelligantur
1081 1327 103 37 idem
1145 1327 90 37 hoc
1196 1327 103 37 modo
1248 1327 64 37 se-

734 1357 128 40 cundum
824 1357 102 40 eos,
888 1357 154 40 scilicet
1003 1357 102 40 quod
1067 1357 154 40 saluatis
1182 1357 102 40 suis
1233 1357 77 40 pro-

743 1391 106 45 prijs
814 1391 260 45 peirsonalitatibus,
1039 1391 59 45 &
1063 1391 201 45 perseitatibus
1216 1391 95 45 distin

732 1432 110 38 ctis
801 1432 110 38 sunt
870 1432 110 38 idem
938 1432 82 38 in
979 1432 137 38 quadam
1076 1432 124 38 summa
1158 1432 96 38 re,
1199 1432 110 38 scili-

732 1462 86 56 cet
781 1462 122 56 diuina
866 1462 147 56 essentia
976 1462 195 56 indistincta,
1135 1462 61 56 &
1147 1462 159 56 indistingui

737 1496 96 35 bili
797 1496 72 35 ab
833 1496 84 35 eis
881 1496 84 35 re,
929 1496 60 35 &
941 1496 120 35 ratione.

782 1521 106 56 Quod
848 1521 146 56 probant
954 1521 159 56 ratione,
1073 1521 66 56 &
1087 1521 225 56 authoritatibus;

731 1555 148 56 Ratione
838 1555 108 56 sic:
905 1555 108 56 llle
973 1555 121 56 modus
1053 1555 148 56 videtur
1148 1555 161 56 conueniens

727 1605 84 39 ad
769 1605 182 39 saluandum
909 1605 112 39 vnam
979 1605 168 39 personam
1106 1605 112 39 esse
1176 1605 84 39 in
1204 1605 98 39 alia,

728 1634 92 47 quo
780 1634 131 47 posito
872 1634 184 47 necessario
1016 1634 157 47 sequitur
1134 1634 118 47 dicta
1200 1634 105 47 inexi-

731 1668 148 43 stentia
838 1668 94 43 non
892 1668 121 43 solum
972 1668 161 43 secundum
1093 1668 107 43 rem,
1160 1668 94 43 sed
1214 1668 121 43 etiam

733 1703 164 46 secundum
857 1703 219 46 intellectum:
1035 1703 96 46 sed
1090 1703 137 46 posito
1186 1703 110 46 quod
1240 1703 69 46 di-

737 1740 97 44 uina
797 1740 145 44 essentia
906 1740 85 44 sit
954 1740 181 44 indistincta
1100 1740 60 44 a
1124 1740 121 44 tribus
1196 1740 109 44 proprie

729 1775 145 39 tatibus
834 1775 210 39 personalibus
1005 1775 92 39 re,
1057 1775 66 39 &
1084 1775 145 39 ratione
1176 1775 131 39 sequitur

730 1808 183 38 necessario
873 1808 117 38 dicta
952 1808 222 38 inexistentia,
1134 1808 104 38 ergo
1200 1808 91 38 &c:
1239 1808 65 38 Ma-

729 1845 92 46 ior
781 1845 131 46 patet;
873 1845 118 46 Minor
952 1845 171 46 probatur,
1084 1845 105 46 quia
1149 1845 131 46 quando
1228 1845 79 46 ali-

734 1880 94 41 qua
787 1880 108 41 sunt
855 1880 108 41 idem
922 1880 94 41 per
975 1880 175 41 omnimodam
1096 1880 202 41 indistinctio.

735 1913 92 40 nem,
792 1913 172 40 impossibile
930 1913 80 40 est
975 1913 92 40 vnum
1033 1913 103 40 eorum
1102 1913 103 40 esse,
1170 1913 80 40 vel
1205 1913 103 40 intelli

734 1950 66 41 gi
767 1950 77 41 qun
811 1950 122 41 alterum
900 1950 111 41 insit,
977 1950 55 41 &
999 1950 111 41 inesse
1077 1950 188 41 intelligatur,
1232 1950 77 41 qua
1265 1950 44 41 si

735 1987 84 43 det
783 1987 169 43 oppositum,
916 1987 97 43 quod
976 1987 133 43 alterum
1073 1987 109 43 eorum
1145 1987 121 43 possit
1218 1987 84 43 esse.

735 2017 86 44 vel
784 2017 159 44 intelligi
906 2017 98 44 sine
967 2017 135 44 altero,
1065 2017 86 44 iam
1114 2017 86 44 non
1163 2017 122 44 essent
1237 2017 73 44 idem

735 2049 100 43 per
792 2049 186 43 omnimodam
935 2049 286 43 indistinctionem,
1178 2049 100 43 cum
1221 2049 86 43 ergo

734 2089 163 41 quaelibet
860 2089 138 41 persona
960 2089 125 41 diuina
1048 2089 88 41 sit
1098 2089 100 41 idem
1161 2089 163 41 paenitus,

729 2117 110 51 quod
798 2117 138 51 diuina
895 2117 179 51 essentia;
1033 2117 124 51 hulla
1116 2117 124 51 earum
1185 2117 124 51 poterit
