<?xml version="1.0" encoding="UTF-8"?>
<alto xmlns:xsi="http://www.w3.org/2001/XMLSchema-instance"
      xmlns="http://www.loc.gov/standards/alto/ns-v2#"
      xmlns:page="http://schema.primaresearch.org/PAGE/gts/pagecontent/2013-07-15"
      xsi:schemaLocation="http://www.loc.gov/standards/alto/ns-v2# http://www.loc.gov/standards/alto/alto.xsd">
   <Description>
      <MeasurementUnit>pixel</MeasurementUnit>
      <OCRProcessing ID="IdOcr">
         <ocrProcessingStep>
            <processingDateTime>2020-09-29T17:18:21.776-04:00</processingDateTime>
            <processingSoftware>
               <softwareCreator>READ COOP</softwareCreator>
               <softwareName>Transkribus</softwareName>
            </processingSoftware>
         </ocrProcessingStep>
      </OCRProcessing>
   </Description>
   <Tags/>
   <Layout>
      <Page ID="Page1" PHYSICAL_IMG_NR="1" HEIGHT="2350" WIDTH="1500">
         <TopMargin HEIGHT="0" WIDTH="1500" VPOS="0" HPOS="0"/>
         <LeftMargin HEIGHT="2350" WIDTH="0" VPOS="0" HPOS="0"/>
         <RightMargin HEIGHT="2350" WIDTH="0" VPOS="0" HPOS="1500"/>
         <BottomMargin HEIGHT="0" WIDTH="1500" VPOS="2350" HPOS="0"/>
         <PrintSpace HEIGHT="2350" WIDTH="1500" VPOS="0" HPOS="0">
            <TextBlock ID="TextRegion_1600963103661_1867"
                       HEIGHT="2024"
                       WIDTH="589"
                       VPOS="134"
                       HPOS="210">
               <Shape>
                  <Polygon POINTS="210,134 779,134 789,1123 799,2158 210,2158"/>
               </Shape>
               <TextLine ID="r1l4"
                         BASELINE="218"
                         HEIGHT="44"
                         WIDTH="542"
                         VPOS="174"
                         HPOS="213">
                  <String HEIGHT="44" WIDTH="95" VPOS="174" HPOS="199" CONTENT="non"/>
                  <SP HEIGHT="44" WIDTH="14" VPOS="174" HPOS="294"/>
                  <String HEIGHT="44"
                          WIDTH="122"
                          VPOS="174"
                          HPOS="254"
                          CONTENT="iorum"/>
                  <SP HEIGHT="44" WIDTH="14" VPOS="174" HPOS="376"/>
                  <String HEIGHT="44"
                          WIDTH="149"
                          VPOS="174"
                          HPOS="335"
                          CONTENT="quantum"/>
                  <SP HEIGHT="44" WIDTH="14" VPOS="174" HPOS="484"/>
                  <String HEIGHT="44" WIDTH="81" VPOS="174" HPOS="443" CONTENT="ad"/>
                  <SP HEIGHT="44" WIDTH="14" VPOS="174" HPOS="525"/>
                  <String HEIGHT="44"
                          WIDTH="176"
                          VPOS="174"
                          HPOS="484"
                          CONTENT="presentem"/>
                  <SP HEIGHT="44" WIDTH="14" VPOS="174" HPOS="660"/>
                  <String HEIGHT="44"
                          WIDTH="149"
                          VPOS="174"
                          HPOS="606"
                          CONTENT="articulum"/>
               </TextLine>
               <TextLine ID="r1l6"
                         BASELINE="249"
                         HEIGHT="38"
                         WIDTH="546"
                         VPOS="211"
                         HPOS="215">
                  <String HEIGHT="38" WIDTH="91" VPOS="211" HPOS="202" CONTENT="sed"/>
                  <SP HEIGHT="38" WIDTH="13" VPOS="211" HPOS="293"/>
                  <String HEIGHT="38"
                          WIDTH="117"
                          VPOS="211"
                          HPOS="254"
                          CONTENT="etiam"/>
                  <SP HEIGHT="38" WIDTH="13" VPOS="211" HPOS="371"/>
                  <String HEIGHT="38"
                          WIDTH="143"
                          VPOS="211"
                          HPOS="332"
                          CONTENT="quantum"/>
                  <SP HEIGHT="38" WIDTH="13" VPOS="211" HPOS="475"/>
                  <String HEIGHT="38" WIDTH="78" VPOS="211" HPOS="436" CONTENT="ad"/>
                  <SP HEIGHT="38" WIDTH="13" VPOS="211" HPOS="514"/>
                  <String HEIGHT="38" WIDTH="91" VPOS="211" HPOS="475" CONTENT="ea,"/>
                  <SP HEIGHT="38" WIDTH="13" VPOS="211" HPOS="566"/>
                  <String HEIGHT="38"
                          WIDTH="104"
                          VPOS="211"
                          HPOS="527"
                          CONTENT="quae"/>
                  <SP HEIGHT="38" WIDTH="13" VPOS="211" HPOS="631"/>
                  <String HEIGHT="38"
                          WIDTH="143"
                          VPOS="211"
                          HPOS="592"
                          CONTENT="dicenda"/>
                  <SP HEIGHT="38" WIDTH="13" VPOS="211" HPOS="735"/>
                  <String HEIGHT="38" WIDTH="78" VPOS="211" HPOS="683" CONTENT="sunc"/>
               </TextLine>
               <TextLine ID="r1l7"
                         BASELINE="293"
                         HEIGHT="49"
                         WIDTH="186"
                         VPOS="244"
                         HPOS="212">
                  <String HEIGHT="49" WIDTH="80" VPOS="244" HPOS="199" CONTENT="in"/>
                  <SP HEIGHT="49" WIDTH="13" VPOS="244" HPOS="278"/>
                  <String HEIGHT="49"
                          WIDTH="173"
                          VPOS="244"
                          HPOS="225"
                          CONTENT="sequentibus"/>
               </TextLine>
               <TextLine ID="r1l9"
                         BASELINE="316"
                         HEIGHT="53"
                         WIDTH="515"
                         VPOS="263"
                         HPOS="249">
                  <String HEIGHT="53"
                          WIDTH="158"
                          VPOS="263"
                          HPOS="236"
                          CONTENT="Sciendum"/>
                  <SP HEIGHT="53" WIDTH="13" VPOS="263" HPOS="394"/>
                  <String HEIGHT="53"
                          WIDTH="106"
                          VPOS="263"
                          HPOS="355"
                          CONTENT="ergo"/>
                  <SP HEIGHT="53" WIDTH="13" VPOS="263" HPOS="460"/>
                  <String HEIGHT="53"
                          WIDTH="106"
                          VPOS="263"
                          HPOS="421"
                          CONTENT="quod"/>
                  <SP HEIGHT="53" WIDTH="13" VPOS="263" HPOS="526"/>
                  <String HEIGHT="53"
                          WIDTH="145"
                          VPOS="263"
                          HPOS="487"
                          CONTENT="praeter"/>
                  <SP HEIGHT="53" WIDTH="13" VPOS="263" HPOS="632"/>
                  <String HEIGHT="53"
                          WIDTH="119"
                          VPOS="263"
                          HPOS="592"
                          CONTENT="istam"/>
                  <SP HEIGHT="53" WIDTH="13" VPOS="263" HPOS="711"/>
                  <String HEIGHT="53"
                          WIDTH="106"
                          VPOS="263"
                          HPOS="658"
                          CONTENT="recti"
                          SUBS_TYPE="HypPart1"
                          SUBS_CONTENT="rectitudinem,"/>
                  <HYP CONTENT="-"/>
               </TextLine>
               <TextLine ID="r1l12"
                         BASELINE="357"
                         HEIGHT="37"
                         WIDTH="556"
                         VPOS="320"
                         HPOS="207">
                  <String HEIGHT="37"
                          WIDTH="163"
                          VPOS="320"
                          HPOS="193"
                          CONTENT="tudinem,"
                          SUBS_TYPE="HypPart2"
                          SUBS_CONTENT="rectitudinem,"/>
                  <SP HEIGHT="37" WIDTH="14" VPOS="320" HPOS="356"/>
                  <String HEIGHT="37" WIDTH="68" VPOS="320" HPOS="315" CONTENT="&amp;"/>
                  <SP HEIGHT="37" WIDTH="14" VPOS="320" HPOS="383"/>
                  <String HEIGHT="37"
                          WIDTH="176"
                          VPOS="320"
                          HPOS="343"
                          CONTENT="veritatem"/>
                  <SP HEIGHT="37" WIDTH="14" VPOS="320" HPOS="519"/>
                  <String HEIGHT="37"
                          WIDTH="190"
                          VPOS="320"
                          HPOS="478"
                          CONTENT="increatam,"/>
                  <SP HEIGHT="37" WIDTH="14" VPOS="320" HPOS="668"/>
                  <String HEIGHT="37"
                          WIDTH="108"
                          VPOS="320"
                          HPOS="627"
                          CONTENT="quae"/>
                  <SP HEIGHT="37" WIDTH="14" VPOS="320" HPOS="736"/>
                  <String HEIGHT="37" WIDTH="81" VPOS="320" HPOS="682" CONTENT="Deus"/>
               </TextLine>
               <TextLine ID="r1l13"
                         BASELINE="387"
                         HEIGHT="40"
                         WIDTH="557"
                         VPOS="347"
                         HPOS="209">
                  <String HEIGHT="40"
                          WIDTH="111"
                          VPOS="347"
                          HPOS="195"
                          CONTENT="est,"/>
                  <SP HEIGHT="40" WIDTH="14" VPOS="347" HPOS="306"/>
                  <String HEIGHT="40"
                          WIDTH="153"
                          VPOS="347"
                          HPOS="265"
                          CONTENT="inuenio"/>
                  <SP HEIGHT="40" WIDTH="14" VPOS="347" HPOS="418"/>
                  <String HEIGHT="40"
                          WIDTH="223"
                          VPOS="347"
                          HPOS="376"
                          CONTENT="quadruplicem"/>
                  <SP HEIGHT="40" WIDTH="14" VPOS="347" HPOS="599"/>
                  <String HEIGHT="40"
                          WIDTH="125"
                          VPOS="347"
                          HPOS="557"
                          CONTENT="aliam"/>
                  <SP HEIGHT="40" WIDTH="14" VPOS="347" HPOS="682"/>
                  <String HEIGHT="40"
                          WIDTH="139"
                          VPOS="347"
                          HPOS="627"
                          CONTENT="rectitu"/>
               </TextLine>
               <TextLine ID="r1l15"
                         BASELINE="422"
                         HEIGHT="41"
                         WIDTH="98"
                         VPOS="381"
                         HPOS="210">
                  <String HEIGHT="41"
                          WIDTH="131"
                          VPOS="381"
                          HPOS="177"
                          CONTENT="dinem."/>
               </TextLine>
               <TextLine ID="r1l18"
                         BASELINE="455"
                         HEIGHT="45"
                         WIDTH="521"
                         VPOS="410"
                         HPOS="246">
                  <String HEIGHT="45"
                          WIDTH="107"
                          VPOS="410"
                          HPOS="234"
                          CONTENT="Prima"/>
                  <SP HEIGHT="45" WIDTH="12" VPOS="410" HPOS="341"/>
                  <String HEIGHT="45" WIDTH="83" VPOS="410" HPOS="305" CONTENT="est"/>
                  <SP HEIGHT="45" WIDTH="12" VPOS="410" HPOS="388"/>
                  <String HEIGHT="45"
                          WIDTH="154"
                          VPOS="410"
                          HPOS="353"
                          CONTENT="rectitudo"/>
                  <SP HEIGHT="45" WIDTH="12" VPOS="410" HPOS="507"/>
                  <String HEIGHT="45"
                          WIDTH="154"
                          VPOS="410"
                          HPOS="471"
                          CONTENT="simplicis"/>
                  <SP HEIGHT="45" WIDTH="12" VPOS="410" HPOS="625"/>
                  <String HEIGHT="45"
                          WIDTH="201"
                          VPOS="410"
                          HPOS="589"
                          CONTENT="assecutionis,"/>
                  <SP HEIGHT="45" WIDTH="12" VPOS="410" HPOS="791"/>
                  <String HEIGHT="45" WIDTH="24" VPOS="410" HPOS="743" CONTENT=""/>
               </TextLine>
               <TextLine ID="line_1600963049959_1812"
                         BASELINE="490"
                         HEIGHT="43"
                         WIDTH="271"
                         VPOS="447"
                         HPOS="205">
                  <String HEIGHT="43" WIDTH="90" VPOS="447" HPOS="187" CONTENT="&amp;"/>
                  <SP HEIGHT="43" WIDTH="18" VPOS="447" HPOS="277"/>
                  <String HEIGHT="43"
                          WIDTH="271"
                          VPOS="447"
                          HPOS="205"
                          CONTENT="imitationis.."/>
               </TextLine>
               <TextLine ID="r1l23"
                         BASELINE="524"
                         HEIGHT="48"
                         WIDTH="526"
                         VPOS="476"
                         HPOS="244">
                  <String HEIGHT="48"
                          WIDTH="141"
                          VPOS="476"
                          HPOS="231"
                          CONTENT="Secunda"/>
                  <SP HEIGHT="48" WIDTH="13" VPOS="476" HPOS="372"/>
                  <String HEIGHT="48" WIDTH="90" VPOS="476" HPOS="334" CONTENT="est"/>
                  <SP HEIGHT="48" WIDTH="13" VPOS="476" HPOS="424"/>
                  <String HEIGHT="48"
                          WIDTH="192"
                          VPOS="476"
                          HPOS="385"
                          CONTENT="praeceptae,"/>
                  <SP HEIGHT="48" WIDTH="13" VPOS="476" HPOS="578"/>
                  <String HEIGHT="48" WIDTH="64" VPOS="476" HPOS="539" CONTENT="&amp;"/>
                  <SP HEIGHT="48" WIDTH="13" VPOS="476" HPOS="603"/>
                  <String HEIGHT="48"
                          WIDTH="180"
                          VPOS="476"
                          HPOS="565"
                          CONTENT="manifestae"/>
                  <SP HEIGHT="48" WIDTH="13" VPOS="476" HPOS="744"/>
                  <String HEIGHT="48"
                          WIDTH="77"
                          VPOS="476"
                          HPOS="693"
                          CONTENT="ada"
                          SUBS_TYPE="HypPart1"
                          SUBS_CONTENT="adaquationis."/>
                  <HYP CONTENT="-"/>
               </TextLine>
               <TextLine ID="r1l25"
                         BASELINE="562"
                         HEIGHT="46"
                         WIDTH="127"
                         VPOS="516"
                         HPOS="215">
                  <String HEIGHT="46"
                          WIDTH="162"
                          VPOS="516"
                          HPOS="203"
                          CONTENT="quationis."
                          SUBS_TYPE="HypPart2"
                          SUBS_CONTENT="adaquationis."/>
                  <SP HEIGHT="46" WIDTH="12" VPOS="516" HPOS="365"/>
                  <String HEIGHT="46" WIDTH="23" VPOS="516" HPOS="319" CONTENT=""/>
               </TextLine>
               <TextLine ID="r1l27"
                         BASELINE="597"
                         HEIGHT="52"
                         WIDTH="522"
                         VPOS="545"
                         HPOS="244">
                  <String HEIGHT="52"
                          WIDTH="127"
                          VPOS="545"
                          HPOS="231"
                          CONTENT="Tertia"/>
                  <SP HEIGHT="52" WIDTH="13" VPOS="545" HPOS="359"/>
                  <String HEIGHT="52" WIDTH="89" VPOS="545" HPOS="320" CONTENT="est"/>
                  <SP HEIGHT="52" WIDTH="13" VPOS="545" HPOS="410"/>
                  <String HEIGHT="52"
                          WIDTH="153"
                          VPOS="545"
                          HPOS="371"
                          CONTENT="cuiusdam"/>
                  <SP HEIGHT="52" WIDTH="13" VPOS="545" HPOS="524"/>
                  <String HEIGHT="52"
                          WIDTH="166"
                          VPOS="545"
                          HPOS="486"
                          CONTENT="expressae"/>
                  <SP HEIGHT="52" WIDTH="13" VPOS="545" HPOS="651"/>
                  <String HEIGHT="52"
                          WIDTH="166"
                          VPOS="545"
                          HPOS="600"
                          CONTENT="representa"
                          SUBS_TYPE="HypPart1"
                          SUBS_CONTENT="representationis,"/>
                  <HYP CONTENT="-"/>
               </TextLine>
               <TextLine ID="r1l29"
                         BASELINE="630"
                         HEIGHT="47"
                         WIDTH="329"
                         VPOS="583"
                         HPOS="214">
                  <String HEIGHT="47"
                          WIDTH="139"
                          VPOS="583"
                          HPOS="201"
                          CONTENT="tionis,"
                          SUBS_TYPE="HypPart2"
                          SUBS_CONTENT="representationis,"/>
                  <SP HEIGHT="47" WIDTH="13" VPOS="583" HPOS="341"/>
                  <String HEIGHT="47" WIDTH="63" VPOS="583" HPOS="303" CONTENT="&amp;"/>
                  <SP HEIGHT="47" WIDTH="13" VPOS="583" HPOS="366"/>
                  <String HEIGHT="47"
                          WIDTH="228"
                          VPOS="583"
                          HPOS="315"
                          CONTENT="configurationis."/>
               </TextLine>
               <TextLine ID="r1l32"
                         BASELINE="663"
                         HEIGHT="50"
                         WIDTH="557"
                         VPOS="613"
                         HPOS="212">
                  <String HEIGHT="50"
                          WIDTH="147"
                          VPOS="613"
                          HPOS="197"
                          CONTENT="Quarta"/>
                  <SP HEIGHT="50" WIDTH="15" VPOS="613" HPOS="344"/>
                  <String HEIGHT="50" WIDTH="103" VPOS="613" HPOS="300" CONTENT="est"/>
                  <SP HEIGHT="50" WIDTH="15" VPOS="613" HPOS="403"/>
                  <String HEIGHT="50"
                          WIDTH="264"
                          VPOS="613"
                          HPOS="359"
                          CONTENT="attributionis,"/>
                  <SP HEIGHT="50" WIDTH="15" VPOS="613" HPOS="622"/>
                  <String HEIGHT="50" WIDTH="73" VPOS="613" HPOS="578" CONTENT="&amp;"/>
                  <SP HEIGHT="50" WIDTH="15" VPOS="613" HPOS="652"/>
                  <String HEIGHT="50"
                          WIDTH="176"
                          VPOS="613"
                          HPOS="593"
                          CONTENT="significa"/>
               </TextLine>
               <TextLine ID="r1l33"
                         BASELINE="699"
                         HEIGHT="50"
                         WIDTH="97"
                         VPOS="649"
                         HPOS="211">
                  <String HEIGHT="50"
                          WIDTH="129"
                          VPOS="649"
                          HPOS="179"
                          CONTENT="tionis"/>
               </TextLine>
               <TextLine ID="r1l35"
                         BASELINE="725"
                         HEIGHT="44"
                         WIDTH="541"
                         VPOS="681"
                         HPOS="219">
                  <String HEIGHT="44" WIDTH="77" VPOS="681" HPOS="206" CONTENT="De"/>
                  <SP HEIGHT="44" WIDTH="13" VPOS="681" HPOS="283"/>
                  <String HEIGHT="44"
                          WIDTH="142"
                          VPOS="681"
                          HPOS="245"
                          CONTENT="vltimis"/>
                  <SP HEIGHT="44" WIDTH="13" VPOS="681" HPOS="386"/>
                  <String HEIGHT="44"
                          WIDTH="129"
                          VPOS="681"
                          HPOS="348"
                          CONTENT="tribus"/>
                  <SP HEIGHT="44" WIDTH="13" VPOS="681" HPOS="477"/>
                  <String HEIGHT="44"
                          WIDTH="116"
                          VPOS="681"
                          HPOS="438"
                          CONTENT="nihil"/>
                  <SP HEIGHT="44" WIDTH="13" VPOS="681" HPOS="554"/>
                  <String HEIGHT="44" WIDTH="77" VPOS="681" HPOS="515" CONTENT="ad"/>
                  <SP HEIGHT="44" WIDTH="13" VPOS="681" HPOS="593"/>
                  <String HEIGHT="44"
                          WIDTH="155"
                          VPOS="681"
                          HPOS="554"
                          CONTENT="praesens"/>
                  <SP HEIGHT="44" WIDTH="13" VPOS="681" HPOS="708"/>
                  <String HEIGHT="44"
                          WIDTH="116"
                          VPOS="681"
                          HPOS="670"
                          CONTENT="dico,"/>
                  <SP HEIGHT="44" WIDTH="13" VPOS="681" HPOS="786"/>
                  <String HEIGHT="44" WIDTH="26" VPOS="681" HPOS="734" CONTENT=""/>
               </TextLine>
               <TextLine ID="r1l38"
                         BASELINE="755"
                         HEIGHT="38"
                         WIDTH="550"
                         VPOS="717"
                         HPOS="218">
                  <String HEIGHT="38" WIDTH="96" VPOS="717" HPOS="206" CONTENT="quia"/>
                  <SP HEIGHT="38" WIDTH="12" VPOS="717" HPOS="302"/>
                  <String HEIGHT="38" WIDTH="72" VPOS="717" HPOS="266" CONTENT="de"/>
                  <SP HEIGHT="38" WIDTH="12" VPOS="717" HPOS="338"/>
                  <String HEIGHT="38" WIDTH="84" VPOS="717" HPOS="302" CONTENT="eis"/>
                  <SP HEIGHT="38" WIDTH="12" VPOS="717" HPOS="385"/>
                  <String HEIGHT="38"
                          WIDTH="132"
                          VPOS="717"
                          HPOS="350"
                          CONTENT="patebit"/>
                  <SP HEIGHT="38" WIDTH="12" VPOS="717" HPOS="481"/>
                  <String HEIGHT="38" WIDTH="72" VPOS="717" HPOS="445" CONTENT="in"/>
                  <SP HEIGHT="38" WIDTH="12" VPOS="717" HPOS="517"/>
                  <String HEIGHT="38"
                          WIDTH="179"
                          VPOS="717"
                          HPOS="481"
                          CONTENT="sequentibus"/>
                  <SP HEIGHT="38" WIDTH="12" VPOS="717" HPOS="660"/>
                  <String HEIGHT="38"
                          WIDTH="167"
                          VPOS="717"
                          HPOS="625"
                          CONTENT="articulis:"/>
                  <SP HEIGHT="38" WIDTH="12" VPOS="717" HPOS="792"/>
                  <String HEIGHT="38" WIDTH="24" VPOS="717" HPOS="744" CONTENT=""/>
               </TextLine>
               <TextLine ID="r1l39"
                         BASELINE="801"
                         HEIGHT="45"
                         WIDTH="539"
                         VPOS="756"
                         HPOS="223">
                  <String HEIGHT="45" WIDTH="77" VPOS="756" HPOS="210" CONTENT="De"/>
                  <SP HEIGHT="45" WIDTH="13" VPOS="756" HPOS="287"/>
                  <String HEIGHT="45"
                          WIDTH="116"
                          VPOS="756"
                          HPOS="249"
                          CONTENT="prima"/>
                  <SP HEIGHT="45" WIDTH="13" VPOS="756" HPOS="364"/>
                  <String HEIGHT="45"
                          WIDTH="116"
                          VPOS="756"
                          HPOS="326"
                          CONTENT="ergo,"/>
                  <SP HEIGHT="45" WIDTH="13" VPOS="756" HPOS="441"/>
                  <String HEIGHT="45"
                          WIDTH="103"
                          VPOS="756"
                          HPOS="403"
                          CONTENT="quae"/>
                  <SP HEIGHT="45" WIDTH="13" VPOS="756" HPOS="505"/>
                  <String HEIGHT="45"
                          WIDTH="116"
                          VPOS="756"
                          HPOS="467"
                          CONTENT="valet"/>
                  <SP HEIGHT="45" WIDTH="13" VPOS="756" HPOS="582"/>
                  <String HEIGHT="45"
                          WIDTH="141"
                          VPOS="756"
                          HPOS="544"
                          CONTENT="quantum"/>
                  <SP HEIGHT="45" WIDTH="13" VPOS="756" HPOS="685"/>
                  <String HEIGHT="45" WIDTH="77" VPOS="756" HPOS="647" CONTENT="ad"/>
                  <SP HEIGHT="45" WIDTH="13" VPOS="756" HPOS="724"/>
                  <String HEIGHT="45"
                          WIDTH="90"
                          VPOS="756"
                          HPOS="672"
                          CONTENT="prae"
                          SUBS_TYPE="HypPart1"
                          SUBS_CONTENT="praesentem"/>
                  <HYP CONTENT="-"/>
               </TextLine>
               <TextLine ID="r1l41"
                         BASELINE="828"
                         HEIGHT="41"
                         WIDTH="473"
                         VPOS="787"
                         HPOS="218">
                  <String HEIGHT="41"
                          WIDTH="135"
                          VPOS="787"
                          HPOS="204"
                          CONTENT="sentem"
                          SUBS_TYPE="HypPart2"
                          SUBS_CONTENT="praesentem"/>
                  <SP HEIGHT="41" WIDTH="14" VPOS="787" HPOS="340"/>
                  <String HEIGHT="41"
                          WIDTH="189"
                          VPOS="787"
                          HPOS="299"
                          CONTENT="articulum,"/>
                  <SP HEIGHT="41" WIDTH="14" VPOS="787" HPOS="488"/>
                  <String HEIGHT="41"
                          WIDTH="108"
                          VPOS="787"
                          HPOS="448"
                          CONTENT="nunc"/>
                  <SP HEIGHT="41" WIDTH="14" VPOS="787" HPOS="556"/>
                  <String HEIGHT="41"
                          WIDTH="122"
                          VPOS="787"
                          HPOS="515"
                          CONTENT="solum"/>
                  <SP HEIGHT="41" WIDTH="14" VPOS="787" HPOS="637"/>
                  <String HEIGHT="41"
                          WIDTH="108"
                          VPOS="787"
                          HPOS="583"
                          CONTENT="dicam."/>
               </TextLine>
               <TextLine ID="r1l44"
                         BASELINE="864"
                         HEIGHT="46"
                         WIDTH="528"
                         VPOS="818"
                         HPOS="242">
                  <String HEIGHT="46" WIDTH="77" VPOS="818" HPOS="229" CONTENT="Et"/>
                  <SP HEIGHT="46" WIDTH="13" VPOS="818" HPOS="306"/>
                  <String HEIGHT="46"
                          WIDTH="103"
                          VPOS="818"
                          HPOS="268"
                          CONTENT="ideo"/>
                  <SP HEIGHT="46" WIDTH="13" VPOS="818" HPOS="371"/>
                  <String HEIGHT="46" WIDTH="90" VPOS="818" HPOS="332" CONTENT="cum"/>
                  <SP HEIGHT="46" WIDTH="13" VPOS="818" HPOS="422"/>
                  <String HEIGHT="46"
                          WIDTH="180"
                          VPOS="818"
                          HPOS="384"
                          CONTENT="quaeritur,"/>
                  <SP HEIGHT="46" WIDTH="13" VPOS="818" HPOS="564"/>
                  <String HEIGHT="46"
                          WIDTH="116"
                          VPOS="818"
                          HPOS="525"
                          CONTENT="vtrum"/>
                  <SP HEIGHT="46" WIDTH="13" VPOS="818" HPOS="641"/>
                  <String HEIGHT="46"
                          WIDTH="142"
                          VPOS="818"
                          HPOS="603"
                          CONTENT="veritas"/>
                  <SP HEIGHT="46" WIDTH="13" VPOS="818" HPOS="744"/>
                  <String HEIGHT="46"
                          WIDTH="77"
                          VPOS="818"
                          HPOS="693"
                          CONTENT="for"
                          SUBS_TYPE="HypPart1"
                          SUBS_CONTENT="formaliter"/>
                  <HYP CONTENT="-"/>
               </TextLine>
               <TextLine ID="r1l47"
                         BASELINE="899"
                         HEIGHT="41"
                         WIDTH="548"
                         VPOS="858"
                         HPOS="221">
                  <String HEIGHT="41"
                          WIDTH="140"
                          VPOS="858"
                          HPOS="208"
                          CONTENT="maliter"
                          SUBS_TYPE="HypPart2"
                          SUBS_CONTENT="formaliter"/>
                  <SP HEIGHT="41" WIDTH="13" VPOS="858" HPOS="348"/>
                  <String HEIGHT="41" WIDTH="89" VPOS="858" HPOS="310" CONTENT="sit"/>
                  <SP HEIGHT="41" WIDTH="13" VPOS="858" HPOS="399"/>
                  <String HEIGHT="41" WIDTH="76" VPOS="858" HPOS="361" CONTENT="in"/>
                  <SP HEIGHT="41" WIDTH="13" VPOS="858" HPOS="438"/>
                  <String HEIGHT="41"
                          WIDTH="115"
                          VPOS="858"
                          HPOS="399"
                          CONTENT="rebus"/>
                  <SP HEIGHT="41" WIDTH="13" VPOS="858" HPOS="514"/>
                  <String HEIGHT="41"
                          WIDTH="153"
                          VPOS="858"
                          HPOS="476"
                          CONTENT="secundum"/>
                  <SP HEIGHT="41" WIDTH="13" VPOS="858" HPOS="629"/>
                  <String HEIGHT="41"
                          WIDTH="102"
                          VPOS="858"
                          HPOS="591"
                          CONTENT="esse"/>
                  <SP HEIGHT="41" WIDTH="13" VPOS="858" HPOS="693"/>
                  <String HEIGHT="41"
                          WIDTH="102"
                          VPOS="858"
                          HPOS="654"
                          CONTENT="quod"/>
                  <SP HEIGHT="41" WIDTH="13" VPOS="858" HPOS="756"/>
                  <String HEIGHT="41"
                          WIDTH="64"
                          VPOS="858"
                          HPOS="705"
                          CONTENT="ha"
                          SUBS_TYPE="HypPart1"
                          SUBS_CONTENT="habent"/>
                  <HYP CONTENT="-"/>
               </TextLine>
               <TextLine ID="r1l50"
                         BASELINE="931"
                         HEIGHT="44"
                         WIDTH="548"
                         VPOS="887"
                         HPOS="218">
                  <String HEIGHT="44"
                          WIDTH="112"
                          VPOS="887"
                          HPOS="204"
                          CONTENT="bent"
                          SUBS_TYPE="HypPart2"
                          SUBS_CONTENT="habent"/>
                  <SP HEIGHT="44" WIDTH="14" VPOS="887" HPOS="316"/>
                  <String HEIGHT="44"
                          WIDTH="126"
                          VPOS="887"
                          HPOS="274"
                          CONTENT="extra"/>
                  <SP HEIGHT="44" WIDTH="14" VPOS="887" HPOS="401"/>
                  <String HEIGHT="44"
                          WIDTH="155"
                          VPOS="887"
                          HPOS="359"
                          CONTENT="animam:"/>
                  <SP HEIGHT="44" WIDTH="14" VPOS="887" HPOS="513"/>
                  <String HEIGHT="44"
                          WIDTH="169"
                          VPOS="887"
                          HPOS="471"
                          CONTENT="dicendum"/>
                  <SP HEIGHT="44" WIDTH="14" VPOS="887" HPOS="640"/>
                  <String HEIGHT="44"
                          WIDTH="112"
                          VPOS="887"
                          HPOS="597"
                          CONTENT="quod"/>
                  <SP HEIGHT="44" WIDTH="14" VPOS="887" HPOS="710"/>
                  <String HEIGHT="44" WIDTH="84" VPOS="887" HPOS="668" CONTENT="in"/>
                  <SP HEIGHT="44" WIDTH="14" VPOS="887" HPOS="752"/>
                  <String HEIGHT="44" WIDTH="70" VPOS="887" HPOS="696" CONTENT="eis"/>
               </TextLine>
               <TextLine ID="r1l51"
                         BASELINE="964"
                         HEIGHT="37"
                         WIDTH="559"
                         VPOS="927"
                         HPOS="216">
                  <String HEIGHT="37" WIDTH="93" VPOS="927" HPOS="203" CONTENT="est"/>
                  <SP HEIGHT="37" WIDTH="13" VPOS="927" HPOS="296"/>
                  <String HEIGHT="37"
                          WIDTH="146"
                          VPOS="927"
                          HPOS="256"
                          CONTENT="veritas"/>
                  <SP HEIGHT="37" WIDTH="13" VPOS="927" HPOS="402"/>
                  <String HEIGHT="37"
                          WIDTH="133"
                          VPOS="927"
                          HPOS="362"
                          CONTENT="sumpta"/>
                  <SP HEIGHT="37" WIDTH="13" VPOS="927" HPOS="496"/>
                  <String HEIGHT="37"
                          WIDTH="120"
                          VPOS="927"
                          HPOS="456"
                          CONTENT="primo"/>
                  <SP HEIGHT="37" WIDTH="13" VPOS="927" HPOS="575"/>
                  <String HEIGHT="37"
                          WIDTH="120"
                          VPOS="927"
                          HPOS="535"
                          CONTENT="modo,"/>
                  <SP HEIGHT="37" WIDTH="13" VPOS="927" HPOS="655"/>
                  <String HEIGHT="37"
                          WIDTH="120"
                          VPOS="927"
                          HPOS="615"
                          CONTENT="prout"/>
                  <SP HEIGHT="37" WIDTH="13" VPOS="927" HPOS="735"/>
                  <String HEIGHT="37"
                          WIDTH="93"
                          VPOS="927"
                          HPOS="682"
                          CONTENT="dicit"/>
               </TextLine>
               <TextLine ID="r1l54"
                         BASELINE="999"
                         HEIGHT="44"
                         WIDTH="557"
                         VPOS="955"
                         HPOS="218">
                  <String HEIGHT="44"
                          WIDTH="203"
                          VPOS="955"
                          HPOS="205"
                          CONTENT="rectitudinem"/>
                  <SP HEIGHT="44" WIDTH="13" VPOS="955" HPOS="408"/>
                  <String HEIGHT="44"
                          WIDTH="215"
                          VPOS="955"
                          HPOS="370"
                          CONTENT="assecutionis,"/>
                  <SP HEIGHT="44" WIDTH="13" VPOS="955" HPOS="585"/>
                  <String HEIGHT="44"
                          WIDTH="101"
                          VPOS="955"
                          HPOS="547"
                          CONTENT="siue"/>
                  <SP HEIGHT="44" WIDTH="13" VPOS="955" HPOS="648"/>
                  <String HEIGHT="44"
                          WIDTH="177"
                          VPOS="955"
                          HPOS="598"
                          CONTENT="imitationis;"/>
               </TextLine>
               <TextLine ID="r1l55"
                         BASELINE="1034"
                         HEIGHT="38"
                         WIDTH="547"
                         VPOS="996"
                         HPOS="221">
                  <String HEIGHT="38"
                          WIDTH="158"
                          VPOS="996"
                          HPOS="209"
                          CONTENT="consistit"/>
                  <SP HEIGHT="38" WIDTH="12" VPOS="996" HPOS="367"/>
                  <String HEIGHT="38"
                          WIDTH="109"
                          VPOS="996"
                          HPOS="330"
                          CONTENT="autem"/>
                  <SP HEIGHT="38" WIDTH="12" VPOS="996" HPOS="440"/>
                  <String HEIGHT="38" WIDTH="97" VPOS="996" HPOS="403" CONTENT="ista"/>
                  <SP HEIGHT="38" WIDTH="12" VPOS="996" HPOS="501"/>
                  <String HEIGHT="38"
                          WIDTH="158"
                          VPOS="996"
                          HPOS="464"
                          CONTENT="rectitudo"/>
                  <SP HEIGHT="38" WIDTH="12" VPOS="996" HPOS="622"/>
                  <String HEIGHT="38" WIDTH="73" VPOS="996" HPOS="586" CONTENT="in"/>
                  <SP HEIGHT="38" WIDTH="12" VPOS="996" HPOS="659"/>
                  <String HEIGHT="38"
                          WIDTH="109"
                          VPOS="996"
                          HPOS="622"
                          CONTENT="rebus"/>
                  <SP HEIGHT="38" WIDTH="12" VPOS="996" HPOS="732"/>
                  <String HEIGHT="38" WIDTH="73" VPOS="996" HPOS="695" CONTENT="ex"/>
                  <SP HEIGHT="38" WIDTH="12" VPOS="996" HPOS="768"/>
                  <String HEIGHT="38" WIDTH="49" VPOS="996" HPOS="719" CONTENT="ec"/>
               </TextLine>
               <TextLine ID="r1l57"
                         BASELINE="1071"
                         HEIGHT="41"
                         WIDTH="546"
                         VPOS="1030"
                         HPOS="224">
                  <String HEIGHT="41"
                          WIDTH="118"
                          VPOS="1030"
                          HPOS="209"
                          CONTENT="quod"/>
                  <SP HEIGHT="41" WIDTH="15" VPOS="1030" HPOS="327"/>
                  <String HEIGHT="41"
                          WIDTH="221"
                          VPOS="1030"
                          HPOS="283"
                          CONTENT="assequuntur"/>
                  <SP HEIGHT="41" WIDTH="15" VPOS="1030" HPOS="504"/>
                  <String HEIGHT="41"
                          WIDTH="118"
                          VPOS="1030"
                          HPOS="460"
                          CONTENT="suam"/>
                  <SP HEIGHT="41" WIDTH="15" VPOS="1030" HPOS="578"/>
                  <String HEIGHT="41"
                          WIDTH="177"
                          VPOS="1030"
                          HPOS="534"
                          CONTENT="naturam,"/>
                  <SP HEIGHT="41" WIDTH="15" VPOS="1030" HPOS="711"/>
                  <String HEIGHT="41" WIDTH="74" VPOS="1030" HPOS="667" CONTENT="&amp;"/>
                  <SP HEIGHT="41" WIDTH="15" VPOS="1030" HPOS="740"/>
                  <String HEIGHT="41"
                          WIDTH="89"
                          VPOS="1030"
                          HPOS="681"
                          CONTENT="suum"/>
               </TextLine>
               <TextLine ID="r1l59"
                         BASELINE="1100"
                         HEIGHT="39"
                         WIDTH="563"
                         VPOS="1061"
                         HPOS="214">
                  <String HEIGHT="39"
                          WIDTH="94"
                          VPOS="1061"
                          HPOS="202"
                          CONTENT="esse"/>
                  <SP HEIGHT="39" WIDTH="12" VPOS="1061" HPOS="296"/>
                  <String HEIGHT="39" WIDTH="70" VPOS="1061" HPOS="261" CONTENT="in"/>
                  <SP HEIGHT="39" WIDTH="12" VPOS="1061" HPOS="331"/>
                  <String HEIGHT="39"
                          WIDTH="129"
                          VPOS="1061"
                          HPOS="296"
                          CONTENT="effectu"/>
                  <SP HEIGHT="39" WIDTH="12" VPOS="1061" HPOS="425"/>
                  <String HEIGHT="39"
                          WIDTH="106"
                          VPOS="1061"
                          HPOS="390"
                          CONTENT="iuxta"/>
                  <SP HEIGHT="39" WIDTH="12" VPOS="1061" HPOS="495"/>
                  <String HEIGHT="39"
                          WIDTH="141"
                          VPOS="1061"
                          HPOS="460"
                          CONTENT="dictamen"/>
                  <SP HEIGHT="39" WIDTH="12" VPOS="1061" HPOS="601"/>
                  <String HEIGHT="39"
                          WIDTH="117"
                          VPOS="1061"
                          HPOS="566"
                          CONTENT="illius"/>
                  <SP HEIGHT="39" WIDTH="12" VPOS="1061" HPOS="683"/>
                  <String HEIGHT="39"
                          WIDTH="106"
                          VPOS="1061"
                          HPOS="648"
                          CONTENT="artis"/>
                  <SP HEIGHT="39" WIDTH="12" VPOS="1061" HPOS="754"/>
                  <String HEIGHT="39"
                          WIDTH="70"
                          VPOS="1061"
                          HPOS="707"
                          CONTENT="quan"/>
               </TextLine>
               <TextLine ID="r1l61"
                         BASELINE="1133"
                         HEIGHT="37"
                         WIDTH="554"
                         VPOS="1096"
                         HPOS="221">
                  <String HEIGHT="37"
                          WIDTH="185"
                          VPOS="1096"
                          HPOS="208"
                          CONTENT="imitantur,"/>
                  <SP HEIGHT="37" WIDTH="13" VPOS="1096" HPOS="392"/>
                  <String HEIGHT="37" WIDTH="66" VPOS="1096" HPOS="353" CONTENT="&amp;"/>
                  <SP HEIGHT="37" WIDTH="13" VPOS="1096" HPOS="419"/>
                  <String HEIGHT="37" WIDTH="66" VPOS="1096" HPOS="379" CONTENT="a"/>
                  <SP HEIGHT="37" WIDTH="13" VPOS="1096" HPOS="445"/>
                  <String HEIGHT="37" WIDTH="92" VPOS="1096" HPOS="406" CONTENT="qua"/>
                  <SP HEIGHT="37" WIDTH="13" VPOS="1096" HPOS="498"/>
                  <String HEIGHT="37"
                          WIDTH="211"
                          VPOS="1096"
                          HPOS="458"
                          CONTENT="mensurantur,"/>
                  <SP HEIGHT="37" WIDTH="13" VPOS="1096" HPOS="669"/>
                  <String HEIGHT="37" WIDTH="66" VPOS="1096" HPOS="630" CONTENT="&amp;"/>
                  <SP HEIGHT="37" WIDTH="13" VPOS="1096" HPOS="696"/>
                  <String HEIGHT="37"
                          WIDTH="132"
                          VPOS="1096"
                          HPOS="643"
                          CONTENT="deriuam"
                          SUBS_TYPE="HypPart1"
                          SUBS_CONTENT="deriuamtur,"/>
                  <HYP CONTENT="-"/>
               </TextLine>
               <TextLine ID="r1l63"
                         BASELINE="1170"
                         HEIGHT="36"
                         WIDTH="555"
                         VPOS="1134"
                         HPOS="222">
                  <String HEIGHT="36"
                          WIDTH="108"
                          VPOS="1134"
                          HPOS="208"
                          CONTENT="tur,"
                          SUBS_TYPE="HypPart2"
                          SUBS_CONTENT="deriuamtur,"/>
                  <SP HEIGHT="36" WIDTH="14" VPOS="1134" HPOS="317"/>
                  <String HEIGHT="36" WIDTH="68" VPOS="1134" HPOS="276" CONTENT="&amp;"/>
                  <SP HEIGHT="36" WIDTH="14" VPOS="1134" HPOS="344"/>
                  <String HEIGHT="36"
                          WIDTH="108"
                          VPOS="1134"
                          HPOS="303"
                          CONTENT="quia"/>
                  <SP HEIGHT="36" WIDTH="14" VPOS="1134" HPOS="412"/>
                  <String HEIGHT="36"
                          WIDTH="149"
                          VPOS="1134"
                          HPOS="371"
                          CONTENT="regula,"/>
                  <SP HEIGHT="36" WIDTH="14" VPOS="1134" HPOS="520"/>
                  <String HEIGHT="36" WIDTH="68" VPOS="1134" HPOS="479" CONTENT="&amp;"/>
                  <SP HEIGHT="36" WIDTH="14" VPOS="1134" HPOS="547"/>
                  <String HEIGHT="36"
                          WIDTH="149"
                          VPOS="1134"
                          HPOS="506"
                          CONTENT="mensura"/>
                  <SP HEIGHT="36" WIDTH="14" VPOS="1134" HPOS="655"/>
                  <String HEIGHT="36"
                          WIDTH="122"
                          VPOS="1134"
                          HPOS="615"
                          CONTENT="rerum"/>
                  <SP HEIGHT="36" WIDTH="14" VPOS="1134" HPOS="736"/>
                  <String HEIGHT="36"
                          WIDTH="95"
                          VPOS="1134"
                          HPOS="682"
                          CONTENT="natu"
                          SUBS_TYPE="HypPart1"
                          SUBS_CONTENT="natulium"/>
                  <HYP CONTENT="-"/>
               </TextLine>
               <TextLine ID="r1l66"
                         BASELINE="1203"
                         HEIGHT="43"
                         WIDTH="551"
                         VPOS="1160"
                         HPOS="220">
                  <String HEIGHT="43"
                          WIDTH="98"
                          VPOS="1160"
                          HPOS="208"
                          CONTENT="lium"
                          SUBS_TYPE="HypPart2"
                          SUBS_CONTENT="natulium"/>
                  <SP HEIGHT="43" WIDTH="12" VPOS="1160" HPOS="306"/>
                  <String HEIGHT="43" WIDTH="86" VPOS="1160" HPOS="269" CONTENT="est"/>
                  <SP HEIGHT="43" WIDTH="12" VPOS="1160" HPOS="355"/>
                  <String HEIGHT="43" WIDTH="86" VPOS="1160" HPOS="318" CONTENT="ars"/>
                  <SP HEIGHT="43" WIDTH="12" VPOS="1160" HPOS="404"/>
                  <String HEIGHT="43"
                          WIDTH="135"
                          VPOS="1160"
                          HPOS="367"
                          CONTENT="diuina;"/>
                  <SP HEIGHT="43" WIDTH="12" VPOS="1160" HPOS="502"/>
                  <String HEIGHT="43"
                          WIDTH="135"
                          VPOS="1160"
                          HPOS="465"
                          CONTENT="idcirco"/>
                  <SP HEIGHT="43" WIDTH="12" VPOS="1160" HPOS="600"/>
                  <String HEIGHT="43"
                          WIDTH="110"
                          VPOS="1160"
                          HPOS="563"
                          CONTENT="earum"/>
                  <SP HEIGHT="43" WIDTH="12" VPOS="1160" HPOS="673"/>
                  <String HEIGHT="43"
                          WIDTH="147"
                          VPOS="1160"
                          HPOS="624"
                          CONTENT="rectitudo,"/>
               </TextLine>
               <TextLine ID="r1l70"
                         BASELINE="1235"
                         HEIGHT="33"
                         WIDTH="546"
                         VPOS="1202"
                         HPOS="230">
                  <String HEIGHT="33" WIDTH="63" VPOS="1202" HPOS="217" CONTENT="&amp;"/>
                  <SP HEIGHT="33" WIDTH="13" VPOS="1202" HPOS="281"/>
                  <String HEIGHT="33"
                          WIDTH="140"
                          VPOS="1202"
                          HPOS="243"
                          CONTENT="veritas"/>
                  <SP HEIGHT="33" WIDTH="13" VPOS="1202" HPOS="382"/>
                  <String HEIGHT="33"
                          WIDTH="165"
                          VPOS="1202"
                          HPOS="344"
                          CONTENT="consistit"/>
                  <SP HEIGHT="33" WIDTH="13" VPOS="1202" HPOS="509"/>
                  <String HEIGHT="33" WIDTH="76" VPOS="1202" HPOS="471" CONTENT="in"/>
                  <SP HEIGHT="33" WIDTH="13" VPOS="1202" HPOS="547"/>
                  <String HEIGHT="33"
                          WIDTH="178"
                          VPOS="1202"
                          HPOS="509"
                          CONTENT="assequendo"/>
                  <SP HEIGHT="33" WIDTH="13" VPOS="1202" HPOS="687"/>
                  <String HEIGHT="33"
                          WIDTH="102"
                          VPOS="1202"
                          HPOS="649"
                          CONTENT="suam"/>
                  <SP HEIGHT="33" WIDTH="13" VPOS="1202" HPOS="751"/>
                  <String HEIGHT="33"
                          WIDTH="76"
                          VPOS="1202"
                          HPOS="700"
                          CONTENT="natu"/>
               </TextLine>
               <TextLine ID="r1l73"
                         BASELINE="1270"
                         HEIGHT="43"
                         WIDTH="549"
                         VPOS="1227"
                         HPOS="226">
                  <String HEIGHT="43"
                          WIDTH="102"
                          VPOS="1227"
                          HPOS="213"
                          CONTENT="ram,"/>
                  <SP HEIGHT="43" WIDTH="13" VPOS="1227" HPOS="315"/>
                  <String HEIGHT="43" WIDTH="64" VPOS="1227" HPOS="277" CONTENT="&amp;"/>
                  <SP HEIGHT="43" WIDTH="13" VPOS="1227" HPOS="341"/>
                  <String HEIGHT="43"
                          WIDTH="102"
                          VPOS="1227"
                          HPOS="303"
                          CONTENT="suum"/>
                  <SP HEIGHT="43" WIDTH="13" VPOS="1227" HPOS="405"/>
                  <String HEIGHT="43"
                          WIDTH="102"
                          VPOS="1227"
                          HPOS="366"
                          CONTENT="esse"/>
                  <SP HEIGHT="43" WIDTH="13" VPOS="1227" HPOS="469"/>
                  <String HEIGHT="43" WIDTH="77" VPOS="1227" HPOS="430" CONTENT="in"/>
                  <SP HEIGHT="43" WIDTH="13" VPOS="1227" HPOS="507"/>
                  <String HEIGHT="43"
                          WIDTH="140"
                          VPOS="1227"
                          HPOS="469"
                          CONTENT="effectu"/>
                  <SP HEIGHT="43" WIDTH="13" VPOS="1227" HPOS="609"/>
                  <String HEIGHT="43" WIDTH="89" VPOS="1227" HPOS="571" CONTENT="per"/>
                  <SP HEIGHT="43" WIDTH="13" VPOS="1227" HPOS="660"/>
                  <String HEIGHT="43"
                          WIDTH="166"
                          VPOS="1227"
                          HPOS="609"
                          CONTENT="imitationem"/>
               </TextLine>
               <TextLine ID="r1l76"
                         BASELINE="1301"
                         HEIGHT="38"
                         WIDTH="549"
                         VPOS="1263"
                         HPOS="222">
                  <String HEIGHT="38"
                          WIDTH="114"
                          VPOS="1263"
                          HPOS="211"
                          CONTENT="illius"/>
                  <SP HEIGHT="38" WIDTH="11" VPOS="1263" HPOS="325"/>
                  <String HEIGHT="38"
                          WIDTH="114"
                          VPOS="1263"
                          HPOS="291"
                          CONTENT="artis,"/>
                  <SP HEIGHT="38" WIDTH="11" VPOS="1263" HPOS="405"/>
                  <String HEIGHT="38" WIDTH="80" VPOS="1263" HPOS="371" CONTENT="ita"/>
                  <SP HEIGHT="38" WIDTH="11" VPOS="1263" HPOS="451"/>
                  <String HEIGHT="38" WIDTH="69" VPOS="1263" HPOS="416" CONTENT="vt"/>
                  <SP HEIGHT="38" WIDTH="11" VPOS="1263" HPOS="485"/>
                  <String HEIGHT="38" WIDTH="69" VPOS="1263" HPOS="451" CONTENT="ab"/>
                  <SP HEIGHT="38" WIDTH="11" VPOS="1263" HPOS="519"/>
                  <String HEIGHT="38"
                          WIDTH="92"
                          VPOS="1263"
                          HPOS="485"
                          CONTENT="illa"/>
                  <SP HEIGHT="38" WIDTH="11" VPOS="1263" HPOS="577"/>
                  <String HEIGHT="38"
                          WIDTH="160"
                          VPOS="1263"
                          HPOS="542"
                          CONTENT="nullatenus"/>
                  <SP HEIGHT="38" WIDTH="11" VPOS="1263" HPOS="702"/>
                  <String HEIGHT="38"
                          WIDTH="114"
                          VPOS="1263"
                          HPOS="657"
                          CONTENT="deuient,"/>
               </TextLine>
               <TextLine ID="r1l78"
                         BASELINE="1338"
                         HEIGHT="42"
                         WIDTH="553"
                         VPOS="1296"
                         HPOS="227">
                  <String HEIGHT="42" WIDTH="86" VPOS="1296" HPOS="215" CONTENT="vel"/>
                  <SP HEIGHT="42" WIDTH="12" VPOS="1296" HPOS="301"/>
                  <String HEIGHT="42"
                          WIDTH="172"
                          VPOS="1296"
                          HPOS="264"
                          CONTENT="declinent,"/>
                  <SP HEIGHT="42" WIDTH="12" VPOS="1296" HPOS="436"/>
                  <String HEIGHT="42"
                          WIDTH="98"
                          VPOS="1296"
                          HPOS="399"
                          CONTENT="quia"/>
                  <SP HEIGHT="42" WIDTH="12" VPOS="1296" HPOS="497"/>
                  <String HEIGHT="42"
                          WIDTH="111"
                          VPOS="1296"
                          HPOS="460"
                          CONTENT="earum"/>
                  <SP HEIGHT="42" WIDTH="12" VPOS="1296" HPOS="571"/>
                  <String HEIGHT="42"
                          WIDTH="172"
                          VPOS="1296"
                          HPOS="534"
                          CONTENT="declinatio"/>
                  <SP HEIGHT="42" WIDTH="12" VPOS="1296" HPOS="706"/>
                  <String HEIGHT="42" WIDTH="74" VPOS="1296" HPOS="669" CONTENT="ab"/>
                  <SP HEIGHT="42" WIDTH="12" VPOS="1296" HPOS="743"/>
                  <String HEIGHT="42"
                          WIDTH="98"
                          VPOS="1296"
                          HPOS="706"
                          CONTENT="illa"/>
                  <SP HEIGHT="42" WIDTH="12" VPOS="1296" HPOS="805"/>
                  <String HEIGHT="42" WIDTH="25" VPOS="1296" HPOS="755" CONTENT=""/>
               </TextLine>
               <TextLine ID="r1l81"
                         BASELINE="1375"
                         HEIGHT="38"
                         WIDTH="549"
                         VPOS="1337"
                         HPOS="223">
                  <String HEIGHT="38"
                          WIDTH="93"
                          VPOS="1337"
                          HPOS="211"
                          CONTENT="arte"/>
                  <SP HEIGHT="38" WIDTH="12" VPOS="1337" HPOS="305"/>
                  <String HEIGHT="38"
                          WIDTH="105"
                          VPOS="1337"
                          HPOS="270"
                          CONTENT="esset"/>
                  <SP HEIGHT="38" WIDTH="12" VPOS="1337" HPOS="375"/>
                  <String HEIGHT="38"
                          WIDTH="105"
                          VPOS="1337"
                          HPOS="340"
                          CONTENT="earum"/>
                  <SP HEIGHT="38" WIDTH="12" VPOS="1337" HPOS="445"/>
                  <String HEIGHT="38"
                          WIDTH="164"
                          VPOS="1337"
                          HPOS="410"
                          CONTENT="oliquitas,"/>
                  <SP HEIGHT="38" WIDTH="12" VPOS="1337" HPOS="573"/>
                  <String HEIGHT="38" WIDTH="58" VPOS="1337" HPOS="538" CONTENT="&amp;"/>
                  <SP HEIGHT="38" WIDTH="12" VPOS="1337" HPOS="597"/>
                  <String HEIGHT="38"
                          WIDTH="152"
                          VPOS="1337"
                          HPOS="562"
                          CONTENT="falsitas,"/>
                  <SP HEIGHT="38" WIDTH="12" VPOS="1337" HPOS="714"/>
                  <String HEIGHT="38"
                          WIDTH="93"
                          VPOS="1337"
                          HPOS="679"
                          CONTENT="quia"/>
                  <SP HEIGHT="38" WIDTH="12" VPOS="1337" HPOS="772"/>
                  <String HEIGHT="38" WIDTH="47" VPOS="1337" HPOS="725" CONTENT="ve"/>
               </TextLine>
               <TextLine ID="r1l83"
                         BASELINE="1404"
                         HEIGHT="36"
                         WIDTH="555"
                         VPOS="1368"
                         HPOS="226">
                  <String HEIGHT="36" WIDTH="88" VPOS="1368" HPOS="211" CONTENT="ro"/>
                  <SP HEIGHT="36" WIDTH="15" VPOS="1368" HPOS="299"/>
                  <String HEIGHT="36"
                          WIDTH="161"
                          VPOS="1368"
                          HPOS="255"
                          CONTENT="regula,"/>
                  <SP HEIGHT="36" WIDTH="15" VPOS="1368" HPOS="416"/>
                  <String HEIGHT="36" WIDTH="73" VPOS="1368" HPOS="372" CONTENT="&amp;"/>
                  <SP HEIGHT="36" WIDTH="15" VPOS="1368" HPOS="445"/>
                  <String HEIGHT="36"
                          WIDTH="161"
                          VPOS="1368"
                          HPOS="401"
                          CONTENT="mensura"/>
                  <SP HEIGHT="36" WIDTH="15" VPOS="1368" HPOS="562"/>
                  <String HEIGHT="36"
                          WIDTH="146"
                          VPOS="1368"
                          HPOS="518"
                          CONTENT="actuum"/>
                  <SP HEIGHT="36" WIDTH="15" VPOS="1368" HPOS="664"/>
                  <String HEIGHT="36"
                          WIDTH="190"
                          VPOS="1368"
                          HPOS="620"
                          CONTENT="humanorum"/>
                  <SP HEIGHT="36" WIDTH="15" VPOS="1368" HPOS="810"/>
                  <String HEIGHT="36" WIDTH="29" VPOS="1368" HPOS="752" CONTENT=""/>
               </TextLine>
               <TextLine ID="r1l86"
                         BASELINE="1437"
                         HEIGHT="37"
                         WIDTH="549"
                         VPOS="1400"
                         HPOS="226">
                  <String HEIGHT="37" WIDTH="80" VPOS="1400" HPOS="215" CONTENT="est"/>
                  <SP HEIGHT="37" WIDTH="11" VPOS="1400" HPOS="295"/>
                  <String HEIGHT="37"
                          WIDTH="92"
                          VPOS="1400"
                          HPOS="260"
                          CONTENT="ipsa"/>
                  <SP HEIGHT="37" WIDTH="11" VPOS="1400" HPOS="352"/>
                  <String HEIGHT="37"
                          WIDTH="114"
                          VPOS="1400"
                          HPOS="318"
                          CONTENT="ratio,"/>
                  <SP HEIGHT="37" WIDTH="11" VPOS="1400" HPOS="432"/>
                  <String HEIGHT="37" WIDTH="80" VPOS="1400" HPOS="398" CONTENT="vel"/>
                  <SP HEIGHT="37" WIDTH="11" VPOS="1400" HPOS="478"/>
                  <String HEIGHT="37"
                          WIDTH="160"
                          VPOS="1400"
                          HPOS="443"
                          CONTENT="prudentia,"/>
                  <SP HEIGHT="37" WIDTH="11" VPOS="1400" HPOS="603"/>
                  <String HEIGHT="37"
                          WIDTH="92"
                          VPOS="1400"
                          HPOS="569"
                          CONTENT="siue"/>
                  <SP HEIGHT="37" WIDTH="11" VPOS="1400" HPOS="661"/>
                  <String HEIGHT="37" WIDTH="80" VPOS="1400" HPOS="626" CONTENT="lex"/>
                  <SP HEIGHT="37" WIDTH="11" VPOS="1400" HPOS="706"/>
                  <String HEIGHT="37"
                          WIDTH="126"
                          VPOS="1400"
                          HPOS="672"
                          CONTENT="diuina,"/>
                  <SP HEIGHT="37" WIDTH="11" VPOS="1400" HPOS="798"/>
                  <String HEIGHT="37" WIDTH="23" VPOS="1400" HPOS="752" CONTENT=""/>
               </TextLine>
               <TextLine ID="r1l89"
                         BASELINE="1470"
                         HEIGHT="39"
                         WIDTH="554"
                         VPOS="1431"
                         HPOS="224">
                  <String HEIGHT="39"
                          WIDTH="139"
                          VPOS="1431"
                          HPOS="211"
                          CONTENT="idcirco"/>
                  <SP HEIGHT="39" WIDTH="13" VPOS="1431" HPOS="350"/>
                  <String HEIGHT="39"
                          WIDTH="139"
                          VPOS="1431"
                          HPOS="312"
                          CONTENT="dicitur"/>
                  <SP HEIGHT="39" WIDTH="13" VPOS="1431" HPOS="451"/>
                  <String HEIGHT="39"
                          WIDTH="101"
                          VPOS="1431"
                          HPOS="413"
                          CONTENT="esse"/>
                  <SP HEIGHT="39" WIDTH="13" VPOS="1431" HPOS="514"/>
                  <String HEIGHT="39"
                          WIDTH="176"
                          VPOS="1431"
                          HPOS="476"
                          CONTENT="rectitudo,"/>
                  <SP HEIGHT="39" WIDTH="13" VPOS="1431" HPOS="652"/>
                  <String HEIGHT="39" WIDTH="63" VPOS="1431" HPOS="614" CONTENT="&amp;"/>
                  <SP HEIGHT="39" WIDTH="13" VPOS="1431" HPOS="677"/>
                  <String HEIGHT="39"
                          WIDTH="139"
                          VPOS="1431"
                          HPOS="640"
                          CONTENT="veritas"/>
                  <SP HEIGHT="39" WIDTH="13" VPOS="1431" HPOS="778"/>
                  <String HEIGHT="39" WIDTH="50" VPOS="1431" HPOS="728" CONTENT="in"/>
               </TextLine>
               <TextLine ID="r1l92"
                         BASELINE="1506"
                         HEIGHT="38"
                         WIDTH="552"
                         VPOS="1468"
                         HPOS="226">
                  <String HEIGHT="38"
                          WIDTH="138"
                          VPOS="1468"
                          HPOS="213"
                          CONTENT="actibus"/>
                  <SP HEIGHT="38" WIDTH="13" VPOS="1468" HPOS="351"/>
                  <String HEIGHT="38"
                          WIDTH="138"
                          VPOS="1468"
                          HPOS="314"
                          CONTENT="humanis"/>
                  <SP HEIGHT="38" WIDTH="13" VPOS="1468" HPOS="452"/>
                  <String HEIGHT="38"
                          WIDTH="125"
                          VPOS="1468"
                          HPOS="414"
                          CONTENT="quando"/>
                  <SP HEIGHT="38" WIDTH="13" VPOS="1468" HPOS="540"/>
                  <String HEIGHT="38"
                          WIDTH="163"
                          VPOS="1468"
                          HPOS="502"
                          CONTENT="praefatis"/>
                  <SP HEIGHT="38" WIDTH="13" VPOS="1468" HPOS="665"/>
                  <String HEIGHT="38"
                          WIDTH="138"
                          VPOS="1468"
                          HPOS="627"
                          CONTENT="regulis"/>
                  <SP HEIGHT="38" WIDTH="13" VPOS="1468" HPOS="765"/>
                  <String HEIGHT="38" WIDTH="63" VPOS="1468" HPOS="715" CONTENT="con"/>
               </TextLine>
               <TextLine ID="r1l95"
                         BASELINE="1544"
                         HEIGHT="45"
                         WIDTH="547"
                         VPOS="1499"
                         HPOS="226">
                  <String HEIGHT="45"
                          WIDTH="182"
                          VPOS="1499"
                          HPOS="213"
                          CONTENT="formantur:"/>
                  <SP HEIGHT="45" WIDTH="13" VPOS="1499" HPOS="395"/>
                  <String HEIGHT="45" WIDTH="91" VPOS="1499" HPOS="356" CONTENT="Per"/>
                  <SP HEIGHT="45" WIDTH="13" VPOS="1499" HPOS="447"/>
                  <String HEIGHT="45"
                          WIDTH="169"
                          VPOS="1499"
                          HPOS="408"
                          CONTENT="oppositum"/>
                  <SP HEIGHT="45" WIDTH="13" VPOS="1499" HPOS="578"/>
                  <String HEIGHT="45"
                          WIDTH="104"
                          VPOS="1499"
                          HPOS="539"
                          CONTENT="vero"/>
                  <SP HEIGHT="45" WIDTH="13" VPOS="1499" HPOS="643"/>
                  <String HEIGHT="45"
                          WIDTH="104"
                          VPOS="1499"
                          HPOS="604"
                          CONTENT="tunc"/>
                  <SP HEIGHT="45" WIDTH="13" VPOS="1499" HPOS="708"/>
                  <String HEIGHT="45"
                          WIDTH="104"
                          VPOS="1499"
                          HPOS="669"
                          CONTENT="est."/>
                  <SP HEIGHT="45" WIDTH="13" VPOS="1499" HPOS="773"/>
                  <String HEIGHT="45" WIDTH="52" VPOS="1499" HPOS="721" CONTENT="in"/>
               </TextLine>
               <TextLine ID="r1l98"
                         BASELINE="1575"
                         HEIGHT="36"
                         WIDTH="548"
                         VPOS="1539"
                         HPOS="226">
                  <String HEIGHT="36" WIDTH="87" VPOS="1539" HPOS="214" CONTENT="eis"/>
                  <SP HEIGHT="36" WIDTH="12" VPOS="1539" HPOS="301"/>
                  <String HEIGHT="36"
                          WIDTH="187"
                          VPOS="1539"
                          HPOS="263"
                          CONTENT="obliquitas,"/>
                  <SP HEIGHT="36" WIDTH="12" VPOS="1539" HPOS="450"/>
                  <String HEIGHT="36" WIDTH="62" VPOS="1539" HPOS="413" CONTENT="&amp;"/>
                  <SP HEIGHT="36" WIDTH="12" VPOS="1539" HPOS="475"/>
                  <String HEIGHT="36"
                          WIDTH="162"
                          VPOS="1539"
                          HPOS="438"
                          CONTENT="falsitas,"/>
                  <SP HEIGHT="36" WIDTH="12" VPOS="1539" HPOS="600"/>
                  <String HEIGHT="36"
                          WIDTH="125"
                          VPOS="1539"
                          HPOS="562"
                          CONTENT="quando"/>
                  <SP HEIGHT="36" WIDTH="12" VPOS="1539" HPOS="687"/>
                  <String HEIGHT="36" WIDTH="75" VPOS="1539" HPOS="649" CONTENT="ab"/>
                  <SP HEIGHT="36" WIDTH="12" VPOS="1539" HPOS="724"/>
                  <String HEIGHT="36"
                          WIDTH="100"
                          VPOS="1539"
                          HPOS="674"
                          CONTENT="eisdem"/>
               </TextLine>
               <TextLine ID="r1l100"
                         BASELINE="1610"
                         HEIGHT="37"
                         WIDTH="547"
                         VPOS="1573"
                         HPOS="227">
                  <String HEIGHT="37"
                          WIDTH="137"
                          VPOS="1573"
                          HPOS="215"
                          CONTENT="regulis"/>
                  <SP HEIGHT="37" WIDTH="12" VPOS="1573" HPOS="351"/>
                  <String HEIGHT="37"
                          WIDTH="149"
                          VPOS="1573"
                          HPOS="314"
                          CONTENT="deuiant,"/>
                  <SP HEIGHT="37" WIDTH="12" VPOS="1573" HPOS="463"/>
                  <String HEIGHT="37" WIDTH="62" VPOS="1573" HPOS="426" CONTENT="&amp;"/>
                  <SP HEIGHT="37" WIDTH="12" VPOS="1573" HPOS="488"/>
                  <String HEIGHT="37"
                          WIDTH="174"
                          VPOS="1573"
                          HPOS="451"
                          CONTENT="declinant,"/>
                  <SP HEIGHT="37" WIDTH="12" VPOS="1573" HPOS="625"/>
                  <String HEIGHT="37"
                          WIDTH="162"
                          VPOS="1573"
                          HPOS="588"
                          CONTENT="similiter"/>
                  <SP HEIGHT="37" WIDTH="12" VPOS="1573" HPOS="749"/>
                  <String HEIGHT="37"
                          WIDTH="75"
                          VPOS="1573"
                          HPOS="699"
                          CONTENT="quia"/>
               </TextLine>
               <TextLine ID="r1l102"
                         BASELINE="1644"
                         HEIGHT="40"
                         WIDTH="558"
                         VPOS="1604"
                         HPOS="219">
                  <String HEIGHT="40"
                          WIDTH="143"
                          VPOS="1604"
                          HPOS="206"
                          CONTENT="regula,"/>
                  <SP HEIGHT="40" WIDTH="13" VPOS="1604" HPOS="349"/>
                  <String HEIGHT="40" WIDTH="65" VPOS="1604" HPOS="310" CONTENT="&amp;"/>
                  <SP HEIGHT="40" WIDTH="13" VPOS="1604" HPOS="375"/>
                  <String HEIGHT="40"
                          WIDTH="143"
                          VPOS="1604"
                          HPOS="336"
                          CONTENT="mensura"/>
                  <SP HEIGHT="40" WIDTH="13" VPOS="1604" HPOS="479"/>
                  <String HEIGHT="40"
                          WIDTH="221"
                          VPOS="1604"
                          HPOS="440"
                          CONTENT="artificialium"/>
                  <SP HEIGHT="40" WIDTH="13" VPOS="1604" HPOS="660"/>
                  <String HEIGHT="40" WIDTH="91" VPOS="1604" HPOS="621" CONTENT="est"/>
                  <SP HEIGHT="40" WIDTH="13" VPOS="1604" HPOS="712"/>
                  <String HEIGHT="40" WIDTH="91" VPOS="1604" HPOS="673" CONTENT="ars"/>
                  <SP HEIGHT="40" WIDTH="13" VPOS="1604" HPOS="764"/>
                  <String HEIGHT="40"
                          WIDTH="65"
                          VPOS="1604"
                          HPOS="712"
                          CONTENT="hu"
                          SUBS_TYPE="HypPart1"
                          SUBS_CONTENT="humana,"/>
                  <HYP CONTENT="-"/>
               </TextLine>
               <TextLine ID="r1l104"
                         BASELINE="1677"
                         HEIGHT="42"
                         WIDTH="546"
                         VPOS="1635"
                         HPOS="227">
                  <String HEIGHT="42"
                          WIDTH="123"
                          VPOS="1635"
                          HPOS="213"
                          CONTENT="mana,"
                          SUBS_TYPE="HypPart2"
                          SUBS_CONTENT="humana,"/>
                  <SP HEIGHT="42" WIDTH="14" VPOS="1635" HPOS="336"/>
                  <String HEIGHT="42"
                          WIDTH="150"
                          VPOS="1635"
                          HPOS="295"
                          CONTENT="idcirco"/>
                  <SP HEIGHT="42" WIDTH="14" VPOS="1635" HPOS="445"/>
                  <String HEIGHT="42"
                          WIDTH="123"
                          VPOS="1635"
                          HPOS="404"
                          CONTENT="earum"/>
                  <SP HEIGHT="42" WIDTH="14" VPOS="1635" HPOS="527"/>
                  <String HEIGHT="42"
                          WIDTH="191"
                          VPOS="1635"
                          HPOS="486"
                          CONTENT="rectitudo,"/>
                  <SP HEIGHT="42" WIDTH="14" VPOS="1635" HPOS="677"/>
                  <String HEIGHT="42" WIDTH="68" VPOS="1635" HPOS="637" CONTENT="&amp;"/>
                  <SP HEIGHT="42" WIDTH="14" VPOS="1635" HPOS="705"/>
                  <String HEIGHT="42"
                          WIDTH="123"
                          VPOS="1635"
                          HPOS="650"
                          CONTENT="veritas"/>
               </TextLine>
               <TextLine ID="r1l106"
                         BASELINE="1712"
                         HEIGHT="44"
                         WIDTH="553"
                         VPOS="1668"
                         HPOS="226">
                  <String HEIGHT="44"
                          WIDTH="163"
                          VPOS="1668"
                          HPOS="213"
                          CONTENT="consistit"/>
                  <SP HEIGHT="44" WIDTH="13" VPOS="1668" HPOS="377"/>
                  <String HEIGHT="44" WIDTH="75" VPOS="1668" HPOS="339" CONTENT="in"/>
                  <SP HEIGHT="44" WIDTH="13" VPOS="1668" HPOS="415"/>
                  <String HEIGHT="44"
                          WIDTH="151"
                          VPOS="1668"
                          HPOS="377"
                          CONTENT="imitando"/>
                  <SP HEIGHT="44" WIDTH="13" VPOS="1668" HPOS="528"/>
                  <String HEIGHT="44"
                          WIDTH="126"
                          VPOS="1668"
                          HPOS="490"
                          CONTENT="dictam"/>
                  <SP HEIGHT="44" WIDTH="13" VPOS="1668" HPOS="616"/>
                  <String HEIGHT="44"
                          WIDTH="126"
                          VPOS="1668"
                          HPOS="578"
                          CONTENT="artem,"/>
                  <SP HEIGHT="44" WIDTH="13" VPOS="1668" HPOS="704"/>
                  <String HEIGHT="44"
                          WIDTH="126"
                          VPOS="1668"
                          HPOS="653"
                          CONTENT="eorundem"/>
               </TextLine>
               <TextLine ID="r1l108"
                         BASELINE="1742"
                         HEIGHT="31"
                         WIDTH="553"
                         VPOS="1711"
                         HPOS="223">
                  <String HEIGHT="31"
                          WIDTH="94"
                          VPOS="1711"
                          HPOS="211"
                          CONTENT="vero"/>
                  <SP HEIGHT="31" WIDTH="12" VPOS="1711" HPOS="305"/>
                  <String HEIGHT="31"
                          WIDTH="153"
                          VPOS="1711"
                          HPOS="270"
                          CONTENT="falsitas,"/>
                  <SP HEIGHT="31" WIDTH="12" VPOS="1711" HPOS="423"/>
                  <String HEIGHT="31" WIDTH="59" VPOS="1711" HPOS="388" CONTENT="&amp;"/>
                  <SP HEIGHT="31" WIDTH="12" VPOS="1711" HPOS="447"/>
                  <String HEIGHT="31"
                          WIDTH="165"
                          VPOS="1711"
                          HPOS="411"
                          CONTENT="obliquitas"/>
                  <SP HEIGHT="31" WIDTH="12" VPOS="1711" HPOS="576"/>
                  <String HEIGHT="31"
                          WIDTH="153"
                          VPOS="1711"
                          HPOS="541"
                          CONTENT="consistit"/>
                  <SP HEIGHT="31" WIDTH="12" VPOS="1711" HPOS="694"/>
                  <String HEIGHT="31" WIDTH="71" VPOS="1711" HPOS="658" CONTENT="in"/>
                  <SP HEIGHT="31" WIDTH="12" VPOS="1711" HPOS="729"/>
                  <String HEIGHT="31"
                          WIDTH="94"
                          VPOS="1711"
                          HPOS="682"
                          CONTENT="deuian"/>
               </TextLine>
               <TextLine ID="r1l112"
                         BASELINE="1788"
                         HEIGHT="49"
                         WIDTH="224"
                         VPOS="1739"
                         HPOS="225">
                  <String HEIGHT="49" WIDTH="79" VPOS="1739" HPOS="212" CONTENT="do"/>
                  <SP HEIGHT="49" WIDTH="13" VPOS="1739" HPOS="291"/>
                  <String HEIGHT="49" WIDTH="79" VPOS="1739" HPOS="251" CONTENT="ab"/>
                  <SP HEIGHT="49" WIDTH="13" VPOS="1739" HPOS="330"/>
                  <String HEIGHT="49"
                          WIDTH="119"
                          VPOS="1739"
                          HPOS="291"
                          CONTENT="eadem"/>
                  <SP HEIGHT="49" WIDTH="13" VPOS="1739" HPOS="409"/>
                  <String HEIGHT="49"
                          WIDTH="92"
                          VPOS="1739"
                          HPOS="357"
                          CONTENT="arte."/>
               </TextLine>
               <TextLine ID="r1l118"
                         BASELINE="1845"
                         HEIGHT="47"
                         WIDTH="523"
                         VPOS="1798"
                         HPOS="258">
                  <String HEIGHT="47" WIDTH="85" VPOS="1798" HPOS="244" CONTENT="Ex"/>
                  <SP HEIGHT="47" WIDTH="14" VPOS="1798" HPOS="329"/>
                  <String HEIGHT="47"
                          WIDTH="141"
                          VPOS="1798"
                          HPOS="286"
                          CONTENT="quibus"/>
                  <SP HEIGHT="47" WIDTH="14" VPOS="1798" HPOS="428"/>
                  <String HEIGHT="47"
                          WIDTH="155"
                          VPOS="1798"
                          HPOS="385"
                          CONTENT="omnibus"/>
                  <SP HEIGHT="47" WIDTH="14" VPOS="1798" HPOS="541"/>
                  <String HEIGHT="47"
                          WIDTH="170"
                          VPOS="1798"
                          HPOS="498"
                          CONTENT="possumus"/>
                  <SP HEIGHT="47" WIDTH="14" VPOS="1798" HPOS="668"/>
                  <String HEIGHT="47"
                          WIDTH="170"
                          VPOS="1798"
                          HPOS="611"
                          CONTENT="colligere,"/>
               </TextLine>
               <TextLine ID="r1l122"
                         BASELINE="1881"
                         HEIGHT="45"
                         WIDTH="554"
                         VPOS="1836"
                         HPOS="231">
                  <String HEIGHT="45"
                          WIDTH="111"
                          VPOS="1836"
                          HPOS="217"
                          CONTENT="quod"/>
                  <SP HEIGHT="45" WIDTH="14" VPOS="1836" HPOS="328"/>
                  <String HEIGHT="45"
                          WIDTH="152"
                          VPOS="1836"
                          HPOS="286"
                          CONTENT="veritas"/>
                  <SP HEIGHT="45" WIDTH="14" VPOS="1836" HPOS="439"/>
                  <String HEIGHT="45"
                          WIDTH="139"
                          VPOS="1836"
                          HPOS="397"
                          CONTENT="sumpta"/>
                  <SP HEIGHT="45" WIDTH="14" VPOS="1836" HPOS="536"/>
                  <String HEIGHT="45"
                          WIDTH="125"
                          VPOS="1836"
                          HPOS="494"
                          CONTENT="primo"/>
                  <SP HEIGHT="45" WIDTH="14" VPOS="1836" HPOS="619"/>
                  <String HEIGHT="45"
                          WIDTH="111"
                          VPOS="1836"
                          HPOS="577"
                          CONTENT="modo"/>
                  <SP HEIGHT="45" WIDTH="14" VPOS="1836" HPOS="688"/>
                  <String HEIGHT="45"
                          WIDTH="152"
                          VPOS="1836"
                          HPOS="633"
                          CONTENT="consistit"/>
               </TextLine>
               <TextLine ID="r1l125"
                         BASELINE="1917"
                         HEIGHT="42"
                         WIDTH="544"
                         VPOS="1875"
                         HPOS="231">
                  <String HEIGHT="42" WIDTH="74" VPOS="1875" HPOS="219" CONTENT="in"/>
                  <SP HEIGHT="42" WIDTH="12" VPOS="1875" HPOS="293"/>
                  <String HEIGHT="42"
                          WIDTH="198"
                          VPOS="1875"
                          HPOS="256"
                          CONTENT="conformitate"/>
                  <SP HEIGHT="42" WIDTH="12" VPOS="1875" HPOS="454"/>
                  <String HEIGHT="42"
                          WIDTH="173"
                          VPOS="1875"
                          HPOS="416"
                          CONTENT="ciiuslibet"/>
                  <SP HEIGHT="42" WIDTH="12" VPOS="1875" HPOS="590"/>
                  <String HEIGHT="42" WIDTH="87" VPOS="1875" HPOS="552" CONTENT="rei"/>
                  <SP HEIGHT="42" WIDTH="12" VPOS="1875" HPOS="639"/>
                  <String HEIGHT="42" WIDTH="74" VPOS="1875" HPOS="602" CONTENT="ad"/>
                  <SP HEIGHT="42" WIDTH="12" VPOS="1875" HPOS="676"/>
                  <String HEIGHT="42"
                          WIDTH="99"
                          VPOS="1875"
                          HPOS="639"
                          CONTENT="suam"/>
                  <SP HEIGHT="42" WIDTH="12" VPOS="1875" HPOS="738"/>
                  <String HEIGHT="42"
                          WIDTH="87"
                          VPOS="1875"
                          HPOS="688"
                          CONTENT="regu"
                          SUBS_TYPE="HypPart1"
                          SUBS_CONTENT="regulam,"/>
                  <HYP CONTENT="-"/>
               </TextLine>
               <TextLine ID="r1l128"
                         BASELINE="1949"
                         HEIGHT="41"
                         WIDTH="556"
                         VPOS="1908"
                         HPOS="225">
                  <String HEIGHT="41"
                          WIDTH="106"
                          VPOS="1908"
                          HPOS="212"
                          CONTENT="lam,"
                          SUBS_TYPE="HypPart2"
                          SUBS_CONTENT="regulam,"/>
                  <SP HEIGHT="41" WIDTH="13" VPOS="1908" HPOS="318"/>
                  <String HEIGHT="41" WIDTH="66" VPOS="1908" HPOS="278" CONTENT="&amp;"/>
                  <SP HEIGHT="41" WIDTH="13" VPOS="1908" HPOS="344"/>
                  <String HEIGHT="41"
                          WIDTH="172"
                          VPOS="1908"
                          HPOS="304"
                          CONTENT="mensuram:"/>
                  <SP HEIGHT="41" WIDTH="13" VPOS="1908" HPOS="477"/>
                  <String HEIGHT="41" WIDTH="66" VPOS="1908" HPOS="437" CONTENT="&amp;"/>
                  <SP HEIGHT="41" WIDTH="13" VPOS="1908" HPOS="503"/>
                  <String HEIGHT="41"
                          WIDTH="106"
                          VPOS="1908"
                          HPOS="463"
                          CONTENT="haec"/>
                  <SP HEIGHT="41" WIDTH="13" VPOS="1908" HPOS="569"/>
                  <String HEIGHT="41" WIDTH="93" VPOS="1908" HPOS="529" CONTENT="est"/>
                  <SP HEIGHT="41" WIDTH="13" VPOS="1908" HPOS="622"/>
                  <String HEIGHT="41"
                          WIDTH="159"
                          VPOS="1908"
                          HPOS="582"
                          CONTENT="intentio"/>
                  <SP HEIGHT="41" WIDTH="13" VPOS="1908" HPOS="741"/>
                  <String HEIGHT="41"
                          WIDTH="93"
                          VPOS="1908"
                          HPOS="688"
                          CONTENT="Ansel"/>
               </TextLine>
               <TextLine ID="r1l132"
                         BASELINE="1982"
                         HEIGHT="38"
                         WIDTH="554"
                         VPOS="1944"
                         HPOS="230">
                  <String HEIGHT="38" WIDTH="72" VPOS="1944" HPOS="218" CONTENT="mi"/>
                  <SP HEIGHT="38" WIDTH="12" VPOS="1944" HPOS="290"/>
                  <String HEIGHT="38" WIDTH="72" VPOS="1944" HPOS="254" CONTENT="in"/>
                  <SP HEIGHT="38" WIDTH="12" VPOS="1944" HPOS="326"/>
                  <String HEIGHT="38"
                          WIDTH="108"
                          VPOS="1944"
                          HPOS="290"
                          CONTENT="libro"/>
                  <SP HEIGHT="38" WIDTH="12" VPOS="1944" HPOS="399"/>
                  <String HEIGHT="38" WIDTH="72" VPOS="1944" HPOS="362" CONTENT="de"/>
                  <SP HEIGHT="38" WIDTH="12" VPOS="1944" HPOS="435"/>
                  <String HEIGHT="38"
                          WIDTH="157"
                          VPOS="1944"
                          HPOS="399"
                          CONTENT="veritate,"/>
                  <SP HEIGHT="38" WIDTH="12" VPOS="1944" HPOS="555"/>
                  <String HEIGHT="38" WIDTH="84" VPOS="1944" HPOS="519" CONTENT="vbi"/>
                  <SP HEIGHT="38" WIDTH="12" VPOS="1944" HPOS="603"/>
                  <String HEIGHT="38"
                          WIDTH="120"
                          VPOS="1944"
                          HPOS="567"
                          CONTENT="probat"/>
                  <SP HEIGHT="38" WIDTH="12" VPOS="1944" HPOS="688"/>
                  <String HEIGHT="38"
                          WIDTH="157"
                          VPOS="1944"
                          HPOS="652"
                          CONTENT="veritatem"/>
                  <SP HEIGHT="38" WIDTH="12" VPOS="1944" HPOS="808"/>
                  <String HEIGHT="38" WIDTH="24" VPOS="1944" HPOS="760" CONTENT=""/>
               </TextLine>
               <TextLine ID="r1l134"
                         BASELINE="2018"
                         HEIGHT="47"
                         WIDTH="559"
                         VPOS="1971"
                         HPOS="226">
                  <String HEIGHT="47"
                          WIDTH="97"
                          VPOS="1971"
                          HPOS="214"
                          CONTENT="esse"/>
                  <SP HEIGHT="47" WIDTH="12" VPOS="1971" HPOS="311"/>
                  <String HEIGHT="47" WIDTH="73" VPOS="1971" HPOS="275" CONTENT="in"/>
                  <SP HEIGHT="47" WIDTH="12" VPOS="1971" HPOS="348"/>
                  <String HEIGHT="47"
                          WIDTH="207"
                          VPOS="1971"
                          HPOS="311"
                          CONTENT="enunciatione,"/>
                  <SP HEIGHT="47" WIDTH="12" VPOS="1971" HPOS="518"/>
                  <String HEIGHT="47" WIDTH="73" VPOS="1971" HPOS="481" CONTENT="in"/>
                  <SP HEIGHT="47" WIDTH="12" VPOS="1971" HPOS="554"/>
                  <String HEIGHT="47"
                          WIDTH="158"
                          VPOS="1971"
                          HPOS="518"
                          CONTENT="opinione,"/>
                  <SP HEIGHT="47" WIDTH="12" VPOS="1971" HPOS="676"/>
                  <String HEIGHT="47" WIDTH="73" VPOS="1971" HPOS="639" CONTENT="in"/>
                  <SP HEIGHT="47" WIDTH="12" VPOS="1971" HPOS="712"/>
                  <String HEIGHT="47"
                          WIDTH="109"
                          VPOS="1971"
                          HPOS="676"
                          CONTENT="voce,"/>
                  <SP HEIGHT="47" WIDTH="12" VPOS="1971" HPOS="785"/>
                  <String HEIGHT="47" WIDTH="49" VPOS="1971" HPOS="736" CONTENT="in"/>
               </TextLine>
               <TextLine ID="r1l136"
                         BASELINE="2046"
                         HEIGHT="38"
                         WIDTH="554"
                         VPOS="2008"
                         HPOS="223">
                  <String HEIGHT="38"
                          WIDTH="135"
                          VPOS="2008"
                          HPOS="209"
                          CONTENT="sensu,"/>
                  <SP HEIGHT="38" WIDTH="14" VPOS="2008" HPOS="345"/>
                  <String HEIGHT="38" WIDTH="68" VPOS="2008" HPOS="304" CONTENT="&amp;"/>
                  <SP HEIGHT="38" WIDTH="14" VPOS="2008" HPOS="372"/>
                  <String HEIGHT="38" WIDTH="81" VPOS="2008" HPOS="331" CONTENT="in"/>
                  <SP HEIGHT="38" WIDTH="14" VPOS="2008" HPOS="412"/>
                  <String HEIGHT="38"
                          WIDTH="216"
                          VPOS="2008"
                          HPOS="372"
                          CONTENT="quibuscunque"/>
                  <SP HEIGHT="38" WIDTH="14" VPOS="2008" HPOS="588"/>
                  <String HEIGHT="38"
                          WIDTH="135"
                          VPOS="2008"
                          HPOS="547"
                          CONTENT="rebus,"/>
                  <SP HEIGHT="38" WIDTH="14" VPOS="2008" HPOS="682"/>
                  <String HEIGHT="38"
                          WIDTH="108"
                          VPOS="2008"
                          HPOS="642"
                          CONTENT="isto"/>
                  <SP HEIGHT="38" WIDTH="14" VPOS="2008" HPOS="750"/>
                  <String HEIGHT="38"
                          WIDTH="81"
                          VPOS="2008"
                          HPOS="696"
                          CONTENT="modo"/>
               </TextLine>
               <TextLine ID="r1l138"
                         BASELINE="2081"
                         HEIGHT="42"
                         WIDTH="554"
                         VPOS="2039"
                         HPOS="229">
                  <String HEIGHT="42"
                          WIDTH="164"
                          VPOS="2039"
                          HPOS="216"
                          CONTENT="scilicet,"/>
                  <SP HEIGHT="42" WIDTH="13" VPOS="2039" HPOS="380"/>
                  <String HEIGHT="42" WIDTH="88" VPOS="2039" HPOS="342" CONTENT="per"/>
                  <SP HEIGHT="42" WIDTH="13" VPOS="2039" HPOS="430"/>
                  <String HEIGHT="42" WIDTH="88" VPOS="2039" HPOS="393" CONTENT="hoc"/>
                  <SP HEIGHT="42" WIDTH="13" VPOS="2039" HPOS="481"/>
                  <String HEIGHT="42"
                          WIDTH="101"
                          VPOS="2039"
                          HPOS="443"
                          CONTENT="quod"/>
                  <SP HEIGHT="42" WIDTH="13" VPOS="2039" HPOS="544"/>
                  <String HEIGHT="42"
                          WIDTH="189"
                          VPOS="2039"
                          HPOS="506"
                          CONTENT="assequuntur"/>
                  <SP HEIGHT="42" WIDTH="13" VPOS="2039" HPOS="695"/>
                  <String HEIGHT="42" WIDTH="76" VPOS="2039" HPOS="657" CONTENT="in"/>
                  <SP HEIGHT="42" WIDTH="13" VPOS="2039" HPOS="733"/>
                  <String HEIGHT="42" WIDTH="88" VPOS="2039" HPOS="695" CONTENT="sua"/>
                  <SP HEIGHT="42" WIDTH="13" VPOS="2039" HPOS="783"/>
                  <String HEIGHT="42" WIDTH="50" VPOS="2039" HPOS="733" CONTENT="na"/>
               </TextLine>
               <TextLine ID="r1l140"
                         BASELINE="2133"
                         HEIGHT="62"
                         WIDTH="564"
                         VPOS="2071"
                         HPOS="217">
                  <String HEIGHT="62"
                          WIDTH="121"
                          VPOS="2071"
                          HPOS="204"
                          CONTENT="tura,"/>
                  <SP HEIGHT="62" WIDTH="13" VPOS="2071" HPOS="324"/>
                  <String HEIGHT="62" WIDTH="67" VPOS="2071" HPOS="284" CONTENT="&amp;"/>
                  <SP HEIGHT="62" WIDTH="13" VPOS="2071" HPOS="351"/>
                  <String HEIGHT="62" WIDTH="81" VPOS="2071" HPOS="311" CONTENT="in"/>
                  <SP HEIGHT="62" WIDTH="13" VPOS="2071" HPOS="392"/>
                  <String HEIGHT="62" WIDTH="94" VPOS="2071" HPOS="351" CONTENT="suo"/>
                  <SP HEIGHT="62" WIDTH="13" VPOS="2071" HPOS="445"/>
                  <String HEIGHT="62"
                          WIDTH="107"
                          VPOS="2071"
                          HPOS="405"
                          CONTENT="esse"/>
                  <SP HEIGHT="62" WIDTH="13" VPOS="2071" HPOS="512"/>
                  <String HEIGHT="62"
                          WIDTH="134"
                          VPOS="2071"
                          HPOS="472"
                          CONTENT="illud,"/>
                  <SP HEIGHT="62" WIDTH="13" VPOS="2071" HPOS="606"/>
                  <String HEIGHT="62"
                          WIDTH="107"
                          VPOS="2071"
                          HPOS="566"
                          CONTENT="quod"/>
                  <SP HEIGHT="62" WIDTH="13" VPOS="2071" HPOS="674"/>
                  <String HEIGHT="62"
                          WIDTH="134"
                          VPOS="2071"
                          HPOS="633"
                          CONTENT="debent"/>
                  <SP HEIGHT="62" WIDTH="13" VPOS="2071" HPOS="768"/>
                  <String HEIGHT="62" WIDTH="67" VPOS="2071" HPOS="714" CONTENT="ha"/>
               </TextLine>
            </TextBlock>
            <TextBlock ID="TextRegion_1600963103661_1868"
                       HEIGHT="2024"
                       WIDTH="593"
                       VPOS="134"
                       HPOS="779">
               <Shape>
                  <Polygon POINTS="779,134 1372,134 1372,2158 799,2158 789,1123"/>
               </Shape>
               <TextLine ID="r1l3"
                         BASELINE="218"
                         HEIGHT="57"
                         WIDTH="542"
                         VPOS="161"
                         HPOS="796">
                  <String HEIGHT="57"
                          WIDTH="119"
                          VPOS="161"
                          HPOS="783"
                          CONTENT="bere,"/>
                  <SP HEIGHT="57" WIDTH="13" VPOS="161" HPOS="902"/>
                  <String HEIGHT="57" WIDTH="66" VPOS="161" HPOS="862" CONTENT="&amp;"/>
                  <SP HEIGHT="57" WIDTH="13" VPOS="161" HPOS="928"/>
                  <String HEIGHT="57"
                          WIDTH="106"
                          VPOS="161"
                          HPOS="889"
                          CONTENT="quod"/>
                  <SP HEIGHT="57" WIDTH="13" VPOS="161" HPOS="994"/>
                  <String HEIGHT="57"
                          WIDTH="132"
                          VPOS="161"
                          HPOS="955"
                          CONTENT="debent"/>
                  <SP HEIGHT="57" WIDTH="13" VPOS="161" HPOS="1087"/>
                  <String HEIGHT="57"
                          WIDTH="119"
                          VPOS="161"
                          HPOS="1047"
                          CONTENT="esse,"/>
                  <SP HEIGHT="57" WIDTH="13" VPOS="161" HPOS="1166"/>
                  <String HEIGHT="57"
                          WIDTH="106"
                          VPOS="161"
                          HPOS="1126"
                          CONTENT="tunc"/>
                  <SP HEIGHT="57" WIDTH="13" VPOS="161" HPOS="1232"/>
                  <String HEIGHT="57"
                          WIDTH="119"
                          VPOS="161"
                          HPOS="1193"
                          CONTENT="autem"/>
                  <SP HEIGHT="57" WIDTH="13" VPOS="161" HPOS="1312"/>
                  <String HEIGHT="57"
                          WIDTH="79"
                          VPOS="161"
                          HPOS="1259"
                          CONTENT="vna"
                          SUBS_TYPE="HypPart1"
                          SUBS_CONTENT="vnaquequae"/>
                  <HYP CONTENT="-"/>
               </TextLine>
               <TextLine ID="r1l5"
                         BASELINE="254"
                         HEIGHT="45"
                         WIDTH="557"
                         VPOS="209"
                         HPOS="791">
                  <String HEIGHT="45"
                          WIDTH="146"
                          VPOS="209"
                          HPOS="778"
                          CONTENT="quequae"
                          SUBS_TYPE="HypPart2"
                          SUBS_CONTENT="vnaquequae"/>
                  <SP HEIGHT="45" WIDTH="13" VPOS="209" HPOS="924"/>
                  <String HEIGHT="45" WIDTH="93" VPOS="209" HPOS="884" CONTENT="res"/>
                  <SP HEIGHT="45" WIDTH="13" VPOS="209" HPOS="977"/>
                  <String HEIGHT="45"
                          WIDTH="186"
                          VPOS="209"
                          HPOS="937"
                          CONTENT="assequitur"/>
                  <SP HEIGHT="45" WIDTH="13" VPOS="209" HPOS="1123"/>
                  <String HEIGHT="45" WIDTH="80" VPOS="209" HPOS="1083" CONTENT="in"/>
                  <SP HEIGHT="45" WIDTH="13" VPOS="209" HPOS="1162"/>
                  <String HEIGHT="45" WIDTH="93" VPOS="209" HPOS="1123" CONTENT="sua"/>
                  <SP HEIGHT="45" WIDTH="13" VPOS="209" HPOS="1215"/>
                  <String HEIGHT="45"
                          WIDTH="146"
                          VPOS="209"
                          HPOS="1176"
                          CONTENT="natura,"/>
                  <SP HEIGHT="45" WIDTH="13" VPOS="209" HPOS="1321"/>
                  <String HEIGHT="45" WIDTH="66" VPOS="209" HPOS="1282" CONTENT="&amp;"/>
                  <SP HEIGHT="45" WIDTH="13" VPOS="209" HPOS="1348"/>
                  <String HEIGHT="45" WIDTH="53" VPOS="209" HPOS="1295" CONTENT="in"/>
               </TextLine>
               <TextLine ID="r1l8"
                         BASELINE="285"
                         HEIGHT="34"
                         WIDTH="555"
                         VPOS="251"
                         HPOS="792">
                  <String HEIGHT="34" WIDTH="90" VPOS="251" HPOS="779" CONTENT="suo"/>
                  <SP HEIGHT="34" WIDTH="13" VPOS="251" HPOS="869"/>
                  <String HEIGHT="34"
                          WIDTH="103"
                          VPOS="251"
                          HPOS="831"
                          CONTENT="esse"/>
                  <SP HEIGHT="34" WIDTH="13" VPOS="251" HPOS="934"/>
                  <String HEIGHT="34"
                          WIDTH="116"
                          VPOS="251"
                          HPOS="895"
                          CONTENT="illud"/>
                  <SP HEIGHT="34" WIDTH="13" VPOS="251" HPOS="1011"/>
                  <String HEIGHT="34"
                          WIDTH="103"
                          VPOS="251"
                          HPOS="973"
                          CONTENT="quod"/>
                  <SP HEIGHT="34" WIDTH="13" VPOS="251" HPOS="1076"/>
                  <String HEIGHT="34"
                          WIDTH="116"
                          VPOS="251"
                          HPOS="1037"
                          CONTENT="debet"/>
                  <SP HEIGHT="34" WIDTH="13" VPOS="251" HPOS="1153"/>
                  <String HEIGHT="34"
                          WIDTH="142"
                          VPOS="251"
                          HPOS="1115"
                          CONTENT="habere,"/>
                  <SP HEIGHT="34" WIDTH="13" VPOS="251" HPOS="1257"/>
                  <String HEIGHT="34" WIDTH="65" VPOS="251" HPOS="1218" CONTENT="&amp;"/>
                  <SP HEIGHT="34" WIDTH="13" VPOS="251" HPOS="1282"/>
                  <String HEIGHT="34"
                          WIDTH="129"
                          VPOS="251"
                          HPOS="1244"
                          CONTENT="illud,"/>
                  <SP HEIGHT="34" WIDTH="13" VPOS="251" HPOS="1373"/>
                  <String HEIGHT="34" WIDTH="26" VPOS="251" HPOS="1321" CONTENT=""/>
               </TextLine>
               <TextLine ID="r1l10"
                         BASELINE="322"
                         HEIGHT="50"
                         WIDTH="544"
                         VPOS="272"
                         HPOS="800">
                  <String HEIGHT="50"
                          WIDTH="109"
                          VPOS="272"
                          HPOS="786"
                          CONTENT="quod"/>
                  <SP HEIGHT="50" WIDTH="14" VPOS="272" HPOS="895"/>
                  <String HEIGHT="50"
                          WIDTH="122"
                          VPOS="272"
                          HPOS="854"
                          CONTENT="debet"/>
                  <SP HEIGHT="50" WIDTH="14" VPOS="272" HPOS="977"/>
                  <String HEIGHT="50"
                          WIDTH="122"
                          VPOS="272"
                          HPOS="936"
                          CONTENT="esse,"/>
                  <SP HEIGHT="50" WIDTH="14" VPOS="272" HPOS="1058"/>
                  <String HEIGHT="50"
                          WIDTH="136"
                          VPOS="272"
                          HPOS="1018"
                          CONTENT="quando"/>
                  <SP HEIGHT="50" WIDTH="14" VPOS="272" HPOS="1154"/>
                  <String HEIGHT="50"
                          WIDTH="204"
                          VPOS="272"
                          HPOS="1113"
                          CONTENT="conformatur"/>
                  <SP HEIGHT="50" WIDTH="14" VPOS="272" HPOS="1317"/>
                  <String HEIGHT="50"
                          WIDTH="82"
                          VPOS="272"
                          HPOS="1262"
                          CONTENT="suae"/>
               </TextLine>
               <TextLine ID="r1l11"
                         BASELINE="351"
                         HEIGHT="42"
                         WIDTH="546"
                         VPOS="309"
                         HPOS="797">
                  <String HEIGHT="42"
                          WIDTH="149"
                          VPOS="309"
                          HPOS="785"
                          CONTENT="regulae,"/>
                  <SP HEIGHT="42" WIDTH="12" VPOS="309" HPOS="934"/>
                  <String HEIGHT="42" WIDTH="62" VPOS="309" HPOS="896" CONTENT="&amp;"/>
                  <SP HEIGHT="42" WIDTH="12" VPOS="309" HPOS="958"/>
                  <String HEIGHT="42"
                          WIDTH="161"
                          VPOS="309"
                          HPOS="921"
                          CONTENT="mensurae:"/>
                  <SP HEIGHT="42" WIDTH="12" VPOS="309" HPOS="1082"/>
                  <String HEIGHT="42" WIDTH="62" VPOS="309" HPOS="1045" CONTENT="&amp;"/>
                  <SP HEIGHT="42" WIDTH="12" VPOS="309" HPOS="1107"/>
                  <String HEIGHT="42"
                          WIDTH="99"
                          VPOS="309"
                          HPOS="1070"
                          CONTENT="ista"/>
                  <SP HEIGHT="42" WIDTH="12" VPOS="309" HPOS="1169"/>
                  <String HEIGHT="42"
                          WIDTH="137"
                          VPOS="309"
                          HPOS="1132"
                          CONTENT="videtur"/>
                  <SP HEIGHT="42" WIDTH="12" VPOS="309" HPOS="1269"/>
                  <String HEIGHT="42"
                          WIDTH="99"
                          VPOS="309"
                          HPOS="1231"
                          CONTENT="esse"/>
                  <SP HEIGHT="42" WIDTH="12" VPOS="309" HPOS="1331"/>
                  <String HEIGHT="42"
                          WIDTH="62"
                          VPOS="309"
                          HPOS="1281"
                          CONTENT="in"
                          SUBS_TYPE="HypPart1"
                          SUBS_CONTENT="intentio"/>
                  <HYP CONTENT="-"/>
               </TextLine>
               <TextLine ID="r1l14"
                         BASELINE="392"
                         HEIGHT="49"
                         WIDTH="553"
                         VPOS="343"
                         HPOS="792">
                  <String HEIGHT="49"
                          WIDTH="113"
                          VPOS="343"
                          HPOS="781"
                          CONTENT="tentio"
                          SUBS_TYPE="HypPart2"
                          SUBS_CONTENT="intentio"/>
                  <SP HEIGHT="49" WIDTH="11" VPOS="343" HPOS="894"/>
                  <String HEIGHT="49"
                          WIDTH="124"
                          VPOS="343"
                          HPOS="860"
                          CONTENT="Saluat."/>
                  <SP HEIGHT="49" WIDTH="11" VPOS="343" HPOS="984"/>
                  <String HEIGHT="49"
                          WIDTH="113"
                          VPOS="343"
                          HPOS="950"
                          CONTENT="nostri"/>
                  <SP HEIGHT="49" WIDTH="11" VPOS="343" HPOS="1063"/>
                  <String HEIGHT="49"
                          WIDTH="90"
                          VPOS="343"
                          HPOS="1029"
                          CONTENT="apud"/>
                  <SP HEIGHT="49" WIDTH="11" VPOS="343" HPOS="1119"/>
                  <String HEIGHT="49"
                          WIDTH="113"
                          VPOS="343"
                          HPOS="1085"
                          CONTENT="lohan."/>
                  <SP HEIGHT="49" WIDTH="11" VPOS="343" HPOS="1198"/>
                  <String HEIGHT="49" WIDTH="68" VPOS="343" HPOS="1164" CONTENT="3."/>
                  <SP HEIGHT="49" WIDTH="11" VPOS="343" HPOS="1232"/>
                  <String HEIGHT="49" WIDTH="79" VPOS="343" HPOS="1198" CONTENT="vbi"/>
                  <SP HEIGHT="49" WIDTH="11" VPOS="343" HPOS="1277"/>
                  <String HEIGHT="49"
                          WIDTH="90"
                          VPOS="343"
                          HPOS="1243"
                          CONTENT="ait:"/>
                  <SP HEIGHT="49" WIDTH="11" VPOS="343" HPOS="1334"/>
                  <String HEIGHT="49" WIDTH="56" VPOS="343" HPOS="1289" CONTENT="Qui"/>
               </TextLine>
               <TextLine ID="r1l16"
                         BASELINE="418"
                         HEIGHT="41"
                         WIDTH="556"
                         VPOS="377"
                         HPOS="795">
                  <String HEIGHT="41"
                          WIDTH="106"
                          VPOS="377"
                          HPOS="782"
                          CONTENT="male"/>
                  <SP HEIGHT="41" WIDTH="13" VPOS="377" HPOS="888"/>
                  <String HEIGHT="41"
                          WIDTH="106"
                          VPOS="377"
                          HPOS="848"
                          CONTENT="agit"/>
                  <SP HEIGHT="41" WIDTH="13" VPOS="377" HPOS="954"/>
                  <String HEIGHT="41"
                          WIDTH="106"
                          VPOS="377"
                          HPOS="914"
                          CONTENT="odit"/>
                  <SP HEIGHT="41" WIDTH="13" VPOS="377" HPOS="1020"/>
                  <String HEIGHT="41"
                          WIDTH="132"
                          VPOS="377"
                          HPOS="980"
                          CONTENT="lucem,"/>
                  <SP HEIGHT="41" WIDTH="13" VPOS="377" HPOS="1113"/>
                  <String HEIGHT="41" WIDTH="66" VPOS="377" HPOS="1073" CONTENT="&amp;"/>
                  <SP HEIGHT="41" WIDTH="13" VPOS="377" HPOS="1139"/>
                  <String HEIGHT="41" WIDTH="93" VPOS="377" HPOS="1099" CONTENT="non"/>
                  <SP HEIGHT="41" WIDTH="13" VPOS="377" HPOS="1192"/>
                  <String HEIGHT="41"
                          WIDTH="119"
                          VPOS="377"
                          HPOS="1152"
                          CONTENT="venit"/>
                  <SP HEIGHT="41" WIDTH="13" VPOS="377" HPOS="1272"/>
                  <String HEIGHT="41" WIDTH="79" VPOS="377" HPOS="1232" CONTENT="ad"/>
                  <SP HEIGHT="41" WIDTH="13" VPOS="377" HPOS="1311"/>
                  <String HEIGHT="41"
                          WIDTH="93"
                          VPOS="377"
                          HPOS="1258"
                          CONTENT="lucem"/>
               </TextLine>
               <TextLine ID="r1l17"
                         BASELINE="457"
                         HEIGHT="45"
                         WIDTH="544"
                         VPOS="412"
                         HPOS="798">
                  <String HEIGHT="45" WIDTH="78" VPOS="412" HPOS="785" CONTENT="vt"/>
                  <SP HEIGHT="45" WIDTH="13" VPOS="412" HPOS="863"/>
                  <String HEIGHT="45" WIDTH="91" VPOS="412" HPOS="824" CONTENT="non"/>
                  <SP HEIGHT="45" WIDTH="13" VPOS="412" HPOS="915"/>
                  <String HEIGHT="45"
                          WIDTH="220"
                          VPOS="412"
                          HPOS="876"
                          CONTENT="manifestentur"/>
                  <SP HEIGHT="45" WIDTH="13" VPOS="412" HPOS="1096"/>
                  <String HEIGHT="45"
                          WIDTH="117"
                          VPOS="412"
                          HPOS="1057"
                          CONTENT="opera"/>
                  <SP HEIGHT="45" WIDTH="13" VPOS="412" HPOS="1174"/>
                  <String HEIGHT="45"
                          WIDTH="117"
                          VPOS="412"
                          HPOS="1135"
                          CONTENT="eius,"/>
                  <SP HEIGHT="45" WIDTH="13" VPOS="412" HPOS="1251"/>
                  <String HEIGHT="45" WIDTH="91" VPOS="412" HPOS="1212" CONTENT="qui"/>
                  <SP HEIGHT="45" WIDTH="13" VPOS="412" HPOS="1303"/>
                  <String HEIGHT="45"
                          WIDTH="91"
                          VPOS="412"
                          HPOS="1251"
                          CONTENT="autem"/>
               </TextLine>
               <TextLine ID="r1l21"
                         BASELINE="493"
                         HEIGHT="47"
                         WIDTH="553"
                         VPOS="446"
                         HPOS="793">
                  <String HEIGHT="47"
                          WIDTH="124"
                          VPOS="446"
                          HPOS="779"
                          CONTENT="facit"/>
                  <SP HEIGHT="47" WIDTH="14" VPOS="446" HPOS="904"/>
                  <String HEIGHT="47"
                          WIDTH="180"
                          VPOS="446"
                          HPOS="862"
                          CONTENT="veritatem"/>
                  <SP HEIGHT="47" WIDTH="14" VPOS="446" HPOS="1042"/>
                  <String HEIGHT="47"
                          WIDTH="124"
                          VPOS="446"
                          HPOS="1000"
                          CONTENT="venit"/>
                  <SP HEIGHT="47" WIDTH="14" VPOS="446" HPOS="1125"/>
                  <String HEIGHT="47" WIDTH="83" VPOS="446" HPOS="1083" CONTENT="ad"/>
                  <SP HEIGHT="47" WIDTH="14" VPOS="446" HPOS="1166"/>
                  <String HEIGHT="47"
                          WIDTH="124"
                          VPOS="446"
                          HPOS="1125"
                          CONTENT="lucem"/>
                  <SP HEIGHT="47" WIDTH="14" VPOS="446" HPOS="1249"/>
                  <String HEIGHT="47"
                          WIDTH="111"
                          VPOS="446"
                          HPOS="1208"
                          CONTENT="vult"/>
                  <SP HEIGHT="47" WIDTH="14" VPOS="446" HPOS="1318"/>
                  <String HEIGHT="47"
                          WIDTH="83"
                          VPOS="446"
                          HPOS="1263"
                          CONTENT="ergo"/>
               </TextLine>
               <TextLine ID="r1l24"
                         BASELINE="518"
                         HEIGHT="40"
                         WIDTH="546"
                         VPOS="478"
                         HPOS="802">
                  <String HEIGHT="40"
                          WIDTH="172"
                          VPOS="478"
                          HPOS="788"
                          CONTENT="Saluator"/>
                  <SP HEIGHT="40" WIDTH="14" VPOS="478" HPOS="960"/>
                  <String HEIGHT="40"
                          WIDTH="144"
                          VPOS="478"
                          HPOS="917"
                          CONTENT="noster"/>
                  <SP HEIGHT="40" WIDTH="14" VPOS="478" HPOS="1061"/>
                  <String HEIGHT="40"
                          WIDTH="115"
                          VPOS="478"
                          HPOS="1018"
                          CONTENT="quod"/>
                  <SP HEIGHT="40" WIDTH="14" VPOS="478" HPOS="1132"/>
                  <String HEIGHT="40"
                          WIDTH="115"
                          VPOS="478"
                          HPOS="1089"
                          CONTENT="homo"/>
                  <SP HEIGHT="40" WIDTH="14" VPOS="478" HPOS="1204"/>
                  <String HEIGHT="40"
                          WIDTH="172"
                          VPOS="478"
                          HPOS="1161"
                          CONTENT="peccator"/>
                  <SP HEIGHT="40" WIDTH="14" VPOS="478" HPOS="1334"/>
                  <String HEIGHT="40" WIDTH="72" VPOS="478" HPOS="1276" CONTENT="non"/>
               </TextLine>
               <TextLine ID="r1l26"
                         BASELINE="566"
                         HEIGHT="50"
                         WIDTH="557"
                         VPOS="516"
                         HPOS="794">
                  <String HEIGHT="50"
                          WIDTH="109"
                          VPOS="516"
                          HPOS="782"
                          CONTENT="facit"/>
                  <SP HEIGHT="50" WIDTH="12" VPOS="516" HPOS="891"/>
                  <String HEIGHT="50"
                          WIDTH="170"
                          VPOS="516"
                          HPOS="855"
                          CONTENT="veritatem,"/>
                  <SP HEIGHT="50" WIDTH="12" VPOS="516" HPOS="1024"/>
                  <String HEIGHT="50" WIDTH="85" VPOS="516" HPOS="988" CONTENT="sed"/>
                  <SP HEIGHT="50" WIDTH="12" VPOS="516" HPOS="1073"/>
                  <String HEIGHT="50"
                          WIDTH="133"
                          VPOS="516"
                          HPOS="1036"
                          CONTENT="iustus,"/>
                  <SP HEIGHT="50" WIDTH="12" VPOS="516" HPOS="1169"/>
                  <String HEIGHT="50"
                          WIDTH="97"
                          VPOS="516"
                          HPOS="1133"
                          CONTENT="quod"/>
                  <SP HEIGHT="50" WIDTH="12" VPOS="516" HPOS="1230"/>
                  <String HEIGHT="50" WIDTH="85" VPOS="516" HPOS="1194" CONTENT="non"/>
                  <SP HEIGHT="50" WIDTH="12" VPOS="516" HPOS="1278"/>
                  <String HEIGHT="50" WIDTH="85" VPOS="516" HPOS="1242" CONTENT="est"/>
                  <SP HEIGHT="50" WIDTH="12" VPOS="516" HPOS="1327"/>
                  <String HEIGHT="50"
                          WIDTH="73"
                          VPOS="516"
                          HPOS="1278"
                          CONTENT="pro"
                          SUBS_TYPE="HypPart1"
                          SUBS_CONTENT="propter"/>
                  <HYP CONTENT="-"/>
               </TextLine>
               <TextLine ID="r1l28"
                         BASELINE="594"
                         HEIGHT="37"
                         WIDTH="546"
                         VPOS="557"
                         HPOS="803">
                  <String HEIGHT="37"
                          WIDTH="97"
                          VPOS="557"
                          HPOS="791"
                          CONTENT="pter"
                          SUBS_TYPE="HypPart2"
                          SUBS_CONTENT="propter"/>
                  <SP HEIGHT="37" WIDTH="12" VPOS="557" HPOS="888"/>
                  <String HEIGHT="37"
                          WIDTH="121"
                          VPOS="557"
                          HPOS="852"
                          CONTENT="aliud,"/>
                  <SP HEIGHT="37" WIDTH="12" VPOS="557" HPOS="973"/>
                  <String HEIGHT="37" WIDTH="97" VPOS="557" HPOS="936" CONTENT="nisi"/>
                  <SP HEIGHT="37" WIDTH="12" VPOS="557" HPOS="1034"/>
                  <String HEIGHT="37" WIDTH="97" VPOS="557" HPOS="997" CONTENT="quia"/>
                  <SP HEIGHT="37" WIDTH="12" VPOS="557" HPOS="1094"/>
                  <String HEIGHT="37"
                          WIDTH="109"
                          VPOS="557"
                          HPOS="1058"
                          CONTENT="actus"/>
                  <SP HEIGHT="37" WIDTH="12" VPOS="557" HPOS="1167"/>
                  <String HEIGHT="37"
                          WIDTH="133"
                          VPOS="557"
                          HPOS="1131"
                          CONTENT="hominis"/>
                  <SP HEIGHT="37" WIDTH="12" VPOS="557" HPOS="1264"/>
                  <String HEIGHT="37"
                          WIDTH="133"
                          VPOS="557"
                          HPOS="1216"
                          CONTENT="peccantis"/>
               </TextLine>
               <TextLine ID="r1l30"
                         BASELINE="631"
                         HEIGHT="48"
                         WIDTH="560"
                         VPOS="583"
                         HPOS="794">
                  <String HEIGHT="48"
                          WIDTH="140"
                          VPOS="583"
                          HPOS="781"
                          CONTENT="deuiant"/>
                  <SP HEIGHT="48" WIDTH="13" VPOS="583" HPOS="921"/>
                  <String HEIGHT="48" WIDTH="64" VPOS="583" HPOS="883" CONTENT="a"/>
                  <SP HEIGHT="48" WIDTH="13" VPOS="583" HPOS="947"/>
                  <String HEIGHT="48" WIDTH="89" VPOS="583" HPOS="909" CONTENT="sua"/>
                  <SP HEIGHT="48" WIDTH="13" VPOS="583" HPOS="998"/>
                  <String HEIGHT="48"
                          WIDTH="140"
                          VPOS="583"
                          HPOS="959"
                          CONTENT="regula,"/>
                  <SP HEIGHT="48" WIDTH="13" VPOS="583" HPOS="1099"/>
                  <String HEIGHT="48" WIDTH="64" VPOS="583" HPOS="1061" CONTENT="&amp;"/>
                  <SP HEIGHT="48" WIDTH="13" VPOS="583" HPOS="1125"/>
                  <String HEIGHT="48"
                          WIDTH="153"
                          VPOS="583"
                          HPOS="1087"
                          CONTENT="mensura,"/>
                  <SP HEIGHT="48" WIDTH="13" VPOS="583" HPOS="1239"/>
                  <String HEIGHT="48"
                          WIDTH="102"
                          VPOS="583"
                          HPOS="1201"
                          CONTENT="quam"/>
                  <SP HEIGHT="48" WIDTH="13" VPOS="583" HPOS="1303"/>
                  <String HEIGHT="48"
                          WIDTH="102"
                          VPOS="583"
                          HPOS="1252"
                          CONTENT="debent"/>
               </TextLine>
               <TextLine ID="r1l31"
                         BASELINE="668"
                         HEIGHT="51"
                         WIDTH="553"
                         VPOS="617"
                         HPOS="795">
                  <String HEIGHT="51"
                          WIDTH="154"
                          VPOS="617"
                          HPOS="782"
                          CONTENT="imitari,"/>
                  <SP HEIGHT="51" WIDTH="13" VPOS="617" HPOS="936"/>
                  <String HEIGHT="51" WIDTH="64" VPOS="617" HPOS="898" CONTENT="&amp;"/>
                  <SP HEIGHT="51" WIDTH="13" VPOS="617" HPOS="962"/>
                  <String HEIGHT="51" WIDTH="90" VPOS="617" HPOS="924" CONTENT="cui"/>
                  <SP HEIGHT="51" WIDTH="13" VPOS="617" HPOS="1014"/>
                  <String HEIGHT="51"
                          WIDTH="154"
                          VPOS="617"
                          HPOS="975"
                          CONTENT="deberent"/>
                  <SP HEIGHT="51" WIDTH="13" VPOS="617" HPOS="1129"/>
                  <String HEIGHT="51"
                          WIDTH="193"
                          VPOS="617"
                          HPOS="1091"
                          CONTENT="conformari,"/>
                  <SP HEIGHT="51" WIDTH="13" VPOS="617" HPOS="1284"/>
                  <String HEIGHT="51"
                          WIDTH="116"
                          VPOS="617"
                          HPOS="1232"
                          CONTENT="propter"/>
               </TextLine>
               <TextLine ID="r1l34"
                         BASELINE="699"
                         HEIGHT="49"
                         WIDTH="549"
                         VPOS="650"
                         HPOS="805">
                  <String HEIGHT="49"
                          WIDTH="107"
                          VPOS="650"
                          HPOS="792"
                          CONTENT="quam"/>
                  <SP HEIGHT="49" WIDTH="13" VPOS="650" HPOS="899"/>
                  <String HEIGHT="49"
                          WIDTH="201"
                          VPOS="650"
                          HPOS="859"
                          CONTENT="deuiationem"/>
                  <SP HEIGHT="49" WIDTH="13" VPOS="650" HPOS="1059"/>
                  <String HEIGHT="49" WIDTH="94" VPOS="650" HPOS="1019" CONTENT="non"/>
                  <SP HEIGHT="49" WIDTH="13" VPOS="650" HPOS="1113"/>
                  <String HEIGHT="49"
                          WIDTH="187"
                          VPOS="650"
                          HPOS="1073"
                          CONTENT="assequitur"/>
                  <SP HEIGHT="49" WIDTH="13" VPOS="650" HPOS="1260"/>
                  <String HEIGHT="49"
                          WIDTH="147"
                          VPOS="650"
                          HPOS="1207"
                          CONTENT="rectitudi"/>
               </TextLine>
               <TextLine ID="r1l36"
                         BASELINE="734"
                         HEIGHT="49"
                         WIDTH="554"
                         VPOS="685"
                         HPOS="798">
                  <String HEIGHT="49" WIDTH="95" VPOS="685" HPOS="784" CONTENT="nem"/>
                  <SP HEIGHT="49" WIDTH="14" VPOS="685" HPOS="879"/>
                  <String HEIGHT="49"
                          WIDTH="108"
                          VPOS="685"
                          HPOS="839"
                          CONTENT="quam"/>
                  <SP HEIGHT="49" WIDTH="14" VPOS="685" HPOS="947"/>
                  <String HEIGHT="49"
                          WIDTH="122"
                          VPOS="685"
                          HPOS="906"
                          CONTENT="debet"/>
                  <SP HEIGHT="49" WIDTH="14" VPOS="685" HPOS="1028"/>
                  <String HEIGHT="49"
                          WIDTH="135"
                          VPOS="685"
                          HPOS="987"
                          CONTENT="habere"/>
                  <SP HEIGHT="49" WIDTH="14" VPOS="685" HPOS="1122"/>
                  <String HEIGHT="49" WIDTH="81" VPOS="685" HPOS="1082" CONTENT="in"/>
                  <SP HEIGHT="49" WIDTH="14" VPOS="685" HPOS="1163"/>
                  <String HEIGHT="49" WIDTH="95" VPOS="685" HPOS="1122" CONTENT="sua"/>
                  <SP HEIGHT="49" WIDTH="14" VPOS="685" HPOS="1217"/>
                  <String HEIGHT="49"
                          WIDTH="149"
                          VPOS="685"
                          HPOS="1176"
                          CONTENT="natura,"/>
                  <SP HEIGHT="49" WIDTH="14" VPOS="685" HPOS="1325"/>
                  <String HEIGHT="49" WIDTH="68" VPOS="685" HPOS="1284" CONTENT="&amp;"/>
                  <SP HEIGHT="49" WIDTH="14" VPOS="685" HPOS="1352"/>
                  <String HEIGHT="49" WIDTH="54" VPOS="685" HPOS="1298" CONTENT="in"/>
               </TextLine>
               <TextLine ID="r1l37"
                         BASELINE="766"
                         HEIGHT="47"
                         WIDTH="550"
                         VPOS="719"
                         HPOS="801">
                  <String HEIGHT="47" WIDTH="90" VPOS="719" HPOS="788" CONTENT="suo"/>
                  <SP HEIGHT="47" WIDTH="13" VPOS="719" HPOS="878"/>
                  <String HEIGHT="47"
                          WIDTH="115"
                          VPOS="719"
                          HPOS="839"
                          CONTENT="esse:"/>
                  <SP HEIGHT="47" WIDTH="13" VPOS="719" HPOS="954"/>
                  <String HEIGHT="47" WIDTH="64" VPOS="719" HPOS="916" CONTENT="&amp;"/>
                  <SP HEIGHT="47" WIDTH="13" VPOS="719" HPOS="980"/>
                  <String HEIGHT="47"
                          WIDTH="102"
                          VPOS="719"
                          HPOS="942"
                          CONTENT="hinc"/>
                  <SP HEIGHT="47" WIDTH="13" VPOS="719" HPOS="1044"/>
                  <String HEIGHT="47" WIDTH="90" VPOS="719" HPOS="1006" CONTENT="est"/>
                  <SP HEIGHT="47" WIDTH="13" VPOS="719" HPOS="1095"/>
                  <String HEIGHT="47"
                          WIDTH="102"
                          VPOS="719"
                          HPOS="1057"
                          CONTENT="quod"/>
                  <SP HEIGHT="47" WIDTH="13" VPOS="719" HPOS="1159"/>
                  <String HEIGHT="47" WIDTH="77" VPOS="719" HPOS="1121" CONTENT="de"/>
                  <SP HEIGHT="47" WIDTH="13" VPOS="719" HPOS="1198"/>
                  <String HEIGHT="47"
                          WIDTH="141"
                          VPOS="719"
                          HPOS="1159"
                          CONTENT="Diabolo"/>
                  <SP HEIGHT="47" WIDTH="13" VPOS="719" HPOS="1300"/>
                  <String HEIGHT="47"
                          WIDTH="115"
                          VPOS="719"
                          HPOS="1261"
                          CONTENT="dici"/>
                  <SP HEIGHT="47" WIDTH="13" VPOS="719" HPOS="1377"/>
                  <String HEIGHT="47" WIDTH="26" VPOS="719" HPOS="1325" CONTENT=""/>
               </TextLine>
               <TextLine ID="r1l40"
                         BASELINE="794"
                         HEIGHT="46"
                         WIDTH="551"
                         VPOS="748"
                         HPOS="798">
                  <String HEIGHT="46" WIDTH="88" VPOS="748" HPOS="785" CONTENT="tur"/>
                  <SP HEIGHT="46" WIDTH="13" VPOS="748" HPOS="873"/>
                  <String HEIGHT="46" WIDTH="88" VPOS="748" HPOS="836" CONTENT="lo:"/>
                  <SP HEIGHT="46" WIDTH="13" VPOS="748" HPOS="923"/>
                  <String HEIGHT="46" WIDTH="63" VPOS="748" HPOS="886" CONTENT="S"/>
                  <SP HEIGHT="46" WIDTH="13" VPOS="748" HPOS="948"/>
                  <String HEIGHT="46"
                          WIDTH="100"
                          VPOS="748"
                          HPOS="911"
                          CONTENT="quod"/>
                  <SP HEIGHT="46" WIDTH="13" VPOS="748" HPOS="1011"/>
                  <String HEIGHT="46"
                          WIDTH="100"
                          VPOS="748"
                          HPOS="973"
                          CONTENT="fuit"/>
                  <SP HEIGHT="46" WIDTH="13" VPOS="748" HPOS="1074"/>
                  <String HEIGHT="46"
                          WIDTH="150"
                          VPOS="748"
                          HPOS="1036"
                          CONTENT="homicida"/>
                  <SP HEIGHT="46" WIDTH="13" VPOS="748" HPOS="1186"/>
                  <String HEIGHT="46" WIDTH="75" VPOS="748" HPOS="1149" CONTENT="ab"/>
                  <SP HEIGHT="46" WIDTH="13" VPOS="748" HPOS="1224"/>
                  <String HEIGHT="46"
                          WIDTH="138"
                          VPOS="748"
                          HPOS="1186"
                          CONTENT="initio,"/>
                  <SP HEIGHT="46" WIDTH="13" VPOS="748" HPOS="1324"/>
                  <String HEIGHT="46" WIDTH="63" VPOS="748" HPOS="1286" CONTENT="&amp;"/>
                  <SP HEIGHT="46" WIDTH="13" VPOS="748" HPOS="1349"/>
                  <String HEIGHT="46" WIDTH="50" VPOS="748" HPOS="1299" CONTENT="in"/>
               </TextLine>
               <TextLine ID="r1l42"
                         BASELINE="832"
                         HEIGHT="45"
                         WIDTH="546"
                         VPOS="787"
                         HPOS="802">
                  <String HEIGHT="45"
                          WIDTH="156"
                          VPOS="787"
                          HPOS="789"
                          CONTENT="veritate"/>
                  <SP HEIGHT="45" WIDTH="13" VPOS="787" HPOS="945"/>
                  <String HEIGHT="45" WIDTH="91" VPOS="787" HPOS="906" CONTENT="non"/>
                  <SP HEIGHT="45" WIDTH="13" VPOS="787" HPOS="997"/>
                  <String HEIGHT="45"
                          WIDTH="143"
                          VPOS="787"
                          HPOS="958"
                          CONTENT="stetit:"/>
                  <SP HEIGHT="45" WIDTH="13" VPOS="787" HPOS="1101"/>
                  <String HEIGHT="45"
                          WIDTH="104"
                          VPOS="787"
                          HPOS="1062"
                          CONTENT="quod"/>
                  <SP HEIGHT="45" WIDTH="13" VPOS="787" HPOS="1166"/>
                  <String HEIGHT="45"
                          WIDTH="130"
                          VPOS="787"
                          HPOS="1127"
                          CONTENT="quidem"/>
                  <SP HEIGHT="45" WIDTH="13" VPOS="787" HPOS="1257"/>
                  <String HEIGHT="45"
                          WIDTH="130"
                          VPOS="787"
                          HPOS="1218"
                          CONTENT="verbum"/>
                  <SP HEIGHT="45" WIDTH="13" VPOS="787" HPOS="1348"/>
                  <String HEIGHT="45" WIDTH="52" VPOS="787" HPOS="1296" CONTENT="po"/>
               </TextLine>
               <TextLine ID="r1l45"
                         BASELINE="861"
                         HEIGHT="38"
                         WIDTH="557"
                         VPOS="823"
                         HPOS="802">
                  <String HEIGHT="38"
                          WIDTH="142"
                          VPOS="823"
                          HPOS="789"
                          CONTENT="tractat"/>
                  <SP HEIGHT="38" WIDTH="13" VPOS="823" HPOS="932"/>
                  <String HEIGHT="38"
                          WIDTH="155"
                          VPOS="823"
                          HPOS="893"
                          CONTENT="Anselmus"/>
                  <SP HEIGHT="38" WIDTH="13" VPOS="823" HPOS="1048"/>
                  <String HEIGHT="38" WIDTH="78" VPOS="823" HPOS="1009" CONTENT="in"/>
                  <SP HEIGHT="38" WIDTH="13" VPOS="823" HPOS="1087"/>
                  <String HEIGHT="38"
                          WIDTH="117"
                          VPOS="823"
                          HPOS="1048"
                          CONTENT="libro"/>
                  <SP HEIGHT="38" WIDTH="13" VPOS="823" HPOS="1165"/>
                  <String HEIGHT="38" WIDTH="78" VPOS="823" HPOS="1126" CONTENT="de"/>
                  <SP HEIGHT="38" WIDTH="13" VPOS="823" HPOS="1204"/>
                  <String HEIGHT="38"
                          WIDTH="155"
                          VPOS="823"
                          HPOS="1165"
                          CONTENT="veritate"/>
                  <SP HEIGHT="38" WIDTH="13" VPOS="823" HPOS="1320"/>
                  <String HEIGHT="38"
                          WIDTH="91"
                          VPOS="823"
                          HPOS="1268"
                          CONTENT="iuxta"/>
               </TextLine>
               <TextLine ID="r1l48"
                         BASELINE="911"
                         HEIGHT="56"
                         WIDTH="548"
                         VPOS="855"
                         HPOS="806">
                  <String HEIGHT="56"
                          WIDTH="191"
                          VPOS="855"
                          HPOS="793"
                          CONTENT="intentionem"/>
                  <SP HEIGHT="56" WIDTH="13" VPOS="855" HPOS="984"/>
                  <String HEIGHT="56"
                          WIDTH="178"
                          VPOS="855"
                          HPOS="946"
                          CONTENT="Saluatoris"/>
                  <SP HEIGHT="56" WIDTH="13" VPOS="855" HPOS="1125"/>
                  <String HEIGHT="56"
                          WIDTH="140"
                          VPOS="855"
                          HPOS="1086"
                          CONTENT="nostri:"/>
                  <SP HEIGHT="56" WIDTH="13" VPOS="855" HPOS="1227"/>
                  <String HEIGHT="56"
                          WIDTH="102"
                          VPOS="855"
                          HPOS="1188"
                          CONTENT="vnde"/>
                  <SP HEIGHT="56" WIDTH="13" VPOS="855" HPOS="1290"/>
                  <String HEIGHT="56"
                          WIDTH="115"
                          VPOS="855"
                          HPOS="1239"
                          CONTENT="apparet"/>
               </TextLine>
               <TextLine ID="r1l49"
                         BASELINE="930"
                         HEIGHT="41"
                         WIDTH="550"
                         VPOS="889"
                         HPOS="803">
                  <String HEIGHT="41"
                          WIDTH="164"
                          VPOS="889"
                          HPOS="788"
                          CONTENT="hominem"/>
                  <SP HEIGHT="41" WIDTH="15" VPOS="889" HPOS="952"/>
                  <String HEIGHT="41"
                          WIDTH="149"
                          VPOS="889"
                          HPOS="907"
                          CONTENT="iustum"/>
                  <SP HEIGHT="41" WIDTH="15" VPOS="889" HPOS="1056"/>
                  <String HEIGHT="41"
                          WIDTH="149"
                          VPOS="889"
                          HPOS="1011"
                          CONTENT="facere"/>
                  <SP HEIGHT="41" WIDTH="15" VPOS="889" HPOS="1160"/>
                  <String HEIGHT="41"
                          WIDTH="208"
                          VPOS="889"
                          HPOS="1115"
                          CONTENT="veritatem,"/>
                  <SP HEIGHT="41" WIDTH="15" VPOS="889" HPOS="1323"/>
                  <String HEIGHT="41"
                          WIDTH="89"
                          VPOS="889"
                          HPOS="1264"
                          CONTENT="quia"/>
               </TextLine>
               <TextLine ID="r1l52"
                         BASELINE="961"
                         HEIGHT="37"
                         WIDTH="552"
                         VPOS="924"
                         HPOS="806">
                  <String HEIGHT="37"
                          WIDTH="108"
                          VPOS="924"
                          HPOS="793"
                          CONTENT="cius"/>
                  <SP HEIGHT="37" WIDTH="13" VPOS="924" HPOS="900"/>
                  <String HEIGHT="37"
                          WIDTH="121"
                          VPOS="924"
                          HPOS="860"
                          CONTENT="actus"/>
                  <SP HEIGHT="37" WIDTH="13" VPOS="924" HPOS="981"/>
                  <String HEIGHT="37"
                          WIDTH="202"
                          VPOS="924"
                          HPOS="941"
                          CONTENT="assequuntur"/>
                  <SP HEIGHT="37" WIDTH="13" VPOS="924" HPOS="1143"/>
                  <String HEIGHT="37"
                          WIDTH="215"
                          VPOS="924"
                          HPOS="1102"
                          CONTENT="rectitudinem"/>
                  <SP HEIGHT="37" WIDTH="13" VPOS="924" HPOS="1318"/>
                  <String HEIGHT="37"
                          WIDTH="108"
                          VPOS="924"
                          HPOS="1277"
                          CONTENT="quam"/>
                  <SP HEIGHT="37" WIDTH="13" VPOS="924" HPOS="1385"/>
                  <String HEIGHT="37" WIDTH="27" VPOS="924" HPOS="1331" CONTENT=""/>
               </TextLine>
               <TextLine ID="r1l53"
                         BASELINE="1006"
                         HEIGHT="50"
                         WIDTH="551"
                         VPOS="956"
                         HPOS="805">
                  <String HEIGHT="50"
                          WIDTH="145"
                          VPOS="956"
                          HPOS="791"
                          CONTENT="debent"/>
                  <SP HEIGHT="50" WIDTH="15" VPOS="956" HPOS="936"/>
                  <String HEIGHT="50"
                          WIDTH="160"
                          VPOS="956"
                          HPOS="892"
                          CONTENT="habere."/>
                  <SP HEIGHT="50" WIDTH="15" VPOS="956" HPOS="1052"/>
                  <String HEIGHT="50" WIDTH="87" VPOS="956" HPOS="1008" CONTENT="Ex"/>
                  <SP HEIGHT="50" WIDTH="15" VPOS="956" HPOS="1095"/>
                  <String HEIGHT="50"
                          WIDTH="145"
                          VPOS="956"
                          HPOS="1052"
                          CONTENT="quibus"/>
                  <SP HEIGHT="50" WIDTH="15" VPOS="956" HPOS="1197"/>
                  <String HEIGHT="50"
                          WIDTH="116"
                          VPOS="956"
                          HPOS="1153"
                          CONTENT="hanc"/>
                  <SP HEIGHT="50" WIDTH="15" VPOS="956" HPOS="1269"/>
                  <String HEIGHT="50"
                          WIDTH="145"
                          VPOS="956"
                          HPOS="1211"
                          CONTENT="possumus"/>
               </TextLine>
               <TextLine ID="r1l56"
                         BASELINE="1041"
                         HEIGHT="42"
                         WIDTH="551"
                         VPOS="999"
                         HPOS="809">
                  <String HEIGHT="42"
                          WIDTH="148"
                          VPOS="999"
                          HPOS="796"
                          CONTENT="formare"/>
                  <SP HEIGHT="42" WIDTH="13" VPOS="999" HPOS="943"/>
                  <String HEIGHT="42"
                          WIDTH="161"
                          VPOS="999"
                          HPOS="903"
                          CONTENT="rationem"/>
                  <SP HEIGHT="42" WIDTH="13" VPOS="999" HPOS="1064"/>
                  <String HEIGHT="42" WIDTH="81" VPOS="999" HPOS="1024" CONTENT="ad"/>
                  <SP HEIGHT="42" WIDTH="13" VPOS="999" HPOS="1105"/>
                  <String HEIGHT="42"
                          WIDTH="202"
                          VPOS="999"
                          HPOS="1064"
                          CONTENT="propositum."/>
                  <SP HEIGHT="42" WIDTH="13" VPOS="999" HPOS="1266"/>
                  <String HEIGHT="42"
                          WIDTH="148"
                          VPOS="999"
                          HPOS="1212"
                          CONTENT="Vbicunque"/>
               </TextLine>
               <TextLine ID="r1l58"
                         BASELINE="1069"
                         HEIGHT="45"
                         WIDTH="543"
                         VPOS="1024"
                         HPOS="808">
                  <String HEIGHT="45" WIDTH="84" VPOS="1024" HPOS="796" CONTENT="est"/>
                  <SP HEIGHT="45" WIDTH="12" VPOS="1024" HPOS="880"/>
                  <String HEIGHT="45"
                          WIDTH="169"
                          VPOS="1024"
                          HPOS="844"
                          CONTENT="formaliter"/>
                  <SP HEIGHT="45" WIDTH="12" VPOS="1024" HPOS="1013"/>
                  <String HEIGHT="45"
                          WIDTH="121"
                          VPOS="1024"
                          HPOS="977"
                          CONTENT="aliqua"/>
                  <SP HEIGHT="45" WIDTH="12" VPOS="1024" HPOS="1098"/>
                  <String HEIGHT="45"
                          WIDTH="157"
                          VPOS="1024"
                          HPOS="1061"
                          CONTENT="rectitudo"/>
                  <SP HEIGHT="45" WIDTH="12" VPOS="1024" HPOS="1218"/>
                  <String HEIGHT="45"
                          WIDTH="97"
                          VPOS="1024"
                          HPOS="1182"
                          CONTENT="sola"/>
                  <SP HEIGHT="45" WIDTH="12" VPOS="1024" HPOS="1279"/>
                  <String HEIGHT="45"
                          WIDTH="109"
                          VPOS="1024"
                          HPOS="1242"
                          CONTENT="mente"/>
                  <SP HEIGHT="45" WIDTH="12" VPOS="1024" HPOS="1351"/>
                  <String HEIGHT="45" WIDTH="48" VPOS="1024" HPOS="1303" CONTENT="po"/>
               </TextLine>
               <TextLine ID="r1l60"
                         BASELINE="1098"
                         HEIGHT="39"
                         WIDTH="546"
                         VPOS="1059"
                         HPOS="805">
                  <String HEIGHT="39"
                          WIDTH="174"
                          VPOS="1059"
                          HPOS="793"
                          CONTENT="ceptibilis,"/>
                  <SP HEIGHT="39" WIDTH="12" VPOS="1059" HPOS="968"/>
                  <String HEIGHT="39" WIDTH="81" VPOS="1059" HPOS="933" CONTENT="ibi"/>
                  <SP HEIGHT="39" WIDTH="12" VPOS="1059" HPOS="1014"/>
                  <String HEIGHT="39" WIDTH="81" VPOS="1059" HPOS="979" CONTENT="est"/>
                  <SP HEIGHT="39" WIDTH="12" VPOS="1059" HPOS="1061"/>
                  <String HEIGHT="39"
                          WIDTH="163"
                          VPOS="1059"
                          HPOS="1026"
                          CONTENT="formaliter"/>
                  <SP HEIGHT="39" WIDTH="12" VPOS="1059" HPOS="1188"/>
                  <String HEIGHT="39"
                          WIDTH="116"
                          VPOS="1059"
                          HPOS="1154"
                          CONTENT="aliqua"/>
                  <SP HEIGHT="39" WIDTH="12" VPOS="1059" HPOS="1270"/>
                  <String HEIGHT="39"
                          WIDTH="139"
                          VPOS="1059"
                          HPOS="1235"
                          CONTENT="veritas,"/>
                  <SP HEIGHT="39" WIDTH="12" VPOS="1059" HPOS="1374"/>
                  <String HEIGHT="39" WIDTH="23" VPOS="1059" HPOS="1328" CONTENT=""/>
               </TextLine>
               <TextLine ID="r1l62"
                         BASELINE="1134"
                         HEIGHT="37"
                         WIDTH="557"
                         VPOS="1097"
                         HPOS="805">
                  <String HEIGHT="37" WIDTH="95" VPOS="1097" HPOS="791" CONTENT="sed"/>
                  <SP HEIGHT="37" WIDTH="14" VPOS="1097" HPOS="887"/>
                  <String HEIGHT="37" WIDTH="82" VPOS="1097" HPOS="846" CONTENT="in"/>
                  <SP HEIGHT="37" WIDTH="14" VPOS="1097" HPOS="927"/>
                  <String HEIGHT="37"
                          WIDTH="122"
                          VPOS="1097"
                          HPOS="887"
                          CONTENT="rebus"/>
                  <SP HEIGHT="37" WIDTH="14" VPOS="1097" HPOS="1009"/>
                  <String HEIGHT="37"
                          WIDTH="163"
                          VPOS="1097"
                          HPOS="968"
                          CONTENT="secundum"/>
                  <SP HEIGHT="37" WIDTH="14" VPOS="1097" HPOS="1131"/>
                  <String HEIGHT="37"
                          WIDTH="109"
                          VPOS="1097"
                          HPOS="1090"
                          CONTENT="esse"/>
                  <SP HEIGHT="37" WIDTH="14" VPOS="1097" HPOS="1199"/>
                  <String HEIGHT="37"
                          WIDTH="109"
                          VPOS="1097"
                          HPOS="1158"
                          CONTENT="quod"/>
                  <SP HEIGHT="37" WIDTH="14" VPOS="1097" HPOS="1267"/>
                  <String HEIGHT="37"
                          WIDTH="136"
                          VPOS="1097"
                          HPOS="1226"
                          CONTENT="habent"/>
                  <SP HEIGHT="37" WIDTH="14" VPOS="1097" HPOS="1362"/>
                  <String HEIGHT="37" WIDTH="54" VPOS="1097" HPOS="1308" CONTENT="ex"/>
               </TextLine>
               <TextLine ID="r1l64"
                         BASELINE="1170"
                         HEIGHT="43"
                         WIDTH="546"
                         VPOS="1127"
                         HPOS="809">
                  <String HEIGHT="43" WIDTH="85" VPOS="1127" HPOS="797" CONTENT="tra"/>
                  <SP HEIGHT="43" WIDTH="12" VPOS="1127" HPOS="882"/>
                  <String HEIGHT="43"
                          WIDTH="121"
                          VPOS="1127"
                          HPOS="845"
                          CONTENT="animam"/>
                  <SP HEIGHT="43" WIDTH="12" VPOS="1127" HPOS="967"/>
                  <String HEIGHT="43" WIDTH="85" VPOS="1127" HPOS="930" CONTENT="est"/>
                  <SP HEIGHT="43" WIDTH="12" VPOS="1127" HPOS="1015"/>
                  <String HEIGHT="43"
                          WIDTH="170"
                          VPOS="1127"
                          HPOS="979"
                          CONTENT="formaliter"/>
                  <SP HEIGHT="43" WIDTH="12" VPOS="1127" HPOS="1149"/>
                  <String HEIGHT="43"
                          WIDTH="121"
                          VPOS="1127"
                          HPOS="1112"
                          CONTENT="aliqua"/>
                  <SP HEIGHT="43" WIDTH="12" VPOS="1127" HPOS="1234"/>
                  <String HEIGHT="43"
                          WIDTH="146"
                          VPOS="1127"
                          HPOS="1197"
                          CONTENT="veritas,"/>
                  <SP HEIGHT="43" WIDTH="12" VPOS="1127" HPOS="1343"/>
                  <String HEIGHT="43"
                          WIDTH="61"
                          VPOS="1127"
                          HPOS="1294"
                          CONTENT="er"
                          SUBS_TYPE="HypPart1"
                          SUBS_CONTENT="ergo"/>
                  <HYP CONTENT="-"/>
               </TextLine>
               <TextLine ID="r1l67"
                         BASELINE="1208"
                         HEIGHT="38"
                         WIDTH="548"
                         VPOS="1170"
                         HPOS="809">
                  <String HEIGHT="38"
                          WIDTH="80"
                          VPOS="1170"
                          HPOS="796"
                          CONTENT="go"
                          SUBS_TYPE="HypPart2"
                          SUBS_CONTENT="ergo"/>
                  <SP HEIGHT="38" WIDTH="13" VPOS="1170" HPOS="876"/>
                  <String HEIGHT="38" WIDTH="94" VPOS="1170" HPOS="836" CONTENT="&amp;c."/>
                  <SP HEIGHT="38" WIDTH="13" VPOS="1170" HPOS="929"/>
                  <String HEIGHT="38"
                          WIDTH="120"
                          VPOS="1170"
                          HPOS="889"
                          CONTENT="Maior"/>
                  <SP HEIGHT="38" WIDTH="13" VPOS="1170" HPOS="1009"/>
                  <String HEIGHT="38"
                          WIDTH="120"
                          VPOS="1170"
                          HPOS="969"
                          CONTENT="patet"/>
                  <SP HEIGHT="38" WIDTH="13" VPOS="1170" HPOS="1090"/>
                  <String HEIGHT="38" WIDTH="80" VPOS="1170" HPOS="1050" CONTENT="ex"/>
                  <SP HEIGHT="38" WIDTH="13" VPOS="1170" HPOS="1130"/>
                  <String HEIGHT="38"
                          WIDTH="200"
                          VPOS="1170"
                          HPOS="1090"
                          CONTENT="definitione"/>
                  <SP HEIGHT="38" WIDTH="13" VPOS="1170" HPOS="1290"/>
                  <String HEIGHT="38"
                          WIDTH="120"
                          VPOS="1170"
                          HPOS="1237"
                          CONTENT="Anselmi"/>
               </TextLine>
               <TextLine ID="r1l71"
                         BASELINE="1245"
                         HEIGHT="54"
                         WIDTH="550"
                         VPOS="1191"
                         HPOS="808">
                  <String HEIGHT="54"
                          WIDTH="151"
                          VPOS="1191"
                          HPOS="794"
                          CONTENT="Minorem"/>
                  <SP HEIGHT="54" WIDTH="14" VPOS="1191" HPOS="946"/>
                  <String HEIGHT="54"
                          WIDTH="138"
                          VPOS="1191"
                          HPOS="904"
                          CONTENT="probo,"/>
                  <SP HEIGHT="54" WIDTH="14" VPOS="1191" HPOS="1042"/>
                  <String HEIGHT="54"
                          WIDTH="110"
                          VPOS="1191"
                          HPOS="1001"
                          CONTENT="quia"/>
                  <SP HEIGHT="54" WIDTH="14" VPOS="1191" HPOS="1111"/>
                  <String HEIGHT="54"
                          WIDTH="206"
                          VPOS="1191"
                          HPOS="1069"
                          CONTENT="conformitas"/>
                  <SP HEIGHT="54" WIDTH="14" VPOS="1191" HPOS="1276"/>
                  <String HEIGHT="54"
                          WIDTH="138"
                          VPOS="1191"
                          HPOS="1221"
                          CONTENT="cuiuscun"/>
               </TextLine>
               <TextLine ID="r1l74"
                         BASELINE="1272"
                         HEIGHT="44"
                         WIDTH="553"
                         VPOS="1228"
                         HPOS="808">
                  <String HEIGHT="44" WIDTH="94" VPOS="1228" HPOS="795" CONTENT="que"/>
                  <SP HEIGHT="44" WIDTH="13" VPOS="1228" HPOS="889"/>
                  <String HEIGHT="44" WIDTH="94" VPOS="1228" HPOS="848" CONTENT="rei"/>
                  <SP HEIGHT="44" WIDTH="13" VPOS="1228" HPOS="943"/>
                  <String HEIGHT="44" WIDTH="81" VPOS="1228" HPOS="902" CONTENT="ad"/>
                  <SP HEIGHT="44" WIDTH="13" VPOS="1228" HPOS="983"/>
                  <String HEIGHT="44"
                          WIDTH="108"
                          VPOS="1228"
                          HPOS="943"
                          CONTENT="suam"/>
                  <SP HEIGHT="44" WIDTH="13" VPOS="1228" HPOS="1051"/>
                  <String HEIGHT="44"
                          WIDTH="162"
                          VPOS="1228"
                          HPOS="1010"
                          CONTENT="mensuram"/>
                  <SP HEIGHT="44" WIDTH="13" VPOS="1228" HPOS="1172"/>
                  <String HEIGHT="44"
                          WIDTH="94"
                          VPOS="1228"
                          HPOS="1132"
                          CONTENT="est"/>
                  <SP HEIGHT="44" WIDTH="13" VPOS="1228" HPOS="1226"/>
                  <String HEIGHT="44"
                          WIDTH="94"
                          VPOS="1228"
                          HPOS="1186"
                          CONTENT="sua"/>
                  <SP HEIGHT="44" WIDTH="13" VPOS="1228" HPOS="1280"/>
                  <String HEIGHT="44"
                          WIDTH="135"
                          VPOS="1228"
                          HPOS="1226"
                          CONTENT="rectitu"
                          SUBS_TYPE="HypPart1"
                          SUBS_CONTENT="rectitudo,"/>
                  <HYP CONTENT="-"/>
               </TextLine>
               <TextLine ID="r1l77"
                         BASELINE="1303"
                         HEIGHT="37"
                         WIDTH="547"
                         VPOS="1266"
                         HPOS="808">
                  <String HEIGHT="37"
                          WIDTH="87"
                          VPOS="1266"
                          HPOS="796"
                          CONTENT="do,"
                          SUBS_TYPE="HypPart2"
                          SUBS_CONTENT="rectitudo,"/>
                  <SP HEIGHT="37" WIDTH="12" VPOS="1266" HPOS="883"/>
                  <String HEIGHT="37"
                          WIDTH="99"
                          VPOS="1266"
                          HPOS="845"
                          CONTENT="quae"/>
                  <SP HEIGHT="37" WIDTH="12" VPOS="1266" HPOS="945"/>
                  <String HEIGHT="37"
                          WIDTH="124"
                          VPOS="1266"
                          HPOS="907"
                          CONTENT="quidem"/>
                  <SP HEIGHT="37" WIDTH="12" VPOS="1266" HPOS="1032"/>
                  <String HEIGHT="37"
                          WIDTH="162"
                          VPOS="1266"
                          HPOS="994"
                          CONTENT="rectitudo"/>
                  <SP HEIGHT="37" WIDTH="12" VPOS="1266" HPOS="1156"/>
                  <String HEIGHT="37"
                          WIDTH="87"
                          VPOS="1266"
                          HPOS="1119"
                          CONTENT="est"/>
                  <SP HEIGHT="37" WIDTH="12" VPOS="1266" HPOS="1206"/>
                  <String HEIGHT="37"
                          WIDTH="99"
                          VPOS="1266"
                          HPOS="1169"
                          CONTENT="sola"/>
                  <SP HEIGHT="37" WIDTH="12" VPOS="1266" HPOS="1268"/>
                  <String HEIGHT="37"
                          WIDTH="112"
                          VPOS="1266"
                          HPOS="1231"
                          CONTENT="mente"/>
                  <SP HEIGHT="37" WIDTH="12" VPOS="1266" HPOS="1343"/>
                  <String HEIGHT="37"
                          WIDTH="62"
                          VPOS="1266"
                          HPOS="1293"
                          CONTENT="pro"/>
               </TextLine>
               <TextLine ID="r1l79"
                         BASELINE="1343"
                         HEIGHT="48"
                         WIDTH="546"
                         VPOS="1295"
                         HPOS="811">
                  <String HEIGHT="48"
                          WIDTH="182"
                          VPOS="1295"
                          HPOS="799"
                          CONTENT="ceptibilis,"/>
                  <SP HEIGHT="48" WIDTH="12" VPOS="1295" HPOS="981"/>
                  <String HEIGHT="48"
                          WIDTH="97"
                          VPOS="1295"
                          HPOS="944"
                          CONTENT="quia"/>
                  <SP HEIGHT="48" WIDTH="12" VPOS="1295" HPOS="1042"/>
                  <String HEIGHT="48"
                          WIDTH="121"
                          VPOS="1295"
                          HPOS="1005"
                          CONTENT="sensus"/>
                  <SP HEIGHT="48" WIDTH="12" VPOS="1295" HPOS="1126"/>
                  <String HEIGHT="48"
                          WIDTH="85"
                          VPOS="1295"
                          HPOS="1090"
                          CONTENT="non"/>
                  <SP HEIGHT="48" WIDTH="12" VPOS="1295" HPOS="1175"/>
                  <String HEIGHT="48"
                          WIDTH="121"
                          VPOS="1295"
                          HPOS="1139"
                          CONTENT="potest"/>
                  <SP HEIGHT="48" WIDTH="12" VPOS="1295" HPOS="1260"/>
                  <String HEIGHT="48"
                          WIDTH="146"
                          VPOS="1295"
                          HPOS="1211"
                          CONTENT="cognoscere"/>
               </TextLine>
               <TextLine ID="r1l82"
                         BASELINE="1368"
                         HEIGHT="31"
                         WIDTH="540"
                         VPOS="1337"
                         HPOS="812">
                  <String HEIGHT="31"
                          WIDTH="158"
                          VPOS="1337"
                          HPOS="799"
                          CONTENT="rationem"/>
                  <SP HEIGHT="31" WIDTH="13" VPOS="1337" HPOS="957"/>
                  <String HEIGHT="31"
                          WIDTH="184"
                          VPOS="1337"
                          HPOS="917"
                          CONTENT="mensurati,"/>
                  <SP HEIGHT="31" WIDTH="13" VPOS="1337" HPOS="1102"/>
                  <String HEIGHT="31" WIDTH="66" VPOS="1337" HPOS="1062" CONTENT="&amp;"/>
                  <SP HEIGHT="31" WIDTH="13" VPOS="1337" HPOS="1128"/>
                  <String HEIGHT="31"
                          WIDTH="171"
                          VPOS="1337"
                          HPOS="1089"
                          CONTENT="mensurae,"/>
                  <SP HEIGHT="31" WIDTH="13" VPOS="1337" HPOS="1260"/>
                  <String HEIGHT="31" WIDTH="66" VPOS="1337" HPOS="1220" CONTENT="&amp;"/>
                  <SP HEIGHT="31" WIDTH="13" VPOS="1337" HPOS="1286"/>
                  <String HEIGHT="31"
                          WIDTH="92"
                          VPOS="1337"
                          HPOS="1247"
                          CONTENT="per"/>
                  <SP HEIGHT="31" WIDTH="13" VPOS="1337" HPOS="1339"/>
                  <String HEIGHT="31"
                          WIDTH="66"
                          VPOS="1337"
                          HPOS="1286"
                          CONTENT="con"/>
               </TextLine>
               <TextLine ID="r1l84"
                         BASELINE="1416"
                         HEIGHT="52"
                         WIDTH="549"
                         VPOS="1364"
                         HPOS="814">
                  <String HEIGHT="52"
                          WIDTH="147"
                          VPOS="1364"
                          HPOS="801"
                          CONTENT="sequens"/>
                  <SP HEIGHT="52" WIDTH="13" VPOS="1364" HPOS="948"/>
                  <String HEIGHT="52" WIDTH="94" VPOS="1364" HPOS="908" CONTENT="nec"/>
                  <SP HEIGHT="52" WIDTH="13" VPOS="1364" HPOS="1001"/>
                  <String HEIGHT="52"
                          WIDTH="121"
                          VPOS="1364"
                          HPOS="961"
                          CONTENT="illam"/>
                  <SP HEIGHT="52" WIDTH="13" VPOS="1364" HPOS="1082"/>
                  <String HEIGHT="52"
                          WIDTH="174"
                          VPOS="1364"
                          HPOS="1042"
                          CONTENT="conformi:"/>
                  <SP HEIGHT="52" WIDTH="13" VPOS="1364" HPOS="1216"/>
                  <String HEIGHT="52"
                          WIDTH="121"
                          VPOS="1364"
                          HPOS="1176"
                          CONTENT="atem,"/>
                  <SP HEIGHT="52" WIDTH="13" VPOS="1364" HPOS="1296"/>
                  <String HEIGHT="52"
                          WIDTH="107"
                          VPOS="1364"
                          HPOS="1256"
                          CONTENT="quam"/>
                  <SP HEIGHT="52" WIDTH="13" VPOS="1364" HPOS="1363"/>
                  <String HEIGHT="52" WIDTH="54" VPOS="1364" HPOS="1309" CONTENT="ha"/>
               </TextLine>
               <TextLine ID="r1l87"
                         BASELINE="1437"
                         HEIGHT="38"
                         WIDTH="552"
                         VPOS="1399"
                         HPOS="807">
                  <String HEIGHT="38" WIDTH="97" VPOS="1399" HPOS="793" CONTENT="bet"/>
                  <SP HEIGHT="38" WIDTH="14" VPOS="1399" HPOS="890"/>
                  <String HEIGHT="38"
                          WIDTH="193"
                          VPOS="1399"
                          HPOS="848"
                          CONTENT="mensuratum"/>
                  <SP HEIGHT="38" WIDTH="14" VPOS="1399" HPOS="1042"/>
                  <String HEIGHT="38" WIDTH="83" VPOS="1399" HPOS="1000" CONTENT="ad"/>
                  <SP HEIGHT="38" WIDTH="14" VPOS="1399" HPOS="1083"/>
                  <String HEIGHT="38"
                          WIDTH="179"
                          VPOS="1399"
                          HPOS="1042"
                          CONTENT="mensuram:"/>
                  <SP HEIGHT="38" WIDTH="14" VPOS="1399" HPOS="1221"/>
                  <String HEIGHT="38" WIDTH="69" VPOS="1399" HPOS="1180" CONTENT="&amp;"/>
                  <SP HEIGHT="38" WIDTH="14" VPOS="1399" HPOS="1249"/>
                  <String HEIGHT="38"
                          WIDTH="110"
                          VPOS="1399"
                          HPOS="1207"
                          CONTENT="ideo"/>
                  <SP HEIGHT="38" WIDTH="14" VPOS="1399" HPOS="1318"/>
                  <String HEIGHT="38"
                          WIDTH="110"
                          VPOS="1399"
                          HPOS="1276"
                          CONTENT="sola"/>
                  <SP HEIGHT="38" WIDTH="14" VPOS="1399" HPOS="1387"/>
                  <String HEIGHT="38" WIDTH="28" VPOS="1399" HPOS="1331" CONTENT=""/>
               </TextLine>
               <TextLine ID="r1l90"
                         BASELINE="1483"
                         HEIGHT="50"
                         WIDTH="548"
                         VPOS="1433"
                         HPOS="807">
                  <String HEIGHT="50"
                          WIDTH="110"
                          VPOS="1433"
                          HPOS="795"
                          CONTENT="mens,"/>
                  <SP HEIGHT="50" WIDTH="12" VPOS="1433" HPOS="904"/>
                  <String HEIGHT="50" WIDTH="61" VPOS="1433" HPOS="868" CONTENT="&amp;"/>
                  <SP HEIGHT="50" WIDTH="12" VPOS="1433" HPOS="929"/>
                  <String HEIGHT="50"
                          WIDTH="110"
                          VPOS="1433"
                          HPOS="892"
                          CONTENT="ratio"/>
                  <SP HEIGHT="50" WIDTH="12" VPOS="1433" HPOS="1002"/>
                  <String HEIGHT="50" WIDTH="85" VPOS="1433" HPOS="965" CONTENT="est"/>
                  <SP HEIGHT="50" WIDTH="12" VPOS="1433" HPOS="1051"/>
                  <String HEIGHT="50"
                          WIDTH="110"
                          VPOS="1433"
                          HPOS="1014"
                          CONTENT="illa,"/>
                  <SP HEIGHT="50" WIDTH="12" VPOS="1433" HPOS="1124"/>
                  <String HEIGHT="50"
                          WIDTH="97"
                          VPOS="1433"
                          HPOS="1087"
                          CONTENT="quae"/>
                  <SP HEIGHT="50" WIDTH="12" VPOS="1433" HPOS="1185"/>
                  <String HEIGHT="50"
                          WIDTH="122"
                          VPOS="1433"
                          HPOS="1148"
                          CONTENT="potest"/>
                  <SP HEIGHT="50" WIDTH="12" VPOS="1433" HPOS="1270"/>
                  <String HEIGHT="50"
                          WIDTH="134"
                          VPOS="1433"
                          HPOS="1221"
                          CONTENT="cognosce"
                          SUBS_TYPE="HypPart1"
                          SUBS_CONTENT="cognoscere"/>
                  <HYP CONTENT="-"/>
               </TextLine>
               <TextLine ID="r1l93"
                         BASELINE="1510"
                         HEIGHT="46"
                         WIDTH="549"
                         VPOS="1464"
                         HPOS="808">
                  <String HEIGHT="46"
                          WIDTH="82"
                          VPOS="1464"
                          HPOS="794"
                          CONTENT="re"
                          SUBS_TYPE="HypPart2"
                          SUBS_CONTENT="cognoscere"/>
                  <SP HEIGHT="46" WIDTH="14" VPOS="1464" HPOS="877"/>
                  <String HEIGHT="46"
                          WIDTH="165"
                          VPOS="1464"
                          HPOS="835"
                          CONTENT="vtrunque"/>
                  <SP HEIGHT="46" WIDTH="14" VPOS="1464" HPOS="1000"/>
                  <String HEIGHT="46"
                          WIDTH="110"
                          VPOS="1464"
                          HPOS="959"
                          CONTENT="Haec"/>
                  <SP HEIGHT="46" WIDTH="14" VPOS="1464" HPOS="1069"/>
                  <String HEIGHT="46"
                          WIDTH="124"
                          VPOS="1464"
                          HPOS="1028"
                          CONTENT="autem"/>
                  <SP HEIGHT="46" WIDTH="14" VPOS="1464" HPOS="1151"/>
                  <String HEIGHT="46"
                          WIDTH="220"
                          VPOS="1464"
                          HPOS="1110"
                          CONTENT="conformitas,"/>
                  <SP HEIGHT="46" WIDTH="14" VPOS="1464" HPOS="1330"/>
                  <String HEIGHT="46" WIDTH="69" VPOS="1464" HPOS="1288" CONTENT="&amp;"/>
                  <SP HEIGHT="46" WIDTH="14" VPOS="1464" HPOS="1357"/>
                  <String HEIGHT="46" WIDTH="55" VPOS="1464" HPOS="1302" CONTENT="re"/>
               </TextLine>
               <TextLine ID="r1l97"
                         BASELINE="1553"
                         HEIGHT="54"
                         WIDTH="548"
                         VPOS="1499"
                         HPOS="811">
                  <String HEIGHT="54"
                          WIDTH="128"
                          VPOS="1499"
                          HPOS="799"
                          CONTENT="ctitudo"/>
                  <SP HEIGHT="54" WIDTH="12" VPOS="1499" HPOS="928"/>
                  <String HEIGHT="54" WIDTH="82" VPOS="1499" HPOS="893" CONTENT="est"/>
                  <SP HEIGHT="54" WIDTH="12" VPOS="1499" HPOS="974"/>
                  <String HEIGHT="54"
                          WIDTH="163"
                          VPOS="1499"
                          HPOS="939"
                          CONTENT="formaliter"/>
                  <SP HEIGHT="54" WIDTH="12" VPOS="1499" HPOS="1102"/>
                  <String HEIGHT="54" WIDTH="70" VPOS="1499" HPOS="1068" CONTENT="in"/>
                  <SP HEIGHT="54" WIDTH="12" VPOS="1499" HPOS="1137"/>
                  <String HEIGHT="54"
                          WIDTH="105"
                          VPOS="1499"
                          HPOS="1102"
                          CONTENT="ipsis"/>
                  <SP HEIGHT="54" WIDTH="12" VPOS="1499" HPOS="1207"/>
                  <String HEIGHT="54"
                          WIDTH="117"
                          VPOS="1499"
                          HPOS="1172"
                          CONTENT="rebus,"/>
                  <SP HEIGHT="54" WIDTH="12" VPOS="1499" HPOS="1289"/>
                  <String HEIGHT="54" WIDTH="70" VPOS="1499" HPOS="1254" CONTENT="vt"/>
                  <SP HEIGHT="54" WIDTH="12" VPOS="1499" HPOS="1324"/>
                  <String HEIGHT="54" WIDTH="70" VPOS="1499" HPOS="1289" CONTENT="de"/>
                  <SP HEIGHT="54" WIDTH="12" VPOS="1499" HPOS="1359"/>
                  <String HEIGHT="54" WIDTH="47" VPOS="1499" HPOS="1312" CONTENT="se"/>
               </TextLine>
               <TextLine ID="r1l99"
                         BASELINE="1582"
                         HEIGHT="49"
                         WIDTH="265"
                         VPOS="1533"
                         HPOS="811">
                  <String HEIGHT="49"
                          WIDTH="120"
                          VPOS="1533"
                          HPOS="799"
                          CONTENT="patet,"/>
                  <SP HEIGHT="49" WIDTH="12" VPOS="1533" HPOS="919"/>
                  <String HEIGHT="49" WIDTH="60" VPOS="1533" HPOS="883" CONTENT="e"/>
                  <SP HEIGHT="49" WIDTH="12" VPOS="1533" HPOS="944"/>
                  <String HEIGHT="49" WIDTH="72" VPOS="1533" HPOS="907" CONTENT="go"/>
                  <SP HEIGHT="49" WIDTH="12" VPOS="1533" HPOS="980"/>
                  <String HEIGHT="49" WIDTH="60" VPOS="1533" HPOS="944" CONTENT="&amp;"/>
                  <SP HEIGHT="49" WIDTH="12" VPOS="1533" HPOS="1004"/>
                  <String HEIGHT="49"
                          WIDTH="120"
                          VPOS="1533"
                          HPOS="956"
                          CONTENT="veritas."/>
               </TextLine>
               <TextLine ID="r1l101"
                         BASELINE="1604"
                         HEIGHT="38"
                         WIDTH="506"
                         VPOS="1566"
                         HPOS="851">
                  <String HEIGHT="38"
                          WIDTH="114"
                          VPOS="1566"
                          HPOS="838"
                          CONTENT="Oecu:"/>
                  <SP HEIGHT="38" WIDTH="13" VPOS="1566" HPOS="952"/>
                  <String HEIGHT="38" WIDTH="89" VPOS="1566" HPOS="914" CONTENT="rit"/>
                  <SP HEIGHT="38" WIDTH="13" VPOS="1566" HPOS="1003"/>
                  <String HEIGHT="38"
                          WIDTH="114"
                          VPOS="1566"
                          HPOS="965"
                          CONTENT="tamen"/>
                  <SP HEIGHT="38" WIDTH="13" VPOS="1566" HPOS="1079"/>
                  <String HEIGHT="38"
                          WIDTH="127"
                          VPOS="1566"
                          HPOS="1041"
                          CONTENT="contra"/>
                  <SP HEIGHT="38" WIDTH="13" VPOS="1566" HPOS="1167"/>
                  <String HEIGHT="38"
                          WIDTH="164"
                          VPOS="1566"
                          HPOS="1129"
                          CONTENT="praedicta"/>
                  <SP HEIGHT="38" WIDTH="13" VPOS="1566" HPOS="1294"/>
                  <String HEIGHT="38"
                          WIDTH="89"
                          VPOS="1566"
                          HPOS="1256"
                          CONTENT="vna"/>
                  <SP HEIGHT="38" WIDTH="13" VPOS="1566" HPOS="1344"/>
                  <String HEIGHT="38"
                          WIDTH="63"
                          VPOS="1566"
                          HPOS="1294"
                          CONTENT="du"
                          SUBS_TYPE="HypPart1"
                          SUBS_CONTENT="dubitatio"/>
                  <HYP CONTENT="-"/>
               </TextLine>
               <TextLine ID="r1l103"
                         BASELINE="1651"
                         HEIGHT="49"
                         WIDTH="537"
                         VPOS="1602"
                         HPOS="813">
                  <String HEIGHT="49"
                          WIDTH="141"
                          VPOS="1602"
                          HPOS="800"
                          CONTENT="bitatio"
                          SUBS_TYPE="HypPart2"
                          SUBS_CONTENT="dubitatio"/>
                  <SP HEIGHT="49" WIDTH="13" VPOS="1602" HPOS="941"/>
                  <String HEIGHT="49" WIDTH="90" VPOS="1602" HPOS="903" CONTENT="Nam"/>
                  <SP HEIGHT="49" WIDTH="13" VPOS="1602" HPOS="992"/>
                  <String HEIGHT="49"
                          WIDTH="128"
                          VPOS="1602"
                          HPOS="954"
                          CONTENT="posset"/>
                  <SP HEIGHT="49" WIDTH="13" VPOS="1602" HPOS="1082"/>
                  <String HEIGHT="49"
                          WIDTH="141"
                          VPOS="1602"
                          HPOS="1043"
                          CONTENT="aliquis"/>
                  <SP HEIGHT="49" WIDTH="13" VPOS="1602" HPOS="1184"/>
                  <String HEIGHT="49"
                          WIDTH="141"
                          VPOS="1602"
                          HPOS="1145"
                          CONTENT="dicere,"/>
                  <SP HEIGHT="49" WIDTH="13" VPOS="1602" HPOS="1286"/>
                  <String HEIGHT="49"
                          WIDTH="102"
                          VPOS="1602"
                          HPOS="1248"
                          CONTENT="quod"/>
                  <SP HEIGHT="49" WIDTH="13" VPOS="1602" HPOS="1350"/>
                  <String HEIGHT="49" WIDTH="51" VPOS="1602" HPOS="1299" CONTENT="se"/>
               </TextLine>
               <TextLine ID="r1l105"
                         BASELINE="1687"
                         HEIGHT="56"
                         WIDTH="537"
                         VPOS="1631"
                         HPOS="818">
                  <String HEIGHT="56"
                          WIDTH="145"
                          VPOS="1631"
                          HPOS="803"
                          CONTENT="cundum"/>
                  <SP HEIGHT="56" WIDTH="15" VPOS="1631" HPOS="949"/>
                  <String HEIGHT="56"
                          WIDTH="116"
                          VPOS="1631"
                          HPOS="905"
                          CONTENT="hanc"/>
                  <SP HEIGHT="56" WIDTH="15" VPOS="1631" HPOS="1021"/>
                  <String HEIGHT="56"
                          WIDTH="116"
                          VPOS="1631"
                          HPOS="978"
                          CONTENT="viam"/>
                  <SP HEIGHT="56" WIDTH="15" VPOS="1631" HPOS="1094"/>
                  <String HEIGHT="56"
                          WIDTH="102"
                          VPOS="1631"
                          HPOS="1050"
                          CONTENT="non"/>
                  <SP HEIGHT="56" WIDTH="15" VPOS="1631" HPOS="1152"/>
                  <String HEIGHT="56"
                          WIDTH="189"
                          VPOS="1631"
                          HPOS="1108"
                          CONTENT="poterimus"/>
                  <SP HEIGHT="56" WIDTH="15" VPOS="1631" HPOS="1297"/>
                  <String HEIGHT="56"
                          WIDTH="116"
                          VPOS="1631"
                          HPOS="1239"
                          CONTENT="cogno"
                          SUBS_TYPE="HypPart1"
                          SUBS_CONTENT="cognoscere"/>
                  <HYP CONTENT="-"/>
               </TextLine>
               <TextLine ID="r1l107"
                         BASELINE="1712"
                         HEIGHT="42"
                         WIDTH="558"
                         VPOS="1670"
                         HPOS="809">
                  <String HEIGHT="42"
                          WIDTH="117"
                          VPOS="1670"
                          HPOS="796"
                          CONTENT="scere"
                          SUBS_TYPE="HypPart2"
                          SUBS_CONTENT="cognoscere"/>
                  <SP HEIGHT="42" WIDTH="13" VPOS="1670" HPOS="913"/>
                  <String HEIGHT="42"
                          WIDTH="169"
                          VPOS="1670"
                          HPOS="874"
                          CONTENT="veritatem"/>
                  <SP HEIGHT="42" WIDTH="13" VPOS="1670" HPOS="1043"/>
                  <String HEIGHT="42"
                          WIDTH="117"
                          VPOS="1670"
                          HPOS="1004"
                          CONTENT="rerum"/>
                  <SP HEIGHT="42" WIDTH="13" VPOS="1670" HPOS="1120"/>
                  <String HEIGHT="42"
                          WIDTH="195"
                          VPOS="1670"
                          HPOS="1082"
                          CONTENT="naturalium,"/>
                  <SP HEIGHT="42" WIDTH="13" VPOS="1670" HPOS="1276"/>
                  <String HEIGHT="42"
                          WIDTH="104"
                          VPOS="1670"
                          HPOS="1237"
                          CONTENT="nisi"/>
                  <SP HEIGHT="42" WIDTH="13" VPOS="1670" HPOS="1341"/>
                  <String HEIGHT="42"
                          WIDTH="78"
                          VPOS="1670"
                          HPOS="1289"
                          CONTENT="com"
                          SUBS_TYPE="HypPart1"
                          SUBS_CONTENT="comgnoscendo"/>
                  <HYP CONTENT="-"/>
               </TextLine>
               <TextLine ID="r1l109"
                         BASELINE="1745"
                         HEIGHT="42"
                         WIDTH="538"
                         VPOS="1703"
                         HPOS="822">
                  <String HEIGHT="42"
                          WIDTH="175"
                          VPOS="1703"
                          HPOS="809"
                          CONTENT="gnoscendo"
                          SUBS_TYPE="HypPart2"
                          SUBS_CONTENT="comgnoscendo"/>
                  <SP HEIGHT="42" WIDTH="13" VPOS="1703" HPOS="983"/>
                  <String HEIGHT="42"
                          WIDTH="229"
                          VPOS="1703"
                          HPOS="943"
                          CONTENT="conformitatem"/>
                  <SP HEIGHT="42" WIDTH="13" VPOS="1703" HPOS="1172"/>
                  <String HEIGHT="42"
                          WIDTH="121"
                          VPOS="1703"
                          HPOS="1131"
                          CONTENT="earum"/>
                  <SP HEIGHT="42" WIDTH="13" VPOS="1703" HPOS="1252"/>
                  <String HEIGHT="42" WIDTH="81" VPOS="1703" HPOS="1212" CONTENT="ad"/>
                  <SP HEIGHT="42" WIDTH="13" VPOS="1703" HPOS="1293"/>
                  <String HEIGHT="42"
                          WIDTH="121"
                          VPOS="1703"
                          HPOS="1239"
                          CONTENT="diuinam"/>
               </TextLine>
               <TextLine ID="r1l113"
                         BASELINE="1784"
                         HEIGHT="43"
                         WIDTH="556"
                         VPOS="1741"
                         HPOS="809">
                  <String HEIGHT="43"
                          WIDTH="136"
                          VPOS="1741"
                          HPOS="795"
                          CONTENT="artem,"/>
                  <SP HEIGHT="43" WIDTH="14" VPOS="1741" HPOS="931"/>
                  <String HEIGHT="43" WIDTH="81" VPOS="1741" HPOS="890" CONTENT="ac"/>
                  <SP HEIGHT="43" WIDTH="14" VPOS="1741" HPOS="972"/>
                  <String HEIGHT="43" WIDTH="95" VPOS="1741" HPOS="931" CONTENT="per"/>
                  <SP HEIGHT="43" WIDTH="14" VPOS="1741" HPOS="1026"/>
                  <String HEIGHT="43"
                          WIDTH="190"
                          VPOS="1741"
                          HPOS="985"
                          CONTENT="consequens"/>
                  <SP HEIGHT="43" WIDTH="14" VPOS="1741" HPOS="1175"/>
                  <String HEIGHT="43"
                          WIDTH="136"
                          VPOS="1741"
                          HPOS="1134"
                          CONTENT="semper"/>
                  <SP HEIGHT="43" WIDTH="14" VPOS="1741" HPOS="1270"/>
                  <String HEIGHT="43" WIDTH="81" VPOS="1741" HPOS="1229" CONTENT="in"/>
                  <SP HEIGHT="43" WIDTH="14" VPOS="1741" HPOS="1311"/>
                  <String HEIGHT="43"
                          WIDTH="108"
                          VPOS="1741"
                          HPOS="1257"
                          CONTENT="cogni"
                          SUBS_TYPE="HypPart1"
                          SUBS_CONTENT="cognitione"/>
                  <HYP CONTENT="-"/>
               </TextLine>
               <TextLine ID="r1l117"
                         BASELINE="1809"
                         HEIGHT="38"
                         WIDTH="551"
                         VPOS="1771"
                         HPOS="812">
                  <String HEIGHT="38"
                          WIDTH="110"
                          VPOS="1771"
                          HPOS="800"
                          CONTENT="tione"
                          SUBS_TYPE="HypPart2"
                          SUBS_CONTENT="cognitione"/>
                  <SP HEIGHT="38" WIDTH="12" VPOS="1771" HPOS="910"/>
                  <String HEIGHT="38"
                          WIDTH="159"
                          VPOS="1771"
                          HPOS="873"
                          CONTENT="veritatis"/>
                  <SP HEIGHT="38" WIDTH="12" VPOS="1771" HPOS="1032"/>
                  <String HEIGHT="38"
                          WIDTH="184"
                          VPOS="1771"
                          HPOS="996"
                          CONTENT="cuiuscunque"/>
                  <SP HEIGHT="38" WIDTH="12" VPOS="1771" HPOS="1179"/>
                  <String HEIGHT="38"
                          WIDTH="86"
                          VPOS="1771"
                          HPOS="1143"
                          CONTENT="rei"/>
                  <SP HEIGHT="38" WIDTH="12" VPOS="1771" HPOS="1228"/>
                  <String HEIGHT="38"
                          WIDTH="159"
                          VPOS="1771"
                          HPOS="1192"
                          CONTENT="naturalis"/>
                  <SP HEIGHT="38" WIDTH="12" VPOS="1771" HPOS="1351"/>
                  <String HEIGHT="38"
                          WIDTH="61"
                          VPOS="1771"
                          HPOS="1302"
                          CONTENT="com"/>
               </TextLine>
               <TextLine ID="r1l120"
                         BASELINE="1855"
                         HEIGHT="49"
                         WIDTH="556"
                         VPOS="1806"
                         HPOS="812">
                  <String HEIGHT="49"
                          WIDTH="176"
                          VPOS="1806"
                          HPOS="798"
                          CONTENT="gnoscemus"/>
                  <SP HEIGHT="49" WIDTH="14" VPOS="1806" HPOS="975"/>
                  <String HEIGHT="49"
                          WIDTH="149"
                          VPOS="1806"
                          HPOS="934"
                          CONTENT="diuinam"/>
                  <SP HEIGHT="49" WIDTH="14" VPOS="1806" HPOS="1083"/>
                  <String HEIGHT="49"
                          WIDTH="136"
                          VPOS="1806"
                          HPOS="1043"
                          CONTENT="artem,"/>
                  <SP HEIGHT="49" WIDTH="14" VPOS="1806" HPOS="1178"/>
                  <String HEIGHT="49"
                          WIDTH="122"
                          VPOS="1806"
                          HPOS="1137"
                          CONTENT="cuius"/>
                  <SP HEIGHT="49" WIDTH="14" VPOS="1806" HPOS="1260"/>
                  <String HEIGHT="49"
                          WIDTH="163"
                          VPOS="1806"
                          HPOS="1205"
                          CONTENT="contrarium"/>
               </TextLine>
               <TextLine ID="r1l123"
                         BASELINE="1888"
                         HEIGHT="54"
                         WIDTH="226"
                         VPOS="1834"
                         HPOS="819">
                  <String HEIGHT="54"
                          WIDTH="113"
                          VPOS="1834"
                          HPOS="806"
                          CONTENT="docet"/>
                  <SP HEIGHT="54" WIDTH="13" VPOS="1834" HPOS="919"/>
                  <String HEIGHT="54"
                          WIDTH="176"
                          VPOS="1834"
                          HPOS="869"
                          CONTENT="experientia."/>
               </TextLine>
               <TextLine ID="r1l126"
                         BASELINE="1924"
                         HEIGHT="58"
                         WIDTH="508"
                         VPOS="1866"
                         HPOS="855">
                  <String HEIGHT="58" WIDTH="82" VPOS="1866" HPOS="841" CONTENT="Ad"/>
                  <SP HEIGHT="58" WIDTH="14" VPOS="1866" HPOS="924"/>
                  <String HEIGHT="58" WIDTH="96" VPOS="1866" HPOS="882" CONTENT="hoc"/>
                  <SP HEIGHT="58" WIDTH="14" VPOS="1866" HPOS="979"/>
                  <String HEIGHT="58"
                          WIDTH="178"
                          VPOS="1866"
                          HPOS="937"
                          CONTENT="dicendum,"/>
                  <SP HEIGHT="58" WIDTH="14" VPOS="1866" HPOS="1116"/>
                  <String HEIGHT="58"
                          WIDTH="110"
                          VPOS="1866"
                          HPOS="1075"
                          CONTENT="quod"/>
                  <SP HEIGHT="58" WIDTH="14" VPOS="1866" HPOS="1185"/>
                  <String HEIGHT="58"
                          WIDTH="124"
                          VPOS="1866"
                          HPOS="1143"
                          CONTENT="licet"/>
                  <SP HEIGHT="58" WIDTH="14" VPOS="1866" HPOS="1267"/>
                  <String HEIGHT="58"
                          WIDTH="96"
                          VPOS="1866"
                          HPOS="1226"
                          CONTENT="non"/>
                  <SP HEIGHT="58" WIDTH="14" VPOS="1866" HPOS="1322"/>
                  <String HEIGHT="58"
                          WIDTH="96"
                          VPOS="1866"
                          HPOS="1267"
                          CONTENT="cogno"/>
               </TextLine>
               <TextLine ID="r1l129"
                         BASELINE="1959"
                         HEIGHT="52"
                         WIDTH="560"
                         VPOS="1907"
                         HPOS="808">
                  <String HEIGHT="52"
                          WIDTH="144"
                          VPOS="1907"
                          HPOS="794"
                          CONTENT="scamus"/>
                  <SP HEIGHT="52" WIDTH="14" VPOS="1907" HPOS="937"/>
                  <String HEIGHT="52"
                          WIDTH="158"
                          VPOS="1907"
                          HPOS="894"
                          CONTENT="diuinam"/>
                  <SP HEIGHT="52" WIDTH="14" VPOS="1907" HPOS="1052"/>
                  <String HEIGHT="52"
                          WIDTH="144"
                          VPOS="1907"
                          HPOS="1009"
                          CONTENT="artem,"/>
                  <SP HEIGHT="52" WIDTH="14" VPOS="1907" HPOS="1153"/>
                  <String HEIGHT="52"
                          WIDTH="215"
                          VPOS="1907"
                          HPOS="1110"
                          CONTENT="cognoscimus"/>
                  <SP HEIGHT="52" WIDTH="14" VPOS="1907" HPOS="1325"/>
                  <String HEIGHT="52"
                          WIDTH="101"
                          VPOS="1907"
                          HPOS="1267"
                          CONTENT="tamen"/>
               </TextLine>
               <TextLine ID="r1l133"
                         BASELINE="1992"
                         HEIGHT="49"
                         WIDTH="569"
                         VPOS="1943"
                         HPOS="808">
                  <String HEIGHT="49"
                          WIDTH="136"
                          VPOS="1943"
                          HPOS="796"
                          CONTENT="aliquid"/>
                  <SP HEIGHT="49" WIDTH="12" VPOS="1943" HPOS="932"/>
                  <String HEIGHT="49"
                          WIDTH="99"
                          VPOS="1943"
                          HPOS="895"
                          CONTENT="quod"/>
                  <SP HEIGHT="49" WIDTH="12" VPOS="1943" HPOS="994"/>
                  <String HEIGHT="49"
                          WIDTH="136"
                          VPOS="1943"
                          HPOS="956"
                          CONTENT="supplet"/>
                  <SP HEIGHT="49" WIDTH="12" VPOS="1943" HPOS="1093"/>
                  <String HEIGHT="49"
                          WIDTH="111"
                          VPOS="1943"
                          HPOS="1055"
                          CONTENT="vicem"/>
                  <SP HEIGHT="49" WIDTH="12" VPOS="1943" HPOS="1167"/>
                  <String HEIGHT="49"
                          WIDTH="136"
                          VPOS="1943"
                          HPOS="1130"
                          CONTENT="ipsius,"/>
                  <SP HEIGHT="49" WIDTH="12" VPOS="1943" HPOS="1266"/>
                  <String HEIGHT="49"
                          WIDTH="148"
                          VPOS="1943"
                          HPOS="1229"
                          CONTENT="scilicet"/>
                  <SP HEIGHT="49" WIDTH="12" VPOS="1943" HPOS="1377"/>
                  <String HEIGHT="49" WIDTH="49" VPOS="1943" HPOS="1328" CONTENT="il"/>
               </TextLine>
               <TextLine ID="r1l135"
                         BASELINE="2018"
                         HEIGHT="42"
                         WIDTH="558"
                         VPOS="1976"
                         HPOS="811">
                  <String HEIGHT="42" WIDTH="87" VPOS="1976" HPOS="799" CONTENT="lam"/>
                  <SP HEIGHT="42" WIDTH="12" VPOS="1976" HPOS="885"/>
                  <String HEIGHT="42"
                          WIDTH="174"
                          VPOS="1976"
                          HPOS="848"
                          CONTENT="veritatem,"/>
                  <SP HEIGHT="42" WIDTH="12" VPOS="1976" HPOS="1022"/>
                  <String HEIGHT="42"
                          WIDTH="99"
                          VPOS="1976"
                          HPOS="985"
                          CONTENT="quae"/>
                  <SP HEIGHT="42" WIDTH="12" VPOS="1976" HPOS="1084"/>
                  <String HEIGHT="42" WIDTH="62" VPOS="1976" HPOS="1047" CONTENT="a"/>
                  <SP HEIGHT="42" WIDTH="12" VPOS="1976" HPOS="1109"/>
                  <String HEIGHT="42"
                          WIDTH="112"
                          VPOS="1976"
                          HPOS="1071"
                          CONTENT="rebus"/>
                  <SP HEIGHT="42" WIDTH="12" VPOS="1976" HPOS="1183"/>
                  <String HEIGHT="42"
                          WIDTH="87"
                          VPOS="1976"
                          HPOS="1146"
                          CONTENT="est"/>
                  <SP HEIGHT="42" WIDTH="12" VPOS="1976" HPOS="1233"/>
                  <String HEIGHT="42"
                          WIDTH="161"
                          VPOS="1976"
                          HPOS="1195"
                          CONTENT="abstracta"/>
                  <SP HEIGHT="42" WIDTH="12" VPOS="1976" HPOS="1357"/>
                  <String HEIGHT="42"
                          WIDTH="62"
                          VPOS="1976"
                          HPOS="1307"
                          CONTENT="vir"/>
               </TextLine>
               <TextLine ID="r1l137"
                         BASELINE="2060"
                         HEIGHT="52"
                         WIDTH="557"
                         VPOS="2008"
                         HPOS="810">
                  <String HEIGHT="52"
                          WIDTH="99"
                          VPOS="2008"
                          HPOS="798"
                          CONTENT="tute"/>
                  <SP HEIGHT="52" WIDTH="12" VPOS="2008" HPOS="897"/>
                  <String HEIGHT="52"
                          WIDTH="186"
                          VPOS="2008"
                          HPOS="860"
                          CONTENT="intellectus"/>
                  <SP HEIGHT="52" WIDTH="12" VPOS="2008" HPOS="1045"/>
                  <String HEIGHT="52"
                          WIDTH="149"
                          VPOS="2008"
                          HPOS="1008"
                          CONTENT="agentis;"/>
                  <SP HEIGHT="52" WIDTH="12" VPOS="2008" HPOS="1157"/>
                  <String HEIGHT="52"
                          WIDTH="99"
                          VPOS="2008"
                          HPOS="1119"
                          CONTENT="quae"/>
                  <SP HEIGHT="52" WIDTH="12" VPOS="2008" HPOS="1218"/>
                  <String HEIGHT="52"
                          WIDTH="124"
                          VPOS="2008"
                          HPOS="1181"
                          CONTENT="quidem"/>
                  <SP HEIGHT="52" WIDTH="12" VPOS="2008" HPOS="1305"/>
                  <String HEIGHT="52"
                          WIDTH="111"
                          VPOS="2008"
                          HPOS="1256"
                          CONTENT="veritas"/>
               </TextLine>
               <TextLine ID="r1l139"
                         BASELINE="2102"
                         HEIGHT="60"
                         WIDTH="547"
                         VPOS="2042"
                         HPOS="820">
                  <String HEIGHT="60"
                          WIDTH="122"
                          VPOS="2042"
                          HPOS="808"
                          CONTENT="potest"/>
                  <SP HEIGHT="60" WIDTH="12" VPOS="2042" HPOS="929"/>
                  <String HEIGHT="60"
                          WIDTH="146"
                          VPOS="2042"
                          HPOS="893"
                          CONTENT="supplere"/>
                  <SP HEIGHT="60" WIDTH="12" VPOS="2042" HPOS="1039"/>
                  <String HEIGHT="60"
                          WIDTH="109"
                          VPOS="2042"
                          HPOS="1002"
                          CONTENT="vicem"/>
                  <SP HEIGHT="60" WIDTH="12" VPOS="2042" HPOS="1112"/>
                  <String HEIGHT="60"
                          WIDTH="134"
                          VPOS="2042"
                          HPOS="1075"
                          CONTENT="diuinae"/>
                  <SP HEIGHT="60" WIDTH="12" VPOS="2042" HPOS="1209"/>
                  <String HEIGHT="60"
                          WIDTH="122"
                          VPOS="2042"
                          HPOS="1173"
                          CONTENT="artis,"/>
                  <SP HEIGHT="60" WIDTH="12" VPOS="2042" HPOS="1294"/>
                  <String HEIGHT="60" WIDTH="73" VPOS="2042" HPOS="1258" CONTENT="vt"/>
                  <SP HEIGHT="60" WIDTH="12" VPOS="2042" HPOS="1331"/>
                  <String HEIGHT="60"
                          WIDTH="85"
                          VPOS="2042"
                          HPOS="1282"
                          CONTENT="decla"/>
               </TextLine>
               <TextLine ID="r1l141"
                         BASELINE="2135"
                         HEIGHT="60"
                         WIDTH="443"
                         VPOS="2075"
                         HPOS="809">
                  <String HEIGHT="60"
                          WIDTH="111"
                          VPOS="2075"
                          HPOS="797"
                          CONTENT="ratum"/>
                  <SP HEIGHT="60" WIDTH="12" VPOS="2075" HPOS="907"/>
                  <String HEIGHT="60"
                          WIDTH="98"
                          VPOS="2075"
                          HPOS="871"
                          CONTENT="fuit"/>
                  <SP HEIGHT="60" WIDTH="12" VPOS="2075" HPOS="969"/>
                  <String HEIGHT="60" WIDTH="74" VPOS="2075" HPOS="932" CONTENT="in"/>
                  <SP HEIGHT="60" WIDTH="12" VPOS="2075" HPOS="1006"/>
                  <String HEIGHT="60"
                          WIDTH="160"
                          VPOS="2075"
                          HPOS="969"
                          CONTENT="principio"/>
                  <SP HEIGHT="60" WIDTH="12" VPOS="2075" HPOS="1129"/>
                  <String HEIGHT="60"
                          WIDTH="111"
                          VPOS="2075"
                          HPOS="1092"
                          CONTENT="huius"/>
                  <SP HEIGHT="60" WIDTH="12" VPOS="2075" HPOS="1203"/>
                  <String HEIGHT="60"
                          WIDTH="98"
                          VPOS="2075"
                          HPOS="1154"
                          CONTENT="libri"/>
               </TextLine>
            </TextBlock>
         </PrintSpace>
      </Page>
   </Layout>
</alto>
