1500 2358
184 166 149 47 ritatem
293 166 176 47 concordat
428 166 189 47 intentioni
577 166 135 47 Arist.
671 166 68 47 &
685 166 81 47 Com.

193 205 96 42 qui
248 205 137 42 ponunt
344 205 151 42 secundo
454 205 137 42 Metaph
550 205 123 42 finem
618 205 151 42 scientiae

189 243 214 35 speculatiuae
363 243 107 35 esse
429 243 187 35 veritatem:
577 243 147 35 Constat
670 243 94 35 autem

188 273 161 39 huiusmodi
311 273 111 39 finem
385 273 198 39 speculatiuae
546 273 161 39 scientiae
669 273 99 39 esse
719 273 49 39 in

193 312 187 42 intellectu,
342 312 75 42 in
379 312 87 42 hoc
429 312 100 42 enim
491 312 137 42 differt
591 312 187 42 speculatiua
728 312 37 42 a

199 345 152 41 practica,
316 345 70 41 si
351 345 93 41 ergo
409 345 105 41 finis
479 345 187 41 speculatiuae
631 345 82 41 est
677 345 70 41 in
701 345 58 41 in-

195 375 147 48 tellectu,
308 375 57 48 &
330 375 124 48 veritas
421 375 79 48 est
466 375 102 48 talis
534 375 113 48 finis,
613 375 136 48 sequitur
703 375 57 48 ve-

193 413 136 45 ritatem
292 413 173 45 formaliter
428 413 74 45 in
465 413 173 45 intellectu
589 413 136 45 reperiri.

227 448 166 44 Praeterea
355 448 128 44 Arist.
445 448 115 44 sexto
522 448 166 44 Ethicorum
637 448 115 44 asserit

182 484 142 35 verum,
281 484 71 35 &
309 484 128 35 bonum
394 484 113 35 esse
465 484 170 35 obiectum
579 484 184 35 intellectus

189 515 215 42 speculatiui:
363 515 148 42 constat
471 515 135 42 autem,
565 515 108 42 quod
632 515 121 42 bonum
700 515 67 42 ali

194 556 114 36 cuius
270 556 88 36 est
321 556 76 36 in
358 556 88 36 eo,
409 556 114 36 cuius
484 556 88 36 est
535 556 126 36 bonum,
623 556 101 36 ergo
674 556 88 36 etiam

185 588 66 38 &
211 588 146 38 veritas
317 588 106 38 erit
384 588 80 38 in
423 588 80 38 eo
463 588 199 38 formaliter;
609 588 159 38 quapropter

186 621 150 44 videtur,
298 621 100 44 quod
360 621 125 44 Arist.
447 621 87 44 ibi
497 621 150 44 intendat
609 621 112 44 loqui
684 621 75 44 de
709 621 50 44 ve

190 656 123 43 ritate
276 656 86 43 non
325 656 197 43 generaliter,
486 656 86 43 sed
535 656 197 43 specialiter,
683 656 86 43 prout

185 688 121 45 dicit
265 688 148 45 quandam
373 688 215 45 rectitudinem
547 688 201 45 intellectus
695 688 67 45 spe

192 721 162 46 culatiui,
316 721 87 46 quo
366 721 100 46 modo
428 721 125 46 certum
516 721 87 46 est
566 721 175 46 formaliter
690 721 75 46 esse

189 760 80 44 in
229 760 200 44 intellectu;
389 760 107 44 vnde
455 760 67 44 &
482 760 160 44 Doctores
602 760 160 44 ponentes
709 760 53 44 ve

179 792 139 38 ritatem
280 792 101 38 esse
343 792 177 38 formaliter
482 792 76 38 in
520 792 177 38 intellectu
659 792 88 38 non
697 792 63 38 lo-

185 825 141 46 quuntur
288 825 77 46 de
326 825 154 46 veritate
442 825 205 46 generaliter,
609 825 90 46 sed
647 825 116 46 specia-

182 859 134 42 liter
271 859 179 42 secundum
406 859 179 42 communem
540 859 119 42 vsum
599 859 164 42 loquendi;

184 892 141 48 idcirco
287 892 77 48 D.
325 892 154 48 Aegidius
441 892 180 48 distinguit
582 892 77 48 in
621 892 77 48 4.
659 892 128 48 quolib

183 930 126 45 plures
272 930 114 45 modos
347 930 177 45 accipiendi
486 930 177 45 veritatem;
625 930 101 45 dico
676 930 88 45 ergo,

184 966 104 41 quod
249 966 78 41 si
288 966 156 41 loquamur
405 966 78 41 de
444 966 156 41 veritate
560 966 208 41 specialiter,
716 966 39 41 4

178 1005 81 42 ut
219 1005 122 42 dicit
301 1005 149 42 quandam
409 1005 217 42 rectitudinem
586 1005 122 42 notam
667 1005 95 42 ei,
708 1005 54 42 in

184 1033 82 46 quo
231 1033 94 46 est,
290 1033 82 46 sic
337 1033 82 46 est
384 1033 164 46 formaliter
513 1033 70 46 in
548 1033 176 46 intellectu,
689 1033 59 46 &
700 1033 59 46 hoc

187 1067 107 45 modo
253 1067 147 45 veritas
360 1067 120 45 addit
440 1067 120 45 supra
520 1067 213 45 rectitudinem
680 1067 80 45 noti

177 1103 122 40 tiam,
259 1103 68 40 &
286 1103 272 40 manifestationem,
517 1103 68 40 &
544 1103 95 40 sic
599 1103 163 40 loquitur
708 1103 54 40 D.

179 1140 79 41 P.
218 1140 184 41 Augustinus
363 1140 79 41 in
402 1140 79 41 de
441 1140 105 41 vera
507 1140 171 41 Religione
638 1140 144 41 dicens,

185 1174 100 42 quod
248 1174 138 42 veritas
348 1174 100 42 est,
411 1174 88 42 qua
461 1174 175 42 ostenditur
598 1174 88 42 id,
648 1174 100 42 quod
698 1174 63 42 est

212 1205 95 40 Hoc
267 1205 162 40 visoleue
388 1205 95 40 est
443 1205 190 40 respondere
592 1205 81 40 ad
619 1205 135 40 rationem

181 1242 160 40 Durandi,
301 1242 93 40 nam
354 1242 93 40 cum
407 1242 160 40 dicitur,
527 1242 107 40 quod
594 1242 120 40 talis
661 1242 93 40 adae-

194 1274 122 47 quatio
279 1274 86 47 vel
328 1274 110 47 esset
402 1274 73 47 in
438 1274 147 47 essendo,
548 1274 86 47 vel
597 1274 73 47 in
622 1274 134 47 represen-

180 1305 123 43 tando
263 1305 123 43 dico,
345 1305 110 43 quod
413 1305 82 43 in
454 1305 247 43 representando;
660 1305 96 43 cum
701 1305 55 43 ad

183 1342 122 45 ditur
265 1342 109 45 quod
333 1342 231 45 representatio
524 1342 109 45 apud
578 1342 177 45 intellectum

185 1379 169 44 praecedit
315 1379 208 44 cognitionem,
483 1379 104 44 dico
548 1379 104 44 quod
613 1379 130 44 duplex
691 1379 65 44 est

182 1414 224 41 representatio,
369 1414 87 41 vna
418 1414 87 41 per
468 1414 150 41 speciem,
580 1414 62 41 &
605 1414 100 41 ista
655 1414 100 41 praece

176 1445 101 43 dit,
239 1445 101 43 alia
303 1445 88 43 per
353 1445 126 43 actum,
441 1445 63 43 &
467 1445 101 43 haec
530 1445 126 43 potest
618 1445 101 43 esse
669 1445 88 43 simul

179 1488 95 36 cum
234 1488 123 36 actu.
316 1488 95 36 Vel
370 1488 177 36 dicendum,
507 1488 109 36 quod
575 1488 109 36 ista
629 1488 123 36 adaequa

183 1514 95 39 tio,
243 1514 71 39 in
278 1514 83 39 qua
326 1514 155 39 consistit
445 1514 143 39 veritas,
552 1514 83 39 non
600 1514 131 39 ponitur
684 1514 71 39 con-

173 1548 136 50 pletiue
272 1548 74 50 in
309 1548 248 50 representatione,
520 1548 87 50 sed
569 1548 74 50 in
606 1548 149 50 iuditio,
718 1548 62 50 &

184 1581 186 47 cognitione,
332 1581 74 47 vt
370 1581 186 47 intellectus
518 1581 136 47 dicatur
605 1581 149 47 adaequatus

179 1622 98 40 rei,
240 1622 98 40 quia
301 1622 85 40 sic
350 1622 85 40 eam
398 1622 171 40 cognoscit,
532 1622 110 40 sicut
606 1622 85 40 est
654 1622 98 40 apta
703 1622 49 40 na

179 1652 75 49 ta
217 1652 163 49 cognosci,
342 1652 63 49 &
367 1652 88 49 sic
417 1652 75 49 de
455 1652 75 49 ea
492 1652 150 49 iudicat,
605 1652 113 49 sicut
667 1652 88 49 debet

183 1687 151 48 iudicari,

219 1747 334 55 ARTICVLVS
450 1747 257 55 TERTIVS.

178 1823 78 45 An
217 1823 144 45 veritas
321 1823 91 45 sit
374 1823 183 45 formaliter
517 1823 78 45 in
556 1823 117 45 rebus
622 1823 130 45 secundum

261 1858 120 48 esse
336 1858 195 48 cognitum,
486 1858 75 48 &
500 1858 195 48 abstractum.

258 1961 63 42 D
284 1961 114 42 huius
360 1961 140 42 quesiti
461 1961 178 42 euidentiam
601 1961 89 42 est
639 1961 114 42 intelli

180 1992 201 48 gendum,
326 1992 146 48 quod
417 1992 219 48 secundum
564 1992 201 48 quorundam

179 2033 173 42 opinionem
312 2033 147 42 veritas
419 2033 200 42 generaliter
579 2033 133 42 sumpta
672 2033 93 42 non
712 2033 67 42 est

177 2060 134 50 aliud,
270 2060 107 50 quam
337 2060 174 50 quidditas
471 2060 201 50 cuiuscunque
632 2060 94 50 rei
672 2060 107 50 segre-

172 2094 111 60 gata
241 2094 83 60 ab
283 2094 111 60 omni
352 2094 152 60 ratione
463 2094 166 60 extranea
587 2094 166 60 positua,
712 2094 69 60 &

782 159 193 62 priuatiua:
934 159 96 62 Hoc
989 159 124 62 autem
1071 159 193 62 dupliciter
1209 159 138 62 probant.

780 205 129 44 Primo
866 205 86 44 ex
909 205 158 44 communi
1024 205 101 44 vsu
1081 205 215 44 loquentium,
1253 205 101 44 nam
1297 205 57 44 o-

782 249 104 38 mnes
847 249 78 38 de
886 249 156 38 veritate
1003 249 169 38 loquentes
1132 249 195 38 distinguunt
1275 249 78 38 gra-

782 277 95 45 dus
837 277 82 45 in
878 277 82 45 ea
919 277 123 45 penes
1001 277 164 45 maiorem,
1123 277 68 45 &
1150 277 150 45 minorem
1246 277 109 45 segre-

782 315 161 41 gationem
902 315 107 41 suae
970 315 201 41 quidditatis
1131 315 81 41 ab
1171 315 107 41 omni
1225 315 134 41 extranea

773 346 175 43 ratione;
905 346 117 43 ideo
978 346 146 43 nanque
1080 346 117 43 vnum
1153 346 131 43 aurum
1226 346 131 43 consue-

784 377 91 45 uit
836 377 104 45 dici
901 377 130 45 verius
992 377 117 45 alio,
1070 377 104 45 quia
1134 377 117 45 magis
1199 377 156 45 segregatur

772 417 82 39 ab
813 417 109 39 omni
881 417 95 39 eo,
936 417 109 39 quod
1004 417 95 39 non
1058 417 95 39 est
1112 417 136 39 aurum,
1207 417 68 39 &
1235 417 95 39 ita
1275 417 82 39 vni-

777 450 185 42 uersaliter
922 450 119 42 patet
1002 450 79 42 in
1041 450 146 42 omnibus
1147 450 132 42 rebus;
1240 450 93 42 qua
1280 450 79 42 pro-

778 487 101 45 pter
842 487 140 45 videtur
943 487 178 45 necessario
1083 487 127 45 sequi,
1171 487 165 45 veritatem
1286 487 63 45 cu-

782 519 169 42 iuscunque
912 519 91 42 rei
964 519 91 42 non
1016 519 104 42 esse
1082 519 130 42 aliud,
1173 519 104 42 quam
1238 519 91 42 sua
1277 519 78 42 pro-

779 554 101 42 pria
843 554 114 42 ratio
919 554 203 42 quidditatiua
1083 554 76 42 ab
1121 554 101 42 omni
1184 554 152 42 extraneo
1286 554 63 42 se

762 589 139 49 gregata.

802 597 168 72 Secundo
924 597 107 72 hoc
985 597 122 72 idem
1062 597 168 72 probant
1184 597 92 72 ex
1230 597 92 72 eo
1260 597 92 72 quod

772 658 91 44 ista
828 658 91 44 tria
885 658 136 44 videntur
987 658 192 44 aequipollere,
1145 658 136 44 scilicet
1247 658 136 44 puritas,

771 688 190 41 sinceritas,
923 688 63 41 &
949 688 152 41 veritas:
1063 688 139 41 constat
1164 688 127 41 autem,
1253 688 101 41 quod
1303 688 51 41 pu

778 722 119 49 ritas,
861 722 59 49 &
885 722 167 49 sinceritas
1016 722 178 49 cuiuscunque
1159 722 83 49 rei
1206 722 155 49 consistit
1313 722 48 49 in

772 757 201 51 segregatione
935 757 100 51 suae
998 757 188 51 quidditatis
1148 757 75 51 ab
1186 757 100 51 omni
1249 757 125 51 ratio

776 797 77 43 ne
815 797 166 43 extranea,
942 797 102 43 ergo
1006 797 64 43 &
1019 797 128 43 veritas.

809 825 81 46 Ex
849 825 107 46 ista
916 825 121 46 autem
997 825 202 46 conclusione
1158 825 161 46 inferunt
1265 825 81 46 duas

773 859 132 49 alias,
865 859 132 49 quarum
957 859 119 49 Prima
1037 859 105 49 est,
1102 859 105 49 quod
1168 859 145 49 veritas
1261 859 92 49 secun

777 898 90 46 dum
828 898 103 46 esse
893 898 192 46 existentiae
1046 898 167 46 inuenitur
1174 898 77 46 in
1213 898 103 46 solo
1264 898 77 46 Deo,

780 933 99 48 quia
841 933 99 48 sola
903 933 86 48 sua
952 933 160 48 quidditas
1076 933 136 48 existit
1174 933 74 48 in
1211 933 111 48 rerum
1273 933 74 48 natu

773 964 79 50 ra
812 964 79 50 ab
852 964 105 50 omni
917 964 158 50 extraneo
1022 964 158 50 segregata.

809 982 152 61 Secunda
920 982 180 61 conclusio
1058 982 111 61 est,
1127 982 111 61 quod
1196 982 83 61 in
1224 982 124 61 omnibus

770 1035 122 36 alijs
852 1035 122 36 rebus
933 1035 68 36 a
960 1035 95 36 Deo
1014 1035 95 36 non
1068 1035 95 36 est
1122 1035 149 36 veritas
1217 1035 135 36 secundum

779 1072 99 37 esse
840 1072 198 37 existentiae,
1001 1072 86 37 sed
1050 1072 111 37 solum
1125 1072 74 37 in
1162 1072 99 37 esse
1211 1072 136 37 cognitum,

778 1103 72 49 &
806 1103 217 49 abstractum,
980 1103 116 49 quod
1052 1103 116 49 apud
1125 1103 145 49 animam
1226 1103 130 49 habet
1298 1103 58 49 ob

768 1137 146 44 iectiue,
877 1137 97 44 quia
938 1137 109 44 nulla
1011 1137 158 44 quidditas
1132 1137 121 44 creata
1217 1137 134 44 existit
1302 1137 49 44 in

775 1178 127 36 rerum
860 1178 142 36 natura
959 1178 184 36 segregata
1100 1178 85 36 ab
1143 1178 113 36 omni
1199 1178 156 36 extraneo,

769 1206 120 48 simmo
849 1206 120 48 (quod
928 1206 106 48 plus
995 1206 106 48 est)
1061 1206 93 48 nec
1115 1206 106 48 Deus
1181 1206 133 48 posset
1261 1206 93 48 face-

777 1244 79 47 re
816 1244 145 47 aliquam
921 1244 197 47 quidditatem
1079 1244 92 47 sic
1132 1244 171 47 existere,
1263 1244 92 47 nam
1302 1244 53 47 eo

781 1276 88 45 pso
831 1276 100 45 quod
893 1276 113 45 ipsam
968 1276 150 45 faceret,
1081 1276 113 45 esset
1156 1276 213 45 particularis,

773 1310 230 46 particularitas
965 1310 115 46 autem
1042 1310 90 46 est
1093 1310 141 46 quaedam
1195 1310 115 46 ratio
1259 1310 90 46 extra

769 1347 105 39 nea,
835 1347 105 39 quae
901 1347 145 39 accidit
1006 1347 198 39 quidditati,
1164 1347 158 39 secundum
1270 1347 79 39 eos;

771 1381 187 40 quapropter
918 1381 147 40 videtur
1024 1381 134 40 sequi,
1118 1381 107 40 quod
1185 1381 147 40 veritas
1278 1381 67 40 pu-

769 1414 82 40 ra,
816 1414 59 40 &
840 1414 129 40 sincera
933 1414 176 40 cuiuscunque
1074 1414 82 40 rei
1121 1414 129 40 creatae
1215 1414 82 40 non
1262 1414 82 40 sit
1297 1414 47 40 in

771 1448 102 43 ipsa
835 1448 154 43 secundum
950 1448 102 43 esse
1014 1448 205 43 existentiae,
1181 1448 90 43 sed
1219 1448 128 43 secundum

769 1484 114 40 esse
840 1484 200 40 conceptum,
997 1484 114 40 quod
1068 1484 128 40 habet
1154 1484 114 40 apud
1211 1484 128 40 animam,

776 1514 100 49 quia
838 1514 150 49 secundum
950 1514 100 49 tale
1013 1514 100 49 esse
1075 1514 87 49 est
1125 1514 162 49 segregata
1250 1514 75 49 ab
1275 1514 75 49 omni

772 1550 174 44 extraneo,
906 1550 94 44 nam
959 1550 201 44 intellectus
1120 1550 161 44 concipit
1241 1550 94 44 eam
1281 1550 67 44 ab-

770 1586 185 40 strahendo
912 1586 86 40 ab
955 1586 114 40 omni
1026 1586 100 40 eo,
1083 1586 114 40 quod
1155 1586 100 40 non
1212 1586 100 40 est
1254 1586 86 40 ipsa

775 1624 78 38 Ex
814 1624 91 38 quo
866 1624 155 38 apparet,
982 1624 104 38 quod
1047 1624 78 38 si
1086 1624 104 38 quis
1151 1624 130 38 vellet
1228 1624 117 38 respon-

768 1656 110 39 dere
837 1656 165 39 quaesito
961 1656 165 39 secundum
1085 1656 110 39 hanc
1154 1656 193 39 opinionem,
1292 1656 55 39 de

769 1689 122 38 beret
850 1689 149 38 dicere,
958 1689 176 38 veritatem
1093 1689 135 38 puram,
1187 1689 68 38 &
1214 1689 162 38 sinceram

772 1724 178 46 consistere
912 1724 178 46 formaliter
1052 1724 76 46 in
1090 1724 102 46 esse
1154 1724 153 46 cognito,
1269 1724 64 46 &
1281 1724 64 46 ab-

764 1756 170 47 stracto,
891 1756 113 47 quod
962 1756 142 47 habent
1061 1756 99 47 res
1118 1756 113 47 apud
1188 1756 142 47 animam
1273 1756 71 47 ob

740 1790 193 42 sectiue.

756 2035 133 38 dictum
849 2035 93 38 non
902 2035 133 38 potest
995 2035 120 38 stare
1075 2035 146 38 propter
1181 2035 106 38 duo;
1235 2035 106 38 Primo,

755 2065 109 47 quia
824 2065 137 47 deuiat
919 2065 82 47 ab
960 2065 191 47 intentione
1111 2065 82 47 D.
1152 2065 164 47 Anselmi,
1275 2065 96 47 nam

802 1828 107 45 Haec
869 1828 121 45 autem
949 1828 134 45 opinio
1043 1828 121 45 licet
1124 1828 148 45 quantum
1232 1828 81 45 ad
1258 1828 81 45 ali-

761 1859 99 52 quid
822 1859 86 52 sit
872 1859 210 52 rationabilis,
1045 1859 74 52 Vt
1082 1859 148 52 patebit,
1193 1859 136 52 videtur
1279 1859 62 52 ta-

763 1893 91 48 men
815 1893 156 48 deficere
919 1893 181 48 tripliciter.

806 1929 134 43 Primo,
900 1929 107 43 quia
967 1929 134 43 ponit,
1061 1929 175 43 veritatem
1182 1929 161 43 formaliter

767 1960 96 45 non
822 1960 110 45 esse
891 1960 138 45 aliud,
987 1960 110 45 quam
1056 1960 206 45 quidditatem
1207 1960 138 45 cuiuscun

760 2000 97 43 que
815 2000 97 43 rei
871 2000 193 43 segregatam
1022 2000 83 43 ab
1064 2000 110 43 omni
1133 2000 179 43 extraneo,
1257 2000 83 43 quod

757 2103 79 51 si
796 2103 144 51 veritas
901 2103 92 51 est
954 2103 170 51 quidditas
1085 2103 184 51 cuiuscunqe
1229 2103 105 51 rei,
1281 2103 66 51 cum
