1500 2388
117 175 114 46 vera
188 175 128 46 sint,
273 175 171 46 dicendum
401 175 85 46 ad
444 175 199 46 quaesitum,
600 175 114 46 quod
657 175 57 46 fi

118 215 169 39 loquamur
245 215 85 39 de
287 215 184 39 veritate,
429 215 127 39 prout
513 215 184 39 sumebatur
640 215 71 39 su-

119 252 129 45 perius
210 252 129 45 quarto
300 252 116 45 modo,
378 252 155 45 scilicet
494 252 116 45 prout
572 252 116 45 dicit
636 252 65 45 re-

118 281 177 51 ctitudinem
257 281 227 51 attributionis,
447 281 63 51 &
472 281 252 51 significationis,

116 321 144 41 veritas
220 321 91 41 est
273 321 144 41 aliquid
377 321 196 41 consequens,
534 321 65 41 &
547 321 157 41 derelictum

116 357 115 50 circa
193 357 89 50 res
244 357 191 50 intellectas
397 357 77 50 ex
435 357 128 50 nostro
524 357 102 50 modo
575 357 128 50 intelli-

117 390 147 48 gendi
198 390 82 48 eas

164 398 101 71 Quia
227 398 113 71 tamen
303 398 75 71 in
340 398 163 71 praefatis
466 398 126 71 dictis
554 398 101 71 sunt
604 398 101 71 aliqua

116 447 130 51 dubia,
207 447 143 51 idcirco
311 447 143 51 oportet
415 447 78 51 ea
454 447 156 51 tollere,
571 447 78 51 vt
597 447 104 51 melius

120 502 128 40 pateat
210 502 193 40 intellectus
364 502 128 40 istius
454 502 167 40 articuli.
583 502 128 40 Primum
660 502 51 40 du

121 527 110 41 bium
190 527 110 41 est,
258 527 110 41 quia
327 527 96 41 non
382 527 151 41 apparet
492 527 137 41 causa,
588 527 123 41 quare
656 527 55 41 ex

124 567 100 43 actu
187 567 126 43 nostri
275 567 188 43 intellectus
426 567 113 43 talia
501 567 113 43 entia
564 567 138 43 relinqua-

124 598 109 53 tur,
193 598 68 53 &
220 598 109 53 ideo
288 598 96 53 hoc
343 598 150 53 videtur
452 598 150 53 quoddam
548 598 164 53 fictitium.

152 635 174 41 Secundum
283 635 116 41 est,
356 635 116 41 quia
429 635 87 41 si
472 635 233 41 consequuntur
647 635 58 41 ad

125 662 122 44 actum
207 662 136 44 nostri
302 662 204 44 intellectus
465 662 149 44 videtur
573 662 109 44 quod
628 662 81 44 ipse

119 702 104 49 sit
178 702 133 49 eorum
267 702 237 49 fundamentum,
459 702 74 49 &
489 702 104 49 per
533 702 178 49 consequens

121 742 128 41 ipsum
206 742 199 41 sequentur,
362 742 71 41 &
391 742 128 41 ipsum
476 742 241 41 denominabunt,
660 742 43 41 &

122 774 88 43 non
172 774 113 43 ipsas
247 774 88 43 res
297 774 200 43 intellectas,
459 774 113 43 sicut
534 774 150 43 superius
634 774 75 43 fuit

96 809 147 46 dictum

155 842 165 49 Tertium
275 842 150 49 dubium
380 842 120 49 est,
455 842 120 49 quia
530 842 105 49 non
575 842 135 49 apparet

123 876 144 46 qualem
223 876 158 46 naturam
338 876 158 46 habeant
453 876 129 46 talia
539 876 144 46 entia,
639 876 72 46 &
654 876 57 46 an

116 914 108 42 sint
184 914 81 42 in
225 914 136 42 aliquo
320 914 244 42 praedicamento,
523 914 108 42 quod
591 914 81 42 si
618 914 95 42 dica-

121 954 99 39 tur
177 954 84 39 ea
219 954 99 39 non
276 954 141 39 habere
374 954 155 39 aliquam
487 954 155 39 naturam
585 954 127 39 positi-

126 986 111 46 uam,
195 986 180 46 sequitur,
334 986 111 46 quod
403 986 139 46 nullam
500 986 152 46 possint
597 986 111 46 habere

118 1021 242 43 rectitudinem,
317 1021 100 43 vel
359 1021 171 43 veritatem.

164 1056 86 42 Ad
207 1056 143 42 primum
306 1056 128 42 dico,
392 1056 114 42 quod
463 1056 143 42 duabus
563 1056 86 42 de
592 1056 114 42 causis

124 1090 111 40 talia
198 1090 111 40 entia
272 1090 223 40 derelinquuntur
457 1090 74 40 ex
494 1090 99 40 actu
556 1090 124 40 nostri
630 1090 87 40 intel

125 1124 145 40 lectus,
230 1124 119 40 primo
309 1124 132 40 quidem
402 1124 79 40 ex
441 1124 119 40 parte
520 1124 132 40 nostri
600 1124 105 40 intel-

125 1161 140 44 lectus,
227 1161 89 44 nam
278 1161 102 44 quia
341 1161 191 44 intellectus
494 1161 127 44 noster
583 1161 89 44 est
621 1161 89 44 poten

122 1192 88 51 tia
173 1192 189 51 cognoscens,
324 1192 76 51 vt
362 1192 114 51 patet
438 1192 126 51 tertio
526 1192 76 51 de
564 1192 126 51 anima,
640 1192 63 51 id-

125 1236 119 38 circo
204 1236 79 38 in
244 1236 93 38 suo
297 1236 172 38 processu,
429 1236 66 38 &
456 1236 79 38 in
495 1236 93 38 suo
548 1236 106 38 actu
601 1236 106 38 semper

121 1268 135 41 habet
211 1268 165 41 annexum
331 1268 165 41 aliquem
452 1268 180 41 defectum
587 1268 105 41 per
632 1268 75 41 mo-

129 1302 100 40 dum
186 1302 228 40 priuationis,
371 1302 100 40 qui
428 1302 171 40 defectus
541 1302 171 40 importatur

126 1343 86 40 per
175 1343 110 40 entia
248 1343 160 40 rationis,
371 1343 110 40 sicut
445 1343 110 40 patet
519 1343 184 40 discutrendo
654 1343 61 40 per

127 1377 140 38 aliqua
225 1377 140 38 eorum:
323 1377 182 38 composito
462 1377 140 38 nanque
546 1377 168 38 enunciati-

129 1405 78 46 ua
168 1405 91 46 non
220 1405 142 46 videtur
323 1405 103 46 esse
388 1405 129 46 aliud,
478 1405 103 46 quam
543 1405 142 46 quaedam
633 1405 78 46 pri-

134 1442 112 43 uatio
208 1442 212 43 simplicitatis
382 1442 75 43 in
420 1442 75 43 re
457 1442 174 43 intellecta
582 1442 124 43 secundum

132 1472 99 47 quod
194 1472 187 47 intellecta,
343 1472 99 47 quia
405 1472 87 47 res
455 1472 187 47 intellecta,
592 1472 124 47 secundum

131 1508 103 45 quod
195 1508 180 45 intellecta
337 1508 205 45 intelligitur
504 1508 180 45 intellectu
632 1508 77 45 com-

133 1545 188 46 plectente,
280 1545 67 46 &
307 1545 94 46 non
361 1545 81 46 vt
401 1545 161 46 simplex:
522 1545 107 46 Hinc
589 1545 94 46 est
629 1545 81 46 quod

131 1576 83 47 ad
173 1576 125 47 talem
256 1576 125 47 actum
340 1576 195 47 necessario
493 1576 167 47 sequitur
604 1576 111 47 compo-

127 1611 123 51 sitio
209 1611 205 51 enunciatiua
373 1611 123 51 circa
455 1611 109 51 eam:
524 1611 96 51 Nam
578 1611 109 51 dato
633 1611 82 51 quod

134 1648 70 46 in
169 1648 70 46 re
205 1648 164 46 intellecta
333 1648 105 46 esset
404 1648 94 46 vera
462 1648 152 46 composito
579 1648 129 46 realis,
661 1648 47 46 si

139 1687 118 46 tamen
218 1687 237 46 intelligeretur
415 1687 184 46 intellectu
559 1687 158 46 simplici
664 1687 53 46 vt

139 1721 171 36 simplex,
267 1721 213 36 quemadmodum
438 1721 128 36 facit
523 1721 171 36 Angelus,
637 1721 71 36 nul

136 1754 85 41 la
178 1754 197 41 sequeretur
333 1754 183 41 composito
474 1754 226 41 enunciatiua:
644 1754 71 41 In-

134 1795 170 38 telligit
262 1795 142 38 nanque
361 1795 156 38 Angelus
475 1795 185 38 veritatem
602 1795 114 38 quocun

138 1833 86 35 que
187 1833 173 35 intellectu
323 1833 161 35 simplici,
447 1833 74 35 vt
484 1833 148 35 simplex.
582 1833 124 35 Intelle-

141 1858 101 42 ctus
205 1858 101 42 vero
268 1858 127 42 noster
357 1858 178 42 intelligit
496 1858 165 42 veritatem
611 1858 101 42 talium

135 1892 229 48 complexorum
318 1892 214 48 procedendo
487 1892 92 48 de
532 1892 184 48 potentia
655 1892 61 48 ad

137 1925 116 53 actum
214 1925 90 53 hoc
266 1925 116 53 modo,
343 1925 103 53 quia
408 1925 180 53 intelligit
549 1925 155 53 terminos
653 1925 64 53 il-

129 1965 106 43 lius
195 1965 213 43 compositonis
368 1965 146 43 seorsum
475 1965 186 43 distinctis
608 1965 106 43 conce-

141 1996 136 50 ptibus,
240 1996 124 50 postea
327 1996 174 50 intelligit
463 1996 124 50 eosdem
550 1996 149 50 terminos
649 1996 62 50 con

130 2033 159 45 iunctim
245 2033 130 45 vnico
332 2033 173 45 conceptu
461 2033 202 45 simultaneo
606 2033 115 45 comple

133 2068 128 45 ctente
223 2068 192 45 virtualiter
377 2068 103 45 eos;
441 2068 64 45 &
466 2068 77 45 ad
505 2068 115 45 talem
569 2068 141 45 conceptum

130 2105 195 49 necessario
284 2105 167 49 sequitur
409 2105 181 49 composito
535 2105 181 49 enunciatiua

128 2135 71 55 in
164 2135 106 55 illis
234 2135 153 55 terminis,
352 2135 94 55 quia
410 2135 82 55 sic
457 2135 176 55 intelligere
587 2135 129 55 praefatos

714 168 162 52 terminos
836 168 95 52 nil
890 168 122 52 aliud
972 168 108 52 est,
1039 168 108 52 quam
1107 168 95 52 eos
1161 168 176 52 adinuicem

715 214 206 42 componere,
877 214 192 42 composito
1025 214 133 42 autem
1113 214 103 42 est
1158 214 147 42 terminus

718 249 126 45 actus
802 249 223 45 componentis;
983 249 112 45 ergo
1053 249 84 45 de
1095 249 126 45 primo
1178 249 84 45 ad
1206 249 98 45 vlti-

720 286 95 39 mum
775 286 122 39 talis
856 286 176 39 composito
991 286 95 39 est
1045 286 149 39 aliquid
1140 286 162 39 derelictum

717 320 77 38 ex
756 320 103 38 actu
820 320 192 38 intellectus
974 320 141 38 ratione
1076 320 90 38 sui
1127 320 103 38 modi
1179 320 128 38 intelli-

726 352 128 45 gendi;
816 352 64 45 &
842 352 103 45 ista
906 352 90 45 est
957 352 167 45 intentio,
1086 352 128 45 Arist.
1176 352 64 45 &
1201 352 103 45 Com.
1253 352 51 45 in

717 390 131 44 tertio
808 390 78 44 de
848 390 118 44 anima
926 390 131 44 capite
1018 390 78 44 de
1057 390 183 44 intellectu
1187 390 118 44 simpli-

722 424 136 48 cium,
813 424 76 48 &
843 424 242 48 complexorum,
1039 424 181 48 comparat
1175 424 121 48 enim
1235 424 76 48 ibi

726 462 141 36 Arist.
825 462 71 36 &
853 462 113 36 Com,
924 462 127 36 actus
1008 462 212 36 intellectus
1164 462 141 36 componen

720 499 98 40 tis
776 499 168 40 actionem
902 499 196 40 amicitiae,
1055 499 112 40 quam
1125 499 154 40 ponebat
1223 499 84 40 Empe

721 529 143 42 docles:
825 529 117 42 sicut
903 529 104 42 ergo
968 529 169 42 composito
1097 529 130 42 realis
1188 529 104 42 apud
1253 529 78 42 Em

731 562 169 42 pedoclem
858 562 99 42 est
914 562 141 42 auquid
1012 562 197 42 consequens
1167 562 127 42 entia
1238 562 70 42 com

735 597 175 40 posibilia,
872 597 75 40 ex
909 597 75 40 eo
947 597 100 40 quod
1009 597 200 40 subijciuntur
1172 597 137 40 actioni
1259 597 50 40 a-

724 635 168 43 micitiae;
853 635 90 43 ita
905 635 168 43 composito
1033 635 155 43 rationis
1149 635 103 43 apud
1201 635 103 43 Arist.

732 670 67 37 &
758 670 94 37 Com
812 670 108 37 erit
880 670 148 37 aliquod
988 670 94 37 ens
1041 670 162 37 rationis
1149 670 162 37 consequens

730 706 89 41 res
781 706 204 41 intellectas,
947 706 77 41 ex
985 706 77 41 eo
1024 706 102 41 quod
1087 706 217 41 subijciuntur,
1266 706 64 41 &

726 737 195 40 obijciuntur
882 737 143 40 actioni
986 737 195 40 intellectus
1129 737 182 40 componentis.

727 773 149 42 Apparet
835 773 108 42 ergo
902 773 81 42 ex
943 773 149 42 omnibus
1051 773 122 42 istis
1132 773 203 42 principalem

721 805 134 49 causam
814 805 80 49 ad
855 805 107 49 quam
922 805 188 49 reducuntur
1069 805 121 49 entia
1149 805 161 49 rationis
1256 805 54 49 es

733 841 78 52 se
772 841 143 52 nostrum
876 841 117 52 modum
954 841 221 52 intelligendi,
1136 841 91 52 nam
1188 841 104 52 quod
1240 841 65 52 di-

728 876 103 50 ctum
793 876 91 50 est
844 876 78 50 de
883 876 142 50 entibus
987 876 168 50 rationis,
1116 876 103 50 quae
1168 876 142 50 consequum

732 919 96 40 tur
787 919 205 40 intellectum
951 919 219 40 complexorum,
1129 919 137 40 potest
1211 919 96 40 etiam

725 949 105 35 dici
790 949 78 35 de
829 949 131 35 illis,
921 949 105 35 quae
986 949 209 35 consequuntur
1143 949 170 35 intellectum

729 983 203 43 simplicium,
892 983 81 43 vt
932 983 108 43 fuit
1000 983 189 43 declaratum
1149 983 162 43 superius
1257 983 54 43 in

726 1021 85 40 3.
768 1021 185 40 distinct.
910 1021 213 40 Secundariam
1081 1021 128 40 autem
1166 1021 142 40 causam
1251 1021 57 40 ad

729 1060 102 42 quam
793 1060 178 42 reducuntur
933 1060 114 42 talia
1009 1060 114 42 entia
1085 1060 102 42 esse
1149 1060 114 42 ipsas
1225 1060 89 42 res
1263 1060 51 42 in

735 1089 168 37 tellectas,
867 1089 96 37 quia
927 1089 84 37 non
975 1089 144 37 repugnat
1083 1089 84 37 eis
1131 1089 84 37 sic
1167 1089 144 37 intelligi,

730 1123 105 38 immo
796 1123 79 38 ex
835 1123 132 38 natura
927 1123 92 38 rei
980 1123 105 38 sunt
1046 1123 79 38 in
1085 1123 171 38 potentia,
1217 1123 79 38 vt
1243 1123 66 38 sic

724 1159 233 38 intelligantur.
918 1159 91 38 Nam
970 1159 78 38 si
1009 1159 181 38 repugnaret
1152 1159 91 38 eis
1203 1159 91 38 sic
1242 1159 65 38 in-

727 1195 145 47 telligi,
836 1195 97 47 tunc
896 1195 121 47 semper
981 1195 181 47 intellectus
1126 1195 85 47 non
1174 1195 109 47 esset
1234 1195 73 47 fal-

730 1228 109 42 sus,
798 1228 109 42 quod
866 1228 95 42 est
920 1228 176 42 absurdum,
1056 1228 81 42 si
1097 1228 122 42 autem
1178 1228 95 42 hoc
1219 1228 95 42 habet

731 1262 76 44 ex
769 1262 126 44 natura
857 1262 101 44 rei,
920 1262 151 44 scilicet
1034 1262 101 44 quod
1097 1262 101 44 sint
1160 1262 76 44 in
1185 1262 126 44 potentia

729 1296 72 53 ad
765 1296 83 53 sic
812 1296 167 53 intelligi,
944 1296 95 53 pari
1003 1296 131 53 ratione
1099 1296 72 53 ex
1134 1296 119 53 natura
1218 1296 83 53 rei
1253 1296 60 53 es-

726 1332 113 46 sent
796 1332 84 46 in
839 1332 169 46 potentia
965 1332 84 46 ad
1007 1332 183 46 fundandum
1134 1332 169 46 quaecunque

726 1368 177 39 necessario
865 1368 202 39 relinquuntur
1029 1368 76 39 ex
1067 1368 101 39 tali
1130 1368 101 39 actu
1181 1368 126 39 intelli-

727 1406 135 42 gendi.
821 1406 81 42 Ex
862 1406 135 42 quibus
956 1406 149 42 omnibus
1064 1406 162 42 apparet,
1186 1406 108 42 quod
1240 1406 68 42 non

726 1440 83 43 est
773 1440 118 43 fictio
856 1440 118 43 ponere
938 1440 106 43 talia
1009 1440 106 43 entia
1080 1440 83 43 sic
1127 1440 165 43 constituta
1245 1440 59 43 cir

735 1473 79 50 ca
774 1473 92 50 res
827 1473 197 50 intellectas
985 1473 145 50 propter
1090 1473 118 50 modum
1155 1473 158 50 intelligen

731 1508 90 41 di
761 1508 75 41 eas

752 1539 95 46 Ad
800 1539 191 46 secundum
943 1539 207 46 dicendum,
1102 1539 127 46 quod
1166 1539 143 46 quantum

730 1583 137 43 cunque
826 1583 123 43 talia
908 1583 123 43 entia
991 1583 219 43 consequantur
1169 1583 123 43 actum
1237 1583 69 43 non

730 1613 113 46 stri
801 1613 226 46 intellectus,
984 1613 99 46 non
1041 1613 127 46 tamen
1111 1613 198 46 consequuntur

727 1649 117 42 ipsum
805 1649 78 42 in
844 1649 143 42 ratione
948 1649 195 42 fundamenti,
1105 1649 104 42 quia
1170 1649 117 42 talis
1235 1649 65 42 se-

726 1685 122 45 quela
808 1685 95 45 non
862 1685 163 45 sequitur
984 1685 81 45 eo
1025 1685 122 45 modo,
1106 1685 95 45 quo
1160 1685 136 45 passio
1242 1685 54 45 se

724 1722 137 39 quitur
820 1722 191 39 subiectum,
970 1722 96 39 sed
1025 1722 82 39 eo
1066 1722 109 39 modo
1134 1722 96 39 quo
1175 1722 137 39 terminus

729 1756 151 43 actionis
843 1756 189 43 consequitur
994 1756 151 43 actionem
1107 1756 151 43 agentis,
1221 1756 63 43 &
1233 1756 76 43 ideo

732 1786 109 37 sicut
804 1786 145 37 terminus
913 1786 145 37 actionis
1021 1786 84 37 non
1070 1786 84 37 est
1118 1786 72 37 in
1154 1786 133 37 agente,
1251 1786 84 37 sed

731 1823 74 39 in
768 1823 86 39 eo,
817 1823 98 39 quod
878 1823 172 39 subiicitur
1013 1823 147 39 actioni,
1123 1823 86 39 ita
1172 1823 98 39 ista
1221 1823 86 39 entia

729 1860 152 40 rationis
844 1860 89 40 non
894 1860 102 40 sunt
958 1860 76 40 in
996 1860 190 40 intellectu,
1148 1860 89 40 per
1199 1860 114 40 cuius
1262 1860 51 40 a-

736 1891 98 42 ctum
797 1891 220 42 constituuntur,
981 1891 86 42 sed
1030 1891 73 42 in
1066 1891 110 42 rebus
1140 1891 196 42 intellectis,

734 1925 134 41 quibus
827 1925 214 41 subiiciuntur
1002 1925 94 41 suo
1055 1925 134 41 actui;
1149 1925 107 41 quod
1216 1925 121 41 etiam

730 1963 203 42 specialiter
893 1963 149 42 apparet
1001 1963 81 42 de
1042 1963 203 42 compositone
1191 1963 122 42 enuncia

736 2005 110 38 tiua:
809 2005 85 38 nam
858 2005 73 38 si
894 2005 110 38 talis
967 2005 158 38 composito
1089 2005 110 38 esset
1162 2005 73 38 in
1186 2005 122 38 intelle-

737 2029 101 40 ctu,
801 2029 190 40 sequeretur,
952 2029 101 40 quod
1015 2029 164 40 composito
1142 2029 114 40 esset
1218 2029 76 40 in
1243 2029 63 40 con

729 2067 257 42 ponente,
921 2067 171 42 quod
1029 2067 150 42 est
1114 2067 236 42 falsum.

761 2102 152 40 Sequitur
875 2102 127 40 itaque
964 2102 101 40 quod
1027 2102 114 40 omnia
1103 2102 114 40 talia
1179 2102 114 40 entia
1243 2102 63 40 con

730 2139 174 54 sequantur
863 2139 93 54 res
917 2139 200 54 intellectas
1077 2139 80 54 in
1117 2139 147 54 ratione
1210 2139 107 54 funda
