1500 2333
189 184 68 45 3
217 184 81 45 An
257 184 108 45 Deus
325 184 135 45 possit
419 184 108 45 dare
487 184 176 45 scientiam
609 184 108 45 abstra

147 220 122 44 ctiuam
232 220 134 44 viatori
330 220 73 44 de
366 220 146 44 veritate
476 220 98 44 suae
537 220 171 44 essentiae,
659 220 73 44 quae

151 261 95 38 non
206 261 122 38 ponat
287 261 163 38 viatorem
410 261 122 38 extra
492 261 136 38 statum
587 261 109 38 viae
641 261 82 38 pro-

135 288 119 49 pter
209 288 163 49 tertium
328 288 148 49 argur.
446 288 89 49 m.
491 288 89 49 Et
535 288 89 49 ex
580 288 104 49 his
624 288 104 49 pate-

153 325 90 54 bit
205 325 142 54 veritas
295 325 116 54 quesiti

222 389 313 55 ARTICVLVS
438 389 217 55 PRIMVS.

154 457 124 40 Vtrum
237 457 124 40 Fides
320 457 179 40 opponatur
458 457 179 40 scientiae
582 457 124 40 ratione

333 493 199 55 aenigmatis

247 694 149 42 Vantum
352 694 90 42 ad
396 694 119 42 hunc
471 694 194 42 articulum
606 694 119 42 volunt

221 707 156 80 quidam,
334 707 113 80 quod
405 707 156 80 aenigma
518 707 99 80 non
574 707 99 80 sit
631 707 85 80 de
659 707 71 80 in-

246 767 156 43 trinseca
363 767 143 43 ratione
467 767 130 43 Fidei,
546 767 182 43 concomitatur

162 798 125 40 tamen
245 798 125 40 ipsam
329 798 153 40 ratione
440 798 167 40 materiae
565 798 83 40 de
607 798 97 40 qua
649 798 69 40 est

159 833 86 39 nam
208 833 99 39 quia
270 833 111 39 Fides
344 833 124 39 nostra
430 833 86 39 est
480 833 74 39 de
517 833 161 39 articulis
628 833 99 39 Fidei,

160 865 90 44 qui
212 865 90 44 non
263 865 141 44 possunt
366 865 206 44 demonstrari,
533 865 90 44 nec
585 865 77 44 de
623 865 90 44 eis
662 865 64 44 po-

166 899 93 49 test
225 899 116 49 haberi
306 899 140 49 scientia
411 899 116 49 clara,
492 899 93 49 ideo
550 899 151 49 sequitur,
655 899 70 49 quod

158 939 131 43 notitia
254 939 119 43 habita
337 939 72 43 de
373 939 107 43 illis
444 939 84 43 per
492 939 107 43 Fidem
564 939 84 43 sit
600 939 119 43 aenigma-

161 970 122 40 tica,
243 970 68 40 &
270 970 162 40 obscura,
391 970 68 40 &
418 970 149 40 accepta
526 970 122 40 Fides
594 970 135 40 secundum

160 1004 124 40 istam
243 1004 179 40 specialem
381 1004 166 40 materiam
505 1004 124 40 habet
574 1004 152 40 repugnan-

167 1039 102 45 tiam
231 1039 89 45 cum
282 1039 152 45 scientia
396 1039 140 45 ratione
497 1039 178 45 aenigmatis
624 1039 102 45 conco-

160 1070 151 41 mitantis
274 1070 126 41 ipsam,
362 1070 76 41 si
400 1070 114 41 tamen
476 1070 177 41 accipiatur
602 1070 126 41 secundum

164 1108 152 43 proprias
279 1108 152 43 rationes
393 1108 165 43 formales,
520 1108 127 43 nullam
609 1108 114 43 habet
672 1108 51 43 op

160 1136 188 49 positionem
308 1136 94 49 cum
361 1136 175 49 scientia,
496 1136 108 49 quod
563 1136 148 49 probant
658 1136 67 49 du

153 1176 132 44 pliciter.

200 1204 131 45 Primo:
291 1204 118 45 llla,
370 1204 105 45 quae
435 1204 157 45 secundum
553 1204 105 45 suam
605 1204 131 45 rationem

162 1243 158 36 formalem
280 1243 105 36 sunt
346 1243 237 36 compossibilia,
544 1243 92 36 non
596 1243 132 36 habent
675 1243 53 36 ad

159 1277 160 39 inuicem
276 1277 248 39 repugnantiam:
480 1277 131 39 Fides
568 1277 73 39 &
582 1277 146 39 scientia

164 1309 112 39 sunt
234 1309 196 39 hniusmodi,
388 1309 112 39 ergo
458 1309 98 39 &c.
514 1309 126 39 Maior
598 1309 98 39 est
640 1309 84 39 nota

166 1342 115 42 Minor
243 1342 154 42 probatur
358 1342 77 42 ab
397 1342 90 42 eis
448 1342 192 42 dupliciter,
602 1342 115 42 primo
666 1342 64 42 per

164 1375 225 52 experientiam,
349 1375 93 52 nam
402 1375 79 52 si
441 1375 106 52 quis
507 1375 132 52 audiat
600 1375 79 52 ab
626 1375 106 52 aliquo

170 1411 149 45 perito,
279 1411 95 45 cui
333 1411 162 45 adhibeat
455 1411 135 45 Fidem,
549 1411 108 45 quod
617 1411 108 45 Cuna
671 1411 68 45 est

175 1445 108 37 Maior
247 1445 120 37 terra,
330 1445 96 37 tunc
390 1445 167 37 adhaerebit
522 1445 96 37 isti
582 1445 143 37 veritati
677 1445 60 37 per

161 1482 130 41 solam
247 1482 144 41 Fidem:
348 1482 86 41 si
391 1482 130 41 autem
478 1482 173 41 processu
593 1482 144 41 temporis

167 1513 170 38 acquirat
294 1513 142 38 medium
394 1513 255 38 demonstratiuum
606 1513 156 38 eiusdem

162 1551 191 39 veritatis,
312 1551 177 39 huiusmodi
448 1551 163 39 assensus
557 1551 177 39 concordabit

170 1580 91 41 cum
222 1580 130 41 primo,
313 1580 91 41 qui
366 1580 104 41 erat
431 1580 91 41 per
483 1580 117 41 solam
548 1580 183 41 auctoritate,

167 1620 105 44 ergo
233 1620 92 44 est
285 1620 210 44 compossibile
456 1620 92 44 cum
495 1620 66 44 eo.

204 1641 108 55 ldem
272 1641 149 55 probant
381 1641 163 55 ratione.
503 1641 136 55 Quando
597 1641 95 55 duo
638 1641 95 55 assen

167 1684 88 39 sus
218 1684 100 39 sunt
280 1684 138 39 eiusdem
380 1684 163 39 rationis,
506 1684 150 39 quicquid
618 1684 88 39 est
656 1684 75 39 com-

173 1719 158 45 possibile
295 1719 85 45 cum
343 1719 97 45 vno,
404 1719 85 45 est
453 1719 110 45 etiam
526 1719 195 45 compossibile
672 1719 61 45 cum

167 1749 117 50 alio:
245 1749 91 50 Sed
297 1749 155 50 assensus
413 1749 91 50 per
465 1749 207 50 auctoritatem
620 1749 117 50 praece-

164 1787 95 37 dens
223 1787 83 37 est
271 1787 131 37 eiusdem
366 1787 142 37 rationis
473 1787 83 37 cum
520 1787 107 37 illo,
592 1787 83 37 qui
639 1787 83 37 est
675 1787 59 37 por

163 1822 240 36 demonstrationem
365 1822 202 36 acquisituas,
529 1822 63 36 &
555 1822 151 36 sequitur
656 1822 88 36 aucto

171 1853 146 39 ritatem
277 1853 226 39 praecedentem;
464 1853 93 39 non
517 1853 106 39 enim
583 1853 146 39 euacuat
676 1853 67 39 il-

176 1886 97 41 lam,
236 1886 85 41 sed
285 1886 170 41 confirmat,
418 1886 61 41 &
442 1886 121 41 facit,
527 1886 73 41 vt
563 1886 145 41 facilius
660 1886 73 41 cre-

177 1923 109 35 datur
250 1923 182 35 auctoritati
396 1923 158 35 dicentis,
517 1923 97 35 ergo
578 1923 97 35 pari
627 1923 109 35 ratione

171 1955 148 41 scientia
281 1955 123 41 clarae
368 1955 148 41 notitiae
478 1955 185 41 confirmabit
614 1955 123 41 rationes

173 1991 143 37 formales
280 1991 119 37 Fidei,
364 1991 95 37 quae
424 1991 95 37 sunt
483 1991 155 37 assentire
591 1991 143 37 auctorita.

168 2025 69 43 ti
203 2025 150 43 dicentis,
319 2025 58 43 &
342 2025 81 43 sic
388 2025 104 43 ratio
458 2025 139 43 formalis
562 2025 162 43 scientiae,
677 2025 58 43 qua

173 2057 92 39 est
225 2057 170 39 assentire
356 2057 92 39 per
409 2057 262 39 demonstrationem,
631 2057 92 39 non
671 2057 65 39 ha-

164 2092 135 56 bebit
254 2092 240 56 repugnantiam
449 2092 105 56 cum
494 2092 60 56 ea

745 171 145 60 Secundo
850 171 79 60 si
890 171 132 60 Fides,
982 171 66 60 &
1008 171 158 60 scientia
1127 171 171 60 adinuicem
1245 171 66 60 op-

752 218 182 46 ponerentur,
897 218 85 46 hoc
946 218 109 46 esset
1018 218 85 46 vel
1067 218 133 46 ratione
1152 218 157 46 obiectorum,

753 255 90 36 vel
805 255 168 36 mediorum,
934 255 90 36 vel
985 255 142 36 actuum,
1089 255 90 36 non
1140 255 142 36 ratione
1231 255 77 36 obie

750 288 139 46 ctorum,
851 288 101 46 quia
914 288 101 46 tunc
977 288 126 46 Fides,
1066 288 63 46 &
1091 288 151 46 scientia
1192 288 113 46 nunquam

744 322 138 42 possent
845 322 113 42 esset
920 322 75 42 de
958 322 113 42 eodem
1034 322 151 42 obiecto,
1147 322 88 42 nec
1197 322 75 42 in
1222 322 88 42 eoden

748 355 145 39 homine,
853 355 92 39 nec
906 355 79 39 in
945 355 171 39 diuersis;
1077 355 105 39 quod
1143 355 92 39 est
1182 355 119 39 falsum;

739 391 113 44 quia
810 391 142 44 eandem
909 391 226 44 conclusionem
1093 391 113 44 scit
1149 391 156 44 Theologus

745 433 87 34 de
788 433 130 34 eodem
875 433 173 34 subiecto
1005 433 101 34 per
1048 433 260 34 demonstrationem,

743 458 111 45 quam
813 458 139 45 credit
910 458 167 45 rusticus
1035 458 97 45 per
1091 458 125 45 Fidem
1160 458 153 45 adhibitam

736 497 135 41 alicui
831 497 149 41 perito:
939 497 95 41 non
993 497 149 41 ratione
1101 497 176 41 mediorum,
1223 497 81 41 quia

744 527 193 37 auctoritas,
898 527 103 37 quae
962 527 90 37 est
1014 527 128 37 medium
1104 527 128 37 Fidei,
1193 527 64 37 &
1206 527 103 37 demon-

747 560 140 47 stratio,
853 560 94 47 quae
911 560 82 47 est
958 560 117 47 medium
1040 560 164 47 scientiae,
1169 560 105 47 saepe
1227 560 82 47 adin-

743 595 113 37 uicem
819 595 175 37 concordant
956 595 125 37 absque
1044 595 100 37 vlla
1107 595 200 37 repugnantia,
1257 595 50 37 vr

740 629 107 44 patet
811 629 71 44 in
847 629 154 44 scientijs
966 629 142 44 humanis:
1073 629 83 44 non
1120 629 131 44 ratione
1203 629 107 44 actuum,

741 667 86 41 nam
790 667 74 41 si
827 667 111 41 actus
901 667 123 41 Fidei,
987 667 62 41 &
1012 667 160 41 scientiae
1135 667 197 41 repugnarent,

747 695 93 44 hoc
800 695 132 44 maxime
892 695 119 44 esset
971 695 145 44 propter
1077 695 198 44 euidentiam,
1236 695 66 44 &
1249 695 66 44 in-

738 735 209 40 euidentiam,
905 735 97 40 hoc
961 735 125 40 autem
1044 735 97 40 non
1100 735 111 40 est,
1170 735 97 40 nam
1212 735 97 40 Fides

749 763 89 41 non
800 763 89 41 est
851 763 178 41 principium
991 763 216 41 ineuidentiae,
1168 763 102 41 quia
1219 763 89 41 licet

744 800 93 44 non
797 800 133 44 faciat
890 800 186 44 euidentiam
1035 800 80 44 de
1075 800 159 44 obiecto,
1195 800 93 44 non
1234 800 80 44 pro-

744 835 101 46 pter
808 835 88 46 hoc
858 835 164 46 sequitur,
984 835 101 46 quod
1048 835 126 46 faciat
1123 835 190 46 ineuidentiam;

746 868 93 37 non
799 868 107 37 enim
866 868 107 37 omne
932 868 133 37 illud,
1026 868 107 37 quod
1093 868 93 37 non
1146 868 120 37 facit
1213 868 93 37 habi-

750 902 108 40 tum,
817 902 121 40 facit
898 902 202 40 priuationem
1059 902 256 40 incompossibilem
1261 902 54 40 ha

745 935 129 36 bitui:
835 935 155 36 alioquin
952 935 155 36 quicquid
1068 935 90 36 non
1119 935 142 36 faceret
1210 935 103 36 visio-

746 970 100 43 nem,
808 970 137 43 faceret
908 970 175 43 caecitatem
1045 970 237 43 incompossibile;
1232 970 75 43 ergo

739 1005 64 35 a
765 1005 128 35 simili
854 1005 90 35 non
906 1005 166 35 obstante,
1034 1005 102 35 quod
1097 1005 115 35 Fides
1174 1005 90 35 non
1213 1005 102 35 faciat

748 1035 175 39 euidentiam
885 1035 175 39 scientiae,
1023 1035 88 39 non
1073 1035 138 39 propter
1173 1035 88 39 hoc
1210 1035 100 39 sequi-

749 1072 105 34 tur,
814 1072 105 34 quod
880 1072 131 34 faciat
972 1072 210 34 ineuidentiam
1129 1072 183 34 incompossibi

745 1102 92 50 lem
797 1102 118 50 sibi;
876 1102 105 50 quia
942 1102 79 50 de
981 1102 92 50 sua
1033 1102 144 50 ratione
1138 1102 92 50 non
1191 1102 105 50 est,
1243 1102 79 50 nisi

744 1140 114 42 quod
815 1140 143 42 faciat
915 1140 171 42 assensum
1043 1140 100 42 per
1086 1140 214 42 auctoritatem.

784 1171 77 46 Si
823 1171 102 46 quis
887 1171 115 46 autem
963 1171 166 46 obijciat,
1091 1171 102 46 quod
1155 1171 128 46 opinio
1232 1171 77 46 repu

750 1209 94 46 gnat
809 1209 165 46 scientiae,
938 1209 82 46 nec
986 1209 118 46 potest
1068 1209 106 46 stare
1139 1209 82 46 cum
1186 1209 82 46 ea,
1233 1209 71 46 vt
1256 1209 59 46 pa-

756 1244 79 41 tet
801 1244 68 41 in
835 1244 91 41 fine
891 1244 102 41 primi
959 1244 102 41 post.
1027 1244 91 41 ergo
1084 1244 79 41 nec
1129 1244 102 41 Fides
1197 1244 79 41 cum
1231 1244 79 41 scien

759 1280 83 41 tia
806 1280 106 41 stare
877 1280 142 41 poterit,
984 1280 95 41 quia
1043 1280 83 41 non
1090 1280 130 41 videtur
1185 1280 95 41 sibi
1232 1280 83 41 magis

746 1310 152 39 opponi.
856 1310 207 39 Respondent,
1022 1310 110 39 quod
1091 1310 96 39 non
1146 1310 96 39 est
1187 1310 124 39 simile,

770 1351 88 38 uia
821 1351 75 38 de
858 1351 138 38 ratione
958 1351 163 38 opinionis
1083 1351 88 38 est
1133 1351 125 38 facere
1208 1351 113 38 opinan-

752 1378 87 41 tem
801 1378 175 41 existimare
939 1378 125 41 aliter
1026 1378 112 41 posse
1101 1378 75 41 se
1139 1378 125 41 habere
1214 1378 87 41 illud

757 1412 75 48 de
795 1412 88 48 quo
845 1412 113 48 habet
920 1412 175 48 opinionem,
1058 1412 88 48 sed
1108 1412 150 48 scientia
1220 1412 63 48 e
1233 1412 75 48 con-

756 1444 124 43 trario
843 1444 112 43 facit
917 1444 174 43 existimare
1054 1444 149 43 scientes
1153 1444 162 43 impossibile

759 1482 90 50 esse
815 1482 112 50 aliter
894 1482 67 50 se
927 1482 112 50 habere
1006 1482 112 50 illud,
1084 1482 67 50 de
1118 1482 79 50 quo
1163 1482 79 50 est
1197 1482 112 50 icuentia

757 1513 170 41 Quapropter
890 1513 97 41 illa
951 1513 97 41 sunt
1012 1513 158 41 opposita,
1133 1513 97 41 haec
1194 1513 97 41 vero
1242 1513 73 41 nonn

758 1553 71 36 si
794 1553 107 36 autem
865 1553 71 36 de
901 1553 131 36 ratione
996 1553 155 36 opinionis
1115 1553 107 36 esset
1186 1553 119 36 facere
1258 1553 59 36 so-

753 1581 95 37 lum
808 1581 176 37 assentire
943 1581 95 37 per
998 1581 136 37 medium
1092 1581 190 37 probabile,
1228 1581 95 37 quem-

758 1622 146 40 admodum
864 1622 119 40 Fides
943 1622 93 40 per
997 1622 212 40 auctoritatem
1169 1622 172 40 dicentis,

760 1650 110 40 tunc
829 1650 124 40 sicut
911 1650 124 40 Fides
994 1650 96 40 non
1049 1650 124 40 habet
1131 1650 220 40 repugnantiam

759 1683 87 42 cum
808 1683 161 42 scientia,
932 1683 87 42 ita
982 1683 87 42 nec
1032 1683 124 42 opinio
1118 1683 174 42 includeret
1243 1683 74 42 ali-

765 1719 99 43 quid
826 1719 172 43 repugnans,
962 1719 62 43 &
986 1719 123 43 posset
1073 1719 111 43 stare
1147 1719 86 43 cum
1184 1719 136 43 scientia.

797 1751 155 45 Vlterius
913 1751 77 45 si
952 1751 193 45 obiiciatur,
1106 1751 103 45 quod
1171 1751 116 45 Fides
1235 1751 90 45 rema-

759 1785 114 42 neret
836 1785 76 42 in
874 1785 140 42 patria,
976 1785 102 42 quod
1039 1785 89 42 est
1090 1785 127 42 contra
1166 1785 153 42 Apostolum;

758 1820 144 42 dicunt,
863 1820 105 42 quod
928 1820 144 42 quantum
1033 1820 79 42 ad
1073 1820 131 42 illud,
1165 1820 105 42 quod
1230 1820 92 42 est
1270 1820 52 42 im

770 1853 199 42 perfectionis
931 1853 75 42 in
968 1853 87 42 ea,
1018 1853 99 42 puta
1080 1853 137 42 aenigma
1180 1853 99 42 quod
1242 1853 112 42 ipsam

757 1896 231 34 concomitatur,
947 1896 95 34 non
1002 1896 163 34 remanet,
1124 1896 95 34 sed
1164 1896 163 34 euacuatur;

763 1924 146 50 quantum
869 1924 107 50 vero
936 1924 80 50 ad
976 1924 120 50 illud
1056 1924 107 50 quod
1122 1924 93 50 est
1176 1924 80 50 de
1202 1924 120 50 ratione

757 1955 142 47 habitus
861 1955 129 47 Fidei,
951 1955 129 47 manere
1029 1955 116 47 potest.

791 1984 128 44 lsta
871 1984 160 44 opinio
983 1984 176 44 deficit
1110 1984 96 44 in
1142 1984 160 44 quatuor.

789 2022 124 43 Primo
872 2022 110 43 quia
940 2022 137 43 dicit,
1037 2022 110 43 quod
1105 2022 151 43 aenigma
1201 2022 124 43 concom-

758 2056 143 44 mitatur
862 2056 130 44 Fidem,
953 2056 65 44 &
979 2056 91 44 non
1031 2056 91 44 est
1082 2056 78 44 de
1121 2056 182 44 intrinseca
1251 2056 65 44 ra-

757 2093 112 51 tione
831 2093 137 51 ipsius,
931 2093 100 51 quod
993 2093 87 51 est
1043 2093 137 51 falsum,
1142 2093 87 51 tum
1192 2093 100 51 quia
1242 2093 87 51 seque
