1500 2355
129 167 194 59 indiuiduum
282 167 83 59 in
323 167 111 59 omni
392 167 139 59 natura
489 167 97 59 est
545 167 125 59 nomen
614 167 97 59 secun

129 217 96 39 dae
184 217 220 39 intentionis,
363 217 69 39 &
390 217 96 39 non
445 217 124 39 nomen
527 217 110 39 rei,
596 217 110 39 ergo
651 217 55 39 &c

134 252 126 41 Maior
218 252 140 41 patet;
316 252 154 41 Minorem
429 252 140 41 probo,
527 252 112 41 quia
583 252 126 41 indiui-

137 287 122 46 duum,
219 287 68 46 &
246 287 176 46 singulare
381 287 189 46 opponuntur
529 287 108 46 ipsi
583 287 122 46 vniuer-

132 322 114 41 sali,
209 322 89 41 sed
259 322 178 41 vniuersale
399 322 89 41 est
450 322 114 41 nomen
526 322 153 41 secundae
628 322 89 41 inten

135 363 148 40 tionis,
242 363 81 40 vt
282 363 121 40 omnes
363 363 188 40 concedunt,
511 363 107 40 ergo
578 363 67 40 &
591 363 121 40 indiui-

129 391 128 45 duum,
214 391 71 45 &
243 391 100 45 per
299 391 199 45 consequens
456 391 171 45 persona:
570 391 142 45 sequitur

137 425 129 45 ergo,
223 425 115 45 quod
295 425 129 45 nomen
381 425 172 45 personae
510 425 101 45 non
567 425 129 45 solum
639 425 72 45 sit

137 452 118 52 nomen
216 452 210 52 intentionis,
386 452 92 52 sed
439 452 197 52 intentionis
583 452 131 52 secudae.

193 492 104 49 T
235 492 270 49 OPPOSITVM
422 492 208 49 ARGVITVI

190 531 106 41 Llud
256 531 132 41 nomen,
349 531 119 41 cuius
428 531 198 41 significato
573 531 146 41 attribui-

144 563 91 46 tur
196 563 143 46 aliquis
300 563 117 46 actus
378 563 143 46 realis,
483 563 91 46 est
535 563 117 46 nomen
613 563 104 46 rei,
678 563 65 46 &

138 600 91 34 non
190 600 209 34 intentionis,
360 600 104 34 quia
425 600 183 34 intentioni
568 600 91 34 non
608 600 104 34 attri-

131 633 123 44 buitur
217 633 135 44 aliquis
315 633 110 44 actus
388 633 135 44 realis;
486 633 86 44 sed
535 633 184 44 significato
670 633 49 44 hu

135 665 84 39 ius
183 665 132 39 nominis
279 665 145 39 personae
388 665 181 39 attribuitur
532 665 108 39 actus
605 665 132 39 realis.

136 703 108 47 quia
204 703 163 47 dicimus,
326 703 108 47 quod
394 703 149 47 persona
502 703 81 47 in
543 703 149 47 diuinis
638 703 81 47 gene

120 736 167 47 rat,
224 736 104 47 &
266 736 146 47 non
329 736 229 47 essentia.

175 769 66 46 2
201 769 118 46 Illud
280 769 144 46 videtur
385 769 105 46 esse
450 769 118 46 nomen
529 769 105 46 rei,
594 769 66 46 &
620 769 92 46 non
660 769 52 46 in

137 807 178 43 tentionis,
277 807 114 43 cuius
353 807 203 43 significatum
518 807 140 43 recipit
619 807 127 43 realem

138 841 206 46 pluralitatem
305 841 77 46 in
344 841 154 46 diuinis,
460 841 116 46 talis
537 841 116 46 autem
614 841 90 46 est
653 841 64 46 no-

135 875 89 46 men
186 875 165 46 personae,
313 875 102 46 quia
377 875 76 46 in
415 875 140 46 diuinis
517 875 89 46 est
567 875 127 46 realis
644 875 76 46 plu-

138 909 151 49 ralitas
248 909 206 49 personarum:
413 909 110 49 ergo
467 909 69 49 &c.

166 943 259 47 RESPONDEO:
370 943 111 47 In
426 943 148 47 ista
500 943 222 47 quaestione

125 979 208 50 tria
255 979 208 50 sunt
359 979 260 50 videnda.

174 1018 74 45 1
204 1018 89 45 An
248 1018 133 45 nomen
337 1018 192 45 personae,
485 1018 118 45 siue
544 1018 177 45 quodcunque

134 1053 123 45 aliud
216 1053 123 45 nomen
298 1053 205 45 generaliter
462 1053 178 45 imponatur
599 1053 82 45 ad
626 1053 96 45 signi

140 1084 150 45 ficandum
253 1084 188 45 intentionem
404 1084 88 45 rei
454 1084 201 45 intellectae,
617 1084 88 45 vel
654 1084 63 45 ip-

128 1118 153 50 sam
215 1118 153 50 rem
281 1118 305 50 intellectam.

168 1159 72 43 2
196 1159 87 43 An
240 1159 130 43 prima
327 1159 188 43 intentio,
472 1159 72 43 &
501 1159 159 43 secunda
602 1159 116 43 cadant

138 1190 124 48 super
221 1190 138 48 eandem
318 1190 97 48 rem
373 1190 221 48 intellectam,
552 1190 69 48 &
580 1190 97 48 per
621 1190 97 48 conse

141 1226 141 48 quens,
240 1226 127 48 vtrum
324 1226 99 48 sit
381 1226 127 48 vnum,
465 1226 71 48 &
493 1226 113 48 idem
564 1226 127 48 nomen
634 1226 85 48 quod

135 1259 205 48 imponitur
293 1259 189 48 secundum
419 1259 174 48 vtramque.

179 1291 69 50 3
207 1291 82 50 An
248 1291 96 50 hoc
303 1291 124 50 nomen
385 1291 165 50 persona,
509 1291 96 50 sit
564 1291 124 50 nomen
633 1291 82 50 pri-

142 1327 96 49 mae,
202 1327 84 49 vel
250 1327 144 49 secundae
358 1327 192 49 intentionis,
514 1327 96 49 siue
574 1327 84 49 sit
610 1327 108 49 imposi-

145 1362 102 47 tum
204 1362 175 47 secundum
335 1362 146 47 primam
437 1362 233 47 intentionem,
627 1362 102 47 vel
671 1362 58 47 se

123 1396 157 56 cundam.

202 1461 327 56 ARTICVLVS
428 1461 226 56 PRIMVS.

144 1533 122 45 Vtrum
226 1533 122 45 nomen
308 1533 177 45 personae,
444 1533 109 45 siue
511 1533 177 45 quodlibet
634 1533 95 45 aliud

179 1570 134 49 nomen
268 1570 178 49 generale
402 1570 193 49 imponatur
550 1570 89 49 ad
580 1570 119 49 signan

199 1607 91 43 dum
251 1607 195 43 intentionem
407 1607 91 43 rei
460 1607 208 43 intellectae,
616 1607 65 43 vel

281 1638 122 49 ipsam
363 1638 95 49 rem
403 1638 190 49 intellectam.

179 1746 90 50 Ro
224 1746 105 50 quo
284 1746 150 50 quidam
389 1746 165 50 dicunt,
510 1746 120 50 quod
585 1746 120 50 omne
645 1746 75 50 non

176 1780 101 45 men
234 1780 188 45 imponitur
379 1780 87 45 ad
422 1780 246 45 significandum
610 1780 116 45 primam

155 1818 224 42 intentionem,
337 1818 98 42 vel
393 1818 182 42 secundam:
533 1818 98 42 nam
589 1818 126 42 etiam
659 1818 70 42 da-

153 1853 95 43 to,
208 1853 108 43 quod
275 1853 190 43 significet
425 1853 95 43 rem
479 1853 122 43 extra
560 1853 149 43 animam,
655 1853 68 43 non

152 1886 126 42 tamen
236 1886 196 42 significat
390 1886 112 42 eam,
459 1886 112 42 nisi
529 1886 168 42 secundum
641 1886 84 42 quod

146 1919 126 38 habet
230 1919 112 38 esse
300 1919 238 38 intentionale,
496 1919 70 38 &
524 1919 112 38 esse
580 1919 154 38 conceptum

157 1954 80 44 in
197 1954 133 44 anima,
290 1954 106 44 siue
356 1954 93 44 per
409 1954 146 44 primam,
515 1954 106 44 siue
582 1954 93 44 per
622 1954 106 44 secun-

146 1990 96 37 dam
201 1990 219 37 intentionem,
379 1990 69 37 &
407 1990 110 37 quod
475 1990 96 37 ita
530 1990 96 37 sit
585 1990 151 37 probant
681 1990 55 37 ta

145 2026 79 42 li
184 2026 157 42 ratione.
302 2026 79 42 Si
342 2026 144 42 aliquod
447 2026 118 42 nomen
525 2026 210 42 significaret
683 2026 52 42 re

152 2056 125 39 extra
236 2056 139 39 animam
333 2056 167 39 secundum
458 2056 111 39 esse
528 2056 139 39 reale,
626 2056 111 39 quod
681 2056 56 39 ha

149 2093 89 42 bet
200 2093 76 42 in
238 2093 127 42 seipsa
327 2093 190 42 sequeretur,
479 2093 101 42 quod
542 2093 76 42 ea
580 2093 152 42 corrupta
681 2093 51 42 se

152 2130 154 53 cundum
259 2130 139 53 talem
352 2130 200 53 essentiam
506 2130 139 53 nomen
583 2130 154 53 perderet

724 169 109 60 suam
792 169 272 60 significationem,
1024 169 109 60 quod
1092 169 136 60 nullus
1174 169 136 60 diceret,

738 214 209 47 Consequentia
908 214 91 47 est
960 214 118 47 nota:
1039 214 183 47 Falsitatem
1182 214 157 47 probant,

737 249 106 46 quia
803 249 159 46 corrupto
923 249 133 46 Sorte,
1016 249 93 46 vel
1069 249 146 46 Platone
1175 249 120 46 adhuc
1242 249 66 46 ma-

725 287 97 45 net
781 287 223 45 significatio
962 287 125 45 horum
1045 287 167 45 nominum,
1171 287 84 45 de
1199 287 111 45 quibus

732 319 179 49 nominibus
870 319 138 49 maxime
967 319 152 49 videtur
1077 319 110 49 quod
1133 319 179 49 significent

733 356 96 38 rem
788 356 165 38 secundum
912 356 110 38 esse
980 356 137 38 reale,
1077 356 110 38 quod
1145 356 124 38 habet
1214 356 96 38 extra

729 388 146 44 animam,
835 388 79 44 si
874 388 106 44 ergo
940 388 119 44 dicta
1020 388 132 44 nomina
1113 388 93 44 non
1152 388 159 44 significet

729 425 117 43 rem,
803 425 103 43 sed
861 425 235 43 intentionem,
1052 425 132 43 multo
1140 425 132 43 minus
1213 425 103 43 quae-

740 461 109 42 cunque
817 461 98 42 alia.

761 493 111 44 lste
831 493 125 44 autem
914 493 125 44 modus
997 493 153 44 dicendi
1109 493 97 44 non
1164 493 139 44 potest
1248 493 69 44 sta

738 530 78 37 re
777 530 169 37 quocunque
907 530 104 37 modo
972 530 221 37 intelligatur,
1153 530 78 37 si
1192 530 104 37 enim
1244 530 65 37 in-

730 564 177 44 telligant,
870 564 101 44 quod
933 564 114 44 nomen
1009 564 177 44 significet
1135 564 165 44 intentionem

729 599 115 40 sicut
806 599 115 40 magis
883 599 154 40 videntur
998 599 128 40 sonare
1088 599 115 40 verba
1165 599 128 40 eorum,
1242 599 64 40 hoc

730 631 93 41 est
783 631 133 41 omnino
876 631 226 41 irrationabile
1062 631 146 41 propter
1169 631 146 41 quatuor
1262 631 53 41 in

733 666 236 49 conuenientia,
927 666 111 49 quae
996 666 111 49 inde
1066 666 194 49 sequuntur:
1218 666 97 49 nam
1260 666 55 49 po

731 706 112 45 sito
801 706 112 45 quod
871 706 112 45 omne
941 706 126 45 nomen
1025 706 196 45 significet
1164 706 154 45 intentio-

737 743 97 36 nem,
798 743 85 36 cum
846 743 109 36 omnis
919 743 146 36 scientia
1028 743 85 36 sit
1076 743 73 36 de
1113 743 194 36 significatis
1258 743 61 36 non

740 772 143 48 minum;
840 772 129 48 Primo
926 772 172 48 sequitur
1055 772 115 48 quod
1127 772 129 48 omnis
1198 772 115 48 scien-

734 810 90 44 tia
786 810 90 44 sit
837 810 77 44 de
876 810 232 44 intentionibus;
1069 810 142 44 Secundo
1159 810 142 44 sequitur,

743 848 110 43 quod
812 848 124 43 nomen
895 848 234 43 definitionis,
1087 848 69 43 &
1115 848 124 43 nomen
1183 848 124 43 defini-

736 881 82 42 ti
777 881 95 42 non
832 881 231 42 fignificabunt
1022 881 136 42 eandem
1117 881 109 42 rem,
1186 881 109 42 quod
1240 881 68 42 nu-

741 911 93 46 lus
794 911 159 46 diceret,
913 911 225 46 Consequentiam
1099 911 133 46 probo,
1192 911 106 46 quia
1245 911 66 46 in-

737 948 130 37 tentio
828 948 220 37 definitionis,
1009 948 91 37 cum
1061 948 91 37 non
1113 948 91 37 sit
1165 948 130 37 aliud,
1242 948 78 37 quam

738 986 169 35 conceptus
868 986 130 35 mentis
959 986 195 35 explicitus,
1114 986 91 35 non
1166 986 130 35 potest
1244 986 78 35 esse

740 1014 104 44 idem
805 1014 91 44 cum
857 1014 182 44 intentione
1000 1014 169 44 definiti,
1129 1014 104 44 quae
1194 1014 91 44 est
1233 1014 78 44 con-

745 1049 135 46 ceptus
839 1049 135 46 mentis
933 1049 202 46 implicitus:
1094 1049 188 46 quapropter
1229 1049 94 46 erunt

738 1083 163 45 abinuicem
864 1083 175 45 distinctae
1002 1083 163 45 realiter,
1127 1083 63 45 &
1152 1083 88 45 sic
1190 1083 125 45 praefata

742 1120 89 46 duo
793 1120 128 46 nomina
883 1120 204 46 significabut
1049 1120 102 46 duas
1113 1120 89 46 res
1151 1120 166 46 distinctas;

739 1156 128 42 Tertio
829 1156 167 42 sequitur,
957 1156 103 42 quod
1022 1156 205 42 significatum
1189 1156 154 42 generis,

745 1188 62 39 &
769 1188 148 39 speciei,
881 1188 62 39 &
905 1188 111 39 etiam
979 1188 198 39 differentiae
1140 1188 99 39 sint
1202 1188 99 39 tres
1251 1188 62 39 res

741 1221 147 41 realiter
851 1221 184 41 distinctae,
998 1221 98 41 quod
1059 1221 86 41 est
1108 1221 135 41 falsum,
1206 1221 98 41 quia
1255 1221 61 41 vi-

738 1260 127 46 demus,
827 1260 102 46 quod
891 1260 203 46 significatio
1056 1260 140 46 generis
1145 1260 165 46 praedicatur

738 1294 74 35 de
775 1294 185 35 significato
922 1294 135 35 speciei
1021 1294 209 35 essentialiter
1181 1294 135 35 praedica-

741 1329 122 39 tione
822 1329 149 39 dicente
930 1329 95 39 hoc
984 1329 95 39 est
1038 1329 108 39 hoc:
1105 1329 216 39 Consequentia
1267 1329 54 39 ap

741 1367 138 44 paret,
838 1367 111 44 quia
907 1367 97 44 non
962 1367 97 44 est
1018 1367 152 44 dubium,
1128 1367 111 44 quod
1184 1367 138 44 intentio

736 1406 153 39 generis
847 1406 97 39 non
903 1406 97 39 est
959 1406 139 39 aliud,
1056 1406 111 39 quam
1125 1406 181 39 conceptus
1250 1406 70 39 men

743 1431 83 51 tis
791 1431 154 51 confusus,
909 1431 59 51 &
933 1431 166 51 partialis;
1064 1431 142 51 intentio
1171 1431 95 51 vero
1218 1431 95 51 diffe-

744 1474 142 40 rentiae
848 1474 91 40 est
899 1474 168 40 conceptus
1029 1474 129 40 mentis
1119 1474 220 40 determinatus,

745 1508 62 42 &
769 1508 173 42 partialis:
905 1508 74 42 At
942 1508 148 42 intentio
1053 1508 136 42 speciei
1151 1508 86 42 est
1188 1508 136 42 conceptus

741 1539 133 48 mentis
834 1539 227 48 determinatus,
1021 1539 67 48 &
1047 1539 160 48 totalis;
1154 1539 160 48 quapropter

740 1573 172 43 sequitur,
872 1573 106 43 quod
938 1573 132 43 dictae
1030 1573 106 43 tres
1096 1573 198 43 intentiones
1255 1573 92 43 non

749 1608 131 43 possint
845 1608 95 43 esse
904 1608 84 43 vna
952 1608 95 43 res,
1012 1608 84 43 sed
1059 1608 107 43 erunt
1131 1608 167 43 necessario
1250 1608 72 43 tres

746 1646 87 42 res
795 1646 148 42 realiter
906 1646 186 42 distinctae;
1055 1646 124 42 Quarto
1141 1646 161 42 sequitur,
1253 1646 74 42 quod

738 1676 125 47 omnis
822 1676 153 47 formata
933 1676 195 47 enunciatio
1086 1676 97 47 per
1128 1676 195 47 intellectum,

747 1716 90 44 vel
798 1716 103 44 erit
863 1716 192 44 simpliciter
1016 1716 77 44 de
1055 1716 218 44 intentionibus
1234 1716 64 44 &
1247 1716 77 44 nul-

743 1749 76 44 lo
781 1749 101 44 modo
844 1749 76 44 de
882 1749 126 44 rebus,
970 1749 88 44 uel
1021 1749 126 44 saltem
1109 1749 214 44 principaliter
1273 1749 50 44 de

742 1786 232 41 intentionibus,
936 1786 103 41 quod
1000 1786 90 41 est
1052 1786 142 41 falsum,
1155 1786 103 41 quia
1220 1786 103 41 tunc
1271 1786 52 41 o-

745 1820 102 40 mnis
809 1820 178 40 proportio,
949 1820 76 40 in
987 1820 89 40 qua
1038 1820 216 40 praedicaretur
1203 1820 115 40 aliquid

750 1853 72 37 de
786 1853 119 37 aliquo
869 1853 215 37 essentialiter,
1048 1853 84 37 vel
1096 1853 179 37 formaliter,
1239 1853 84 37 vel
1275 1853 48 37 de

745 1893 187 38 nominatiue,
894 1893 112 38 esset
969 1893 125 38 falsa:
1056 1893 87 38 nam
1106 1893 87 38 vna
1156 1893 150 38 intentio
1256 1893 62 38 non

756 1922 116 36 potest
838 1922 163 36 praedicari
965 1922 70 36 de
1000 1922 128 36 altera,
1093 1922 81 36 nec
1128 1922 174 36 essentialiter

746 1959 95 42 nec
801 1959 203 42 formaliter,
963 1959 95 42 nec
1017 1959 122 42 etiam
1098 1959 230 42 denominatiue,
1274 1959 54 42 vt

751 1988 197 48 manifestum
892 1988 84 48 est.

775 2031 90 43 Si
820 2031 135 43 autem
910 2031 224 43 intelligant
1089 2031 120 43 quod
1164 2031 120 43 omne
1223 2031 105 43 nomen

751 2058 183 47 significet
894 2058 209 47 intentionem,
1064 2058 117 47 idest
1142 2058 117 47 ipsam
1221 2058 91 47 rem
1260 2058 65 47 in-

749 2095 163 37 tellectam
875 2095 113 37 prout
950 2095 113 37 habet
1025 2095 88 37 for
1075 2095 138 37 maliter
1176 2095 100 37 esse
1226 2095 100 37 inten-

748 2131 170 51 tionale,
876 2131 71 51 &
904 2131 114 51 esse
975 2131 185 51 conceptum
1117 2131 85 51 in
1146 2131 170 51 intentione
