1500 2283
203 169 91 42 Nec
255 169 144 42 obstat,
360 169 104 42 quod
425 169 78 42 ex
464 169 183 42 priuatiuis
608 169 91 42 non
647 169 78 42 pos-

169 200 86 44 sit
218 200 160 44 constitui
341 200 136 44 aliquid
440 200 172 44 positiuum,
575 200 99 44 quia
637 200 86 44 hoc
674 200 49 44 v-

171 233 103 43 tique
239 233 103 43 esset
308 233 103 43 verum
377 233 69 43 si
412 233 115 43 essent
492 233 92 43 pure
550 233 161 43 priuatiua,
665 233 57 43 vel

165 269 237 47 constitueretur
362 269 79 47 ex
402 269 92 47 eis
455 269 119 47 solum
534 269 158 47 secundum
639 269 79 47 quoc

172 305 107 36 sunt
238 305 187 36 priuatiua.
385 305 107 36 Nunc
451 305 120 36 autem
531 305 173 36 multitudo
651 305 67 36 con

170 335 164 38 stituitur
296 335 76 38 ex
334 335 189 38 vnitatibus,
486 335 88 38 non
536 335 113 38 solum
599 335 126 38 secundum

170 372 120 38 illud,
254 372 96 38 quod
314 372 96 38 sunt
374 372 156 38 priuatiue
495 372 180 38 formaliter,
639 372 84 38 sed
675 372 48 38 et

168 407 160 38 secundum
288 407 134 38 illud,
381 407 107 38 quod
448 407 107 38 sunt
515 407 160 38 positiue
622 407 93 38 funda

179 436 186 36 mentaliter.
328 436 87 36 Nec
377 436 112 36 etiam
452 436 137 36 obstat,
551 436 99 36 quod
601 436 124 36 vnitates

170 471 191 40 constituant
323 471 76 40 in
361 471 166 40 abstracto
489 471 217 40 multitudinem;
655 471 76 40 Quia

173 501 147 44 nunquam
279 501 93 44 sic
333 501 147 44 possunt
440 501 134 44 accipi
533 501 80 44 in
560 501 160 44 abstracto,

175 539 111 41 quin
244 539 138 41 debeat
341 539 180 41 intelligi
479 539 111 41 suum
534 539 180 41 fundamentum

207 567 79 43 Ad
246 567 146 43 quartam
352 567 185 43 respondeo,
498 567 106 43 quod
564 567 79 43 si
591 567 132 43 loquamur

177 603 76 38 de
215 603 202 38 multitudine,
379 603 101 38 quam
442 603 151 38 vnitates
543 603 177 38 constituunt,

172 642 84 38 sic
220 642 108 38 Maior
292 642 84 38 est
340 642 120 38 falsa,
424 642 96 38 quia
484 642 72 38 si
520 642 96 38 isto
580 642 96 38 modo
628 642 96 38 vnitas

170 670 106 44 esset
241 670 165 44 perfectior
370 670 188 44 multitudine,
523 670 176 44 sequeretur,
652 670 71 44 quod

175 703 91 40 pars
231 703 102 40 esset
300 703 159 40 perfectior
425 703 102 40 toto,
493 703 91 40 quod
550 703 102 40 patet
618 703 91 40 esse
663 703 57 40 fal

169 734 102 46 sum.
233 734 77 46 Si
272 734 102 46 vero
336 734 154 46 loquamur
451 734 77 46 de
489 734 205 46 multitudine,
643 734 77 46 quam

172 771 114 35 vnitas
251 771 125 35 tollit,
342 771 80 35 sic
388 771 80 35 est
433 771 114 35 verum;
513 771 68 35 Et
547 771 91 35 tunc
604 771 80 35 est
638 771 80 35 dice-

169 804 99 44 dum,
230 804 99 44 quod
292 804 87 44 est
342 804 173 44 perfectior
478 804 185 44 multitudine
626 804 87 44 non
663 804 62 44 ra-

172 833 113 45 tione
248 833 188 45 negationis,
398 833 100 45 quae
460 833 88 45 per
510 833 113 45 ipsam
573 833 150 45 formaliter

165 872 188 40 importatur,
316 872 88 40 sed
366 872 138 40 ratione
467 872 213 40 perfectionis,
643 872 63 40 a
655 872 63 40 qua

166 901 253 44 fundamentaliter
365 901 120 44 oritur.

206 932 69 40 Ex
241 932 116 40 quibus
322 932 127 40 omnibus
414 932 185 40 sufficienter
565 932 173 40 colligitur,

165 968 106 40 quod
231 968 120 40 vnum,
311 968 106 40 quod
377 968 199 40 conuertitur
537 968 93 40 cum
590 968 120 40 ente,
657 968 66 40 non

167 1000 109 43 addit
239 1000 133 43 aliquam
336 1000 205 43 dispositionem
505 1000 109 43 supra
577 1000 97 43 ens,
638 1000 109 43 sicut

168 1035 136 42 posuit
264 1035 177 42 Auicenna,
400 1035 123 42 cuius
482 1035 177 42 opinionem
604 1035 123 42 recitat

173 1068 107 35 Com.
239 1068 80 35 4.
279 1068 133 35 metaph
373 1068 107 35 com.
439 1068 80 35 3.
479 1068 173 35 Mouebatur
612 1068 107 35 enim
666 1068 53 35 ad

174 1100 89 43 hoc
225 1100 165 43 dicendum,
352 1100 102 43 Tum,
416 1100 102 43 quia
479 1100 127 43 siinon
568 1100 140 43 adderet
657 1100 64 43 ali

166 1135 108 44 quam
234 1135 230 44 dispositionem
424 1135 217 44 comitteretur
586 1135 122 44 nugatio

169 1170 152 40 dicendo
280 1170 97 40 ens
335 1170 97 40 est
390 1170 124 40 vnum,
473 1170 207 40 quemadmodum
624 1170 97 40 dice-

165 1204 81 33 do
206 1204 95 33 ens
260 1204 95 33 est
314 1204 108 33 ens;
382 1204 108 33 Tum,
450 1204 108 33 quia
517 1204 95 33 hoc
571 1204 122 33 nomen
639 1204 81 33 vnum

166 1232 149 49 videtur
274 1232 108 49 esse
341 1232 81 49 de
382 1232 135 49 genere
476 1232 149 49 nominum
571 1232 149 49 denomina-

170 1265 145 39 tiuorum,
279 1265 97 39 quae
339 1265 121 39 sirmul
423 1265 181 39 significant
568 1265 157 39 accidens,
689 1265 60 39 &

174 1303 231 39 substantiam,
362 1303 217 39 quemadmodum
535 1303 145 39 album,
636 1303 72 39 &
651 1303 72 39 ni-

165 1331 126 47 grum,
249 1331 112 47 Tum,
318 1331 112 47 quia
388 1331 167 47 credidit
514 1331 181 47 Auicenna,
639 1331 84 47 quod

170 1367 112 37 vnum,
244 1367 100 37 quod
307 1367 187 37 conuertitur
456 1367 87 37 cum
506 1367 112 37 ente,
581 1367 112 37 esset
643 1367 75 37 idem

171 1403 97 36 cum
226 1403 110 36 vno,
295 1403 110 36 quod
364 1403 97 36 est
420 1403 193 36 principium
571 1403 152 36 numeri,
682 1403 69 36 &

173 1434 86 42 cum
222 1434 135 42 numerus
320 1434 86 42 sit
370 1434 160 42 accidens,
493 1434 98 42 quia
554 1434 86 42 est
603 1434 74 42 de
628 1434 86 42 gene-

171 1474 75 39 re
209 1474 200 39 quantitatis,
372 1474 138 39 idcirco
472 1474 63 39 &
497 1474 100 39 tale
559 1474 100 39 vnum
609 1474 113 39 videtur

167 1499 98 46 esse
228 1499 160 46 accidens,
351 1499 61 46 &
375 1499 86 46 per
424 1499 172 46 consequens
559 1499 147 46 importat
658 1499 61 46 por

170 1536 164 41 fectionem
296 1536 202 41 superadditam
460 1536 101 41 rei,
523 1536 76 41 de
561 1536 88 41 qua
599 1536 126 41 dicitur.

204 1568 119 40 Comm,
283 1568 119 40 autem
362 1568 132 40 arguit
455 1568 132 40 contra
547 1568 106 40 eum,
613 1568 106 40 quia
666 1568 53 40 si

178 1600 107 39 vnum
244 1600 187 39 importaret
391 1600 227 39 dispositionem
565 1600 160 39 superaddi-

170 1629 85 40 tam
219 1629 98 40 rei,
280 1629 73 40 de
316 1629 85 40 qua
365 1629 146 40 dicitur,
475 1629 98 40 tunc
536 1629 159 40 quaeratur
658 1629 73 40 de
682 1629 49 40 il

172 1664 67 43 la
205 1664 180 43 dispositone,
351 1664 67 43 an
385 1664 79 43 sit
430 1664 79 43 vna
475 1664 79 43 per
520 1664 135 43 seipsam,
621 1664 79 43 vel
655 1664 67 43 pero

169 1697 112 52 aliam
243 1697 212 52 dispositionem
418 1697 150 52 additam:
531 1697 75 52 si
568 1697 137 52 dicatur
656 1697 62 52 per

175 1731 144 42 seipsam,
283 1731 96 42 pari
343 1731 132 42 ratione
439 1731 132 42 poterat
535 1731 96 42 dici
595 1731 72 42 in
619 1731 108 42 princi-

170 1765 102 46 pio,
234 1765 102 46 quia
298 1765 89 46 res
349 1765 115 46 illa,
425 1765 76 46 de
463 1765 89 46 qua
514 1765 166 46 dicebatur
629 1765 76 46 vnum

173 1803 97 38 erat
233 1803 85 38 vna
282 1803 85 38 per
330 1803 145 38 seipsam,
439 1803 73 38 si
475 1803 97 38 vero
536 1803 133 38 dicatur
632 1803 85 38 vna
669 1803 60 38 per

170 1831 142 45 aliquam
273 1831 219 45 dispositionem
454 1831 155 45 additam,
570 1831 103 45 tunc
622 1831 103 45 iterum

174 1864 116 46 eodem
252 1864 103 46 modo
316 1864 116 46 petam
394 1864 78 46 de
433 1864 116 46 illa,
510 1864 65 46 &
536 1864 91 46 per
575 1864 155 46 consequens

176 1902 94 38 erit
235 1902 153 38 processus
353 1902 71 38 in
389 1902 153 38 infinitum
507 1902 71 38 in
542 1902 130 38 talibus
625 1902 94 38 dispos

179 1929 139 37 tionibus
284 1929 139 37 additis.
388 1929 150 37 Praeterea
503 1929 116 37 illud,
584 1929 93 37 quod
642 1929 69 37 in
665 1929 58 37 suo

182 1966 189 39 significato
334 1966 139 39 formali
435 1966 114 39 dicit
510 1966 202 39 priuationem,
662 1966 63 39 non

172 1997 112 37 addit
246 1997 137 37 aliquam
346 1997 212 37 dispositionem
521 1997 112 37 supra
595 1997 125 37 illud,
670 1997 50 37 de

176 2029 96 47 quo
231 2029 165 47 dicitur,
355 2029 96 47 sed
409 2029 123 47 vnum,
492 2029 110 47 quod
547 2029 178 47 conuertitur

742 161 87 54 cum
791 161 112 54 ente,
866 161 87 54 est
915 161 174 54 huiusmodi,
1052 161 74 54 vt
1089 161 112 54 patet
1164 161 74 54 ex
1188 161 112 54 superio

739 202 110 45 ribus
812 202 135 45 dictis,
910 202 98 45 ergo
959 202 61 45 &c.

778 235 117 43 Arguo
856 235 130 43 tandem
947 235 130 43 contra
1038 235 104 43 eum,
1102 235 104 43 quia
1167 235 117 43 talis
1232 235 65 43 di-

742 271 131 36 sposito
837 271 95 36 erit
896 271 95 36 vere
956 271 83 36 vna
1003 271 119 36 passio
1086 271 119 36 entis,
1169 271 59 36 &
1193 271 95 36 quia
1241 271 59 36 sub

740 302 117 39 iectum
822 302 82 39 non
869 302 117 39 potest
951 302 164 39 formaliter
1079 302 164 39 praedicari
1208 302 70 39 de
1232 302 58 39 pal

737 336 127 46 sione,
826 336 190 46 sequeretur,
979 336 102 46 quod
1042 336 89 46 ens
1093 336 89 46 non
1131 336 165 46 praedicare-

742 370 83 36 tur
790 370 166 36 formaliter
920 370 71 36 de
956 370 95 36 tali
1015 370 190 36 dispositone,
1169 370 59 36 &
1193 370 83 36 per
1229 370 59 36 con

746 400 152 44 sequens,
860 400 101 44 quia
923 400 76 44 de
961 400 164 44 quocunque
1088 400 89 44 non
1126 400 164 44 praedicatur

742 438 82 47 ens
789 438 82 47 est
836 438 117 47 nihil,
917 438 175 47 sequeretur,
1058 438 93 47 quod
1116 438 105 47 talis
1174 438 117 47 disposi-

746 469 74 42 tio
788 469 95 42 esset
840 469 84 42 nihil-

779 494 85 58 Nec
827 494 109 58 valet
900 494 73 58 si
936 494 145 58 dicatur,
1045 494 97 58 quod
1105 494 109 58 talis
1166 494 145 58 dispositoi

742 537 83 41 sub
790 537 95 41 ente
849 537 83 41 sit
897 537 95 41 quid
956 537 143 41 inferius
1063 537 83 41 sub
1111 537 83 41 suo
1146 537 143 41 superiori,

746 571 62 43 &
770 571 98 43 isto
832 571 98 43 modo
893 571 135 43 poterit
992 571 148 43 recipere
1090 571 197 43 praedicationem

744 598 127 41 entis:
833 598 101 41 Hoc,
896 598 139 41 inquam,
998 598 89 41 non
1048 598 114 41 valet
1124 598 139 41 propter
1213 598 76 41 duo.

743 635 128 46 Primo,
833 635 103 46 quia
897 635 128 46 passio
987 635 193 46 praedicatur
1141 635 77 46 de
1167 635 128 46 subiecto

737 666 189 39 formaliter,
889 666 151 39 inferius
1002 666 88 39 aut
1053 666 113 39 nullo
1128 666 101 39 modo
1179 666 113 39 praedi-

741 701 112 40 catur
815 701 75 40 de
853 701 174 40 superiori,
989 701 62 40 &
1014 701 124 40 maxime
1101 701 187 40 formaliter.
1238 701 50 40 Se

744 740 131 38 cundo,
836 740 105 38 quia
901 740 157 38 inferius
1019 740 144 38 nunquam
1124 740 92 38 est
1164 740 131 38 conuerti

739 768 95 35 bile
798 768 83 35 cum
846 768 83 35 suo
893 768 166 35 superiori,
1023 768 106 35 talis
1094 768 106 35 autem
1165 768 118 35 passio
1236 768 59 35 est

742 803 213 43 conuertibilis
918 803 88 43 cum
955 803 88 43 ente-

776 831 115 48 Quare
853 831 154 48 dicendum
968 831 90 48 est
1019 831 205 48 simpliciter,
1186 831 102 48 quod
1237 831 51 48 v-

739 868 92 48 num
791 868 92 48 non
844 868 118 48 addit
923 868 144 48 aliquam
1028 868 223 48 dispositionem
1198 868 92 48 supra

738 902 95 37 ens,
797 902 83 37 sed
845 902 166 37 significat
975 902 225 37 fundamentaliter
1164 902 106 37 illud
1223 902 71 37 idem

745 936 163 45 posituum,
871 936 100 45 quod
933 936 100 45 ens;
996 936 163 45 differunt
1121 936 113 45 tamen
1196 936 75 45 in
1221 936 75 45 for-

736 964 104 47 mali
801 964 209 47 significato,
971 964 65 47 &
997 964 91 47 per
1049 964 183 47 consequens
1193 964 78 47 in
1219 964 78 47 modo

742 1000 207 39 significandi,
913 1000 98 39 quia
974 1000 110 39 illud
1047 1000 146 39 posituum
1157 1000 85 39 ita
1206 1000 73 39 se
1230 1000 61 39 ha-

743 1035 88 37 bet
794 1035 75 37 ad
831 1035 88 37 hoc
882 1035 113 37 nomen
957 1035 100 37 ens,
1020 1035 100 37 quod
1083 1035 163 37 clauditur
1208 1035 75 37 in
1233 1035 63 37 sua

739 1068 244 38 significatione,
945 1068 90 38 non
996 1068 116 38 solum
1060 1068 231 38 fundamentaliter,

741 1104 97 36 sed
797 1104 125 36 etiam
880 1104 208 36 formaliter;
1046 1104 125 36 adhoc
1129 1104 125 36 autem
1198 1104 97 36 nomen

746 1131 97 42 vnum
807 1131 85 42 ita
855 1131 73 42 se
892 1131 121 42 habet,
976 1131 97 42 quod
1037 1131 158 42 clauditur
1159 1131 73 42 in
1195 1131 85 42 sua
1231 1131 61 42 si-

738 1175 213 34 gnificatione
911 1175 120 34 solum
991 1175 266 34 fundamentaliter,
1217 1175 67 34 &
1230 1175 67 34 non

737 1205 188 36 formaliter,
888 1205 100 36 quia
950 1205 150 36 ostensum
1063 1205 100 36 est,
1125 1205 100 36 quod
1188 1205 88 36 hoc
1225 1205 63 36 no-

742 1234 87 46 men
791 1234 100 46 vnum
854 1234 175 46 significat
991 1234 175 46 formaliter
1116 1234 175 46 priuationem.

776 1267 78 37 Et
815 1267 78 37 ex
854 1267 90 37 hoc
905 1267 142 37 apparet
1009 1267 181 37 immediate,
1151 1267 103 37 quod
1203 1267 90 37 licet

737 1296 106 44 ista
803 1296 92 44 duo
856 1296 132 44 nomina
948 1296 132 44 svnum,
1040 1296 66 44 &
1067 1296 92 44 ens
1119 1296 145 44 habeant
1212 1296 79 44 vnum

739 1333 152 35 commune
850 1333 221 35 significatum
1029 1333 235 35 fundamentale,
1208 1333 83 35 quia

742 1373 105 36 tamen
812 1373 152 36 differunt
929 1373 70 36 in
965 1373 175 36 significato
1105 1373 140 36 formali,
1210 1373 70 36 vt
1234 1373 58 36 di-

738 1401 92 43 cit
790 1401 105 43 Com.
856 1401 78 43 ex
895 1401 92 43 hoc
947 1401 118 43 etiam
1026 1401 157 43 sequitur
1143 1401 105 43 quod
1195 1401 92 43 opor-

738 1434 92 39 teat
796 1434 69 39 ea
831 1434 139 39 differre
935 1434 69 39 in
970 1434 92 39 modo
1027 1434 185 39 significandi
1177 1434 104 39 illud
1235 1434 58 39 com

737 1469 107 40 mune
803 1469 214 40 significatum
977 1469 227 40 fundamentale,
1164 1469 107 40 quia
1217 1469 67 40 mo-

743 1502 91 43 dus
795 1502 207 43 significandi
963 1502 142 43 sumitur
1067 1502 155 43 secundum
1170 1502 117 43 exigen-

747 1532 95 38 tiam
806 1532 177 38 significati
948 1532 154 38 formalis;
1066 1532 59 38 &
1090 1532 95 38 ideo
1149 1532 106 38 illam
1208 1532 83 38 eande

738 1570 173 42 naturam,
867 1570 115 42 quam
939 1570 202 42 significat
1098 1570 101 42 hoc
1156 1570 130 42 nomen
1228 1570 72 42 ens

741 1603 109 35 modo
809 1603 163 35 posituo,
932 1603 190 35 siguificat
1081 1603 95 35 hoc
1136 1603 122 35 nomen
1204 1603 95 35 unum,

739 1634 106 35 modo
805 1634 186 35 priuatiuo.
951 1634 80 35 Et
991 1634 106 35 haec
1058 1634 93 35 est
1111 1634 160 35 intentio
1217 1634 80 35 Com.

749 1667 70 41 4.
784 1667 117 41 Metaph
866 1667 93 41 com.
924 1667 70 41 3.
959 1667 82 41 vbi
1006 1667 117 41 dicit,
1087 1667 93 41 quod
1134 1667 163 41 significant.

745 1702 135 39 eaudem
839 1702 175 39 essentiam
974 1702 216 39 diuersimode,
1149 1702 108 39 quam
1203 1702 94 39 diuer

740 1738 135 37 sitatem
838 1738 148 37 explicat
949 1738 74 37 in
986 1738 111 37 eodem
1059 1738 98 37 com.
1121 1738 86 37 sic
1158 1738 135 37 inquiens,

749 1767 90 39 Cum
801 1767 142 39 dicimus
904 1767 103 39 iste
968 1767 116 39 homo,
1046 1767 65 39 &
1072 1767 103 39 iste
1136 1767 103 39 homo
1201 1767 116 39 vnus,

744 1799 93 49 hoc
797 1799 120 49 nomen
877 1799 107 49 vnus
944 1799 187 49 significat
1091 1799 200 49 negationem,
1251 1799 67 49 &

746 1834 74 36 est
789 1834 96 36 ratio
842 1834 191 36 diuisibilitatis.

777 1862 80 46 Ex
817 1862 134 46 quibus
910 1862 147 46 omnibus
1017 1862 161 46 apparet,
1138 1862 107 46 quod
1191 1862 94 46 Moti-

748 1896 85 41 ua
790 1896 183 41 Auicenuae
931 1896 99 41 non
988 1896 197 41 procedunt;
1143 1896 99 41 Nam
1185 1896 113 41 primum

748 1934 94 32 non
801 1934 134 32 valet,
895 1934 107 32 quia
963 1934 81 32 ad
1003 1934 175 32 euitandam
1124 1934 161 32 nugationem

745 1968 142 42 sufficit
852 1968 142 42 diuersus
958 1968 106 42 modus
1029 1968 201 42 significandi,
1183 1968 118 42 praefata

746 1999 116 42 autem
823 1999 90 42 duo
875 1999 128 42 nomiua
964 1999 180 42 differuunt
1106 1999 77 42 in
1144 1999 141 42 formali
1234 1999 64 42 si-

742 2033 181 48 gnificato,
884 2033 65 48 &
910 2033 91 48 per
962 2033 181 48 consequens
1104 2033 78 48 in
1143 2033 103 48 modo
1195 2033 103 48 signi
