1500 2342
146 172 88 49 nor
197 172 164 49 probatur,
323 172 101 49 quia
386 172 114 49 talis
462 172 164 49 responsio
588 172 88 49 non
626 172 101 49 posset

147 212 103 41 esse
211 212 167 41 terminata
340 212 90 41 per
392 212 103 41 vnum
456 212 129 41 solum,
546 212 103 41 nisi
610 212 116 41 illud
675 212 51 41 ca

154 248 125 47 peret
238 248 97 47 per
293 248 153 47 aliquam
404 248 125 47 talem
488 248 195 47 clausionem
627 248 97 47 ipsum

155 282 258 39 conclaudentem,
369 282 72 39 &
384 282 200 39 terminantem.

186 311 68 47 3
214 311 122 47 Istud
295 311 122 47 vnum,
377 311 109 47 quod
444 311 95 47 est
499 311 190 47 principium
635 311 81 47 nume

154 349 90 45 ri,
205 349 141 45 videtur
308 349 103 45 esse
372 349 128 45 illud,
462 349 103 45 quod
526 349 115 45 primo
590 349 128 45 concipit

160 386 168 47 Computams
289 386 129 47 quando
380 386 142 47 incipit
483 386 168 47 numerare,
613 386 91 47 sed
651 386 65 47 Con

151 419 134 42 putans
244 419 161 42 concipit
365 419 121 42 primo
445 419 147 42 aliquam
552 419 94 42 rem
592 419 121 42 indiui-

148 454 97 34 sam
204 454 166 34 formando
328 454 83 34 de
370 454 83 34 ea
411 454 125 34 talem
494 454 194 34 clausionem
633 454 83 34 prae

148 487 144 47 fatam,
248 487 115 47 ergo
320 487 101 47 &c.
377 487 129 47 Maior
464 487 101 47 est
521 487 129 47 nota.
593 487 129 47 Minorem

151 523 148 43 probat,
258 523 121 43 quia,
339 523 108 43 nisi
407 523 175 43 Computans
542 523 121 43 primo
609 523 108 43 claude

146 563 96 33 ret
201 563 96 33 rem
256 563 82 33 in
297 563 137 33 seipsa
393 563 96 33 per
447 563 164 33 propriam
557 563 164 33 clausionem

148 590 201 34 mensurando,
309 590 94 34 non
362 590 134 34 posset
456 590 94 34 eam
510 590 134 34 postea
590 590 121 34 claude-

149 624 85 40 re
191 624 99 40 cum
248 624 113 40 alia
319 624 85 40 re
361 624 212 40 computando,
531 624 71 40 &
545 624 170 40 numerando;

152 659 104 35 Haec
217 659 130 35 opinio
308 659 143 35 videtur
412 659 78 35 in
451 659 143 35 quinque
542 659 143 35 deficere.

188 685 110 46 Primo
261 685 147 46 deficit,
371 685 98 46 quia
432 685 122 46 ponit,
518 685 98 46 quod
579 685 73 46 ro
615 685 122 46 vnius,

157 722 104 47 quod
222 722 91 47 est
274 722 183 47 principium
418 722 144 47 numeri,
522 722 91 47 sit
561 722 157 47 fabricata.

150 761 102 43 per
209 761 189 43 rationem:
354 761 87 43 Ad
397 761 116 43 quod
470 761 145 43 dictum
557 761 160 43 sequuntur

150 791 100 46 tria
201 791 213 46 inconuenientia.

185 820 140 52 Primo,
283 820 112 52 quia
353 820 126 52 vnum,
437 820 112 52 quod
506 820 98 52 est
548 820 168 52 principium

142 858 160 42 numeri,
259 858 73 42 &
288 858 102 42 per
346 858 204 42 consequens
506 858 160 42 numerus
608 858 102 42 esset

148 896 86 35 ens
197 896 160 35 rationis,
320 896 61 35 &
344 896 86 35 sic
393 896 86 35 non
443 896 111 35 esset
516 896 74 35 in
541 896 172 35 praedicamen-

151 929 74 46 to
188 929 123 46 reali,
274 929 86 46 nec
323 929 123 46 posset
409 929 98 46 esse
471 929 160 46 subiectum
594 929 74 46 in
619 929 98 46 aliqua

150 960 148 41 scientia
261 960 123 41 reali;
347 960 99 41 quod
409 960 86 41 est
458 960 136 41 falsum.
557 960 74 41 Si
594 960 111 41 autem
655 960 62 41 con

144 998 132 38 cedant,
240 998 96 38 quod
300 998 84 38 ens
348 998 144 38 rationis
456 998 84 38 sit
504 998 72 38 in
528 998 180 38 praedicamento

147 1032 120 37 reali,
231 1032 108 37 sicut
303 1032 144 37 videntur
411 1032 168 37 concedere,
543 1032 84 37 hoc
591 1032 84 37 est
627 1032 84 37 impos

148 1067 114 38 sibile
227 1067 68 38 ex
250 1067 103 38 tribus.

223 1091 102 49 Quia
287 1091 102 49 tunc
351 1091 192 49 sequeretur,
505 1091 102 49 quod
569 1091 90 49 ens
608 1091 102 49 reale,

150 1133 59 39 &
174 1133 82 39 ens
221 1133 141 39 rationis
326 1133 117 39 essent
408 1133 188 39 differentiae
561 1133 129 39 eiusdem
643 1133 70 39 prae

145 1170 190 34 dicamenti,
295 1170 81 34 ac
335 1170 95 34 per
390 1170 190 34 consequens
539 1170 122 34 sicut
607 1170 108 34 inquo-

143 1202 113 39 libet
219 1202 213 39 praedicamento
394 1202 163 39 inuenitur
519 1202 88 39 ens
569 1202 125 39 reale;
644 1202 63 39 ita

151 1235 110 37 etiam
224 1235 183 37 inueniretur
371 1235 73 37 in
407 1235 73 37 eo
444 1235 86 37 ens
493 1235 159 37 rationis,
615 1235 98 37 quod
664 1235 49 37 vi

142 1270 116 34 detur
219 1270 103 34 esse
284 1270 167 34 absurdum,
413 1270 90 34 nam
464 1270 103 34 tunc
529 1270 167 34 oporteret
645 1270 64 34 nos

147 1303 189 48 distinguere
299 1303 76 48 in
336 1303 214 48 praedicamento
513 1303 189 48 substantiae
651 1303 63 48 sub

142 1337 167 38 stantiam
268 1337 167 38 secundum
393 1337 112 38 rem,
463 1337 70 38 &
491 1337 167 38 secundum
602 1337 112 38 ratio-

146 1369 106 38 nem,
212 1369 106 38 quod
278 1369 132 38 nullus
370 1369 158 38 diceret,
489 1369 106 38 quia
555 1369 119 38 etiam
621 1369 92 38 ipsae

142 1405 145 39 secundae
251 1405 194 39 substantiae,
408 1405 73 39 de
445 1405 121 39 quibus
529 1405 157 39 videretur
638 1405 73 39 ali-

145 1438 100 50 cui,
208 1438 100 50 quod
271 1438 125 50 essent
358 1438 150 50 secundum
471 1438 163 50 rationem,
596 1438 100 50 sunt
646 1438 63 50 sub

142 1473 167 39 stantiae
267 1473 167 39 secundum
392 1473 111 39 rem,
462 1473 111 39 quia
531 1473 97 39 ens
573 1473 139 39 secundum

137 1508 151 40 rationem
251 1508 88 40 non
301 1508 126 40 potest
390 1508 177 40 praedicari
528 1508 76 40 de
566 1508 101 40 ente
617 1508 88 40 reali

151 1539 179 39 formaliter,
295 1539 60 39 &
318 1539 215 39 essentialiter;
498 1539 179 39 substantiae
629 1539 84 39 autem

143 1575 159 37 secundae
262 1575 212 37 praedicantur
435 1575 80 37 de
475 1575 146 37 primis,
581 1575 106 37 ergo
634 1575 53 37 &c

180 1607 70 38 2
208 1607 210 38 Sequeretur,
376 1607 112 38 quod
446 1607 126 38 omnia
531 1607 126 38 entia
601 1607 112 38 realia

152 1636 145 46 possent
257 1636 106 46 esse
323 1636 79 46 in
363 1636 119 46 eodem
442 1636 238 46 praedicamento,
627 1636 79 46 quoc

148 1681 112 44 patet
222 1681 100 44 esse
285 1681 137 44 falsum,
384 1681 212 44 consequentiam
559 1681 125 44 probo,
633 1681 75 44 quia

149 1715 116 39 magis
227 1715 181 39 conueniunt
369 1715 116 39 entia
446 1715 129 39 realia
524 1715 181 39 adseinuicem,

143 1750 99 42 quam
204 1750 111 42 entia
279 1750 136 42 realia,
377 1750 62 42 &
402 1750 161 42 rationis:
526 1750 74 42 si
563 1750 99 42 ergo
625 1750 86 42 ens
662 1750 49 42 ra

142 1778 127 40 tionis
231 1778 127 40 potest
320 1778 102 40 esse
384 1778 76 40 in
422 1778 115 40 eodem
499 1778 204 40 predicamento
651 1778 64 40 cum

146 1813 102 37 ente
210 1813 127 37 reali,
299 1813 115 37 multo
376 1813 115 37 magis
452 1813 166 37 quodlibet
580 1813 89 37 ens
618 1813 89 37 reale

139 1848 90 43 cum
191 1848 155 43 quolibet
307 1848 103 43 ente
372 1848 129 43 reali.

149 1878 67 38 3
175 1878 202 38 Sequeretur,
337 1878 108 38 quod
404 1878 121 38 entia
485 1878 162 38 rationis
593 1878 121 38 praedi-

142 1916 151 38 tarentur
256 1916 76 38 de
294 1916 126 38 aliquo
382 1916 151 38 subiecto
496 1916 189 38 formaliter,
634 1916 76 38 quod

144 1947 116 50 patet
222 1947 103 50 esse
286 1947 142 50 falsum,
390 1947 116 50 etiam
467 1947 155 50 secundum
584 1947 116 50 eorum
648 1947 65 50 in-

136 1984 192 41 tentionem;
287 1984 96 41 nam
342 1984 109 41 ipsi
410 1984 151 41 ponunt,
519 1984 109 41 quod
588 1984 123 41 entia
656 1984 55 41 ra

145 2017 122 38 tionis
230 2017 86 38 non
279 2017 98 38 sunt
340 2017 134 38 alicubi
438 2017 183 38 subiectiue;
573 2017 134 38 consequen

139 2053 114 38 tiam
210 2053 143 38 probo,
310 2053 114 38 quia
382 2053 129 38 omnes
467 2053 200 38 communiter
610 2053 100 38 acci-

143 2086 125 57 piunt
226 2086 235 57 distinctionem
420 2086 277 57 praedicamentorum
642 2086 69 57 pe

732 174 89 61 nes
783 174 177 61 distinctos
922 174 114 61 modos
998 174 190 61 praedicandi
1150 174 190 61 formaliter,

743 218 62 54 &
767 218 87 54 per
817 218 162 54 consequen
942 218 124 54 silla,
1029 218 100 54 quae
1091 218 100 54 sunt
1153 218 75 54 in
1191 218 112 54 eodem
1253 218 62 54 pre

732 252 196 48 dicamento
883 252 181 48 habebunt
1019 252 151 48 eundem
1125 252 136 48 modum
1200 252 106 48 predi

733 289 137 42 candi.
829 289 82 42 Et
870 289 109 42 ideo
938 289 164 42 redeundo
1062 289 109 42 vnde
1130 289 123 42 sermo
1198 289 96 42 prius

728 327 112 41 dico
798 327 112 41 quod
868 327 98 41 est
924 327 140 41 omnino
1021 327 224 41 inconueniens
1189 327 112 41 ponere

741 359 96 41 quod
801 359 132 41 aliquod
897 359 84 41 ens
945 359 144 41 rationis
1054 359 84 41 sit
1102 359 72 41 in
1126 359 168 41 praedicamen-

738 398 73 40 to
774 398 110 40 reali
848 398 86 40 per
897 398 86 40 se,
946 398 61 40 &
970 398 134 40 directe
1068 398 134 40 tanquam
1166 398 134 40 species
1251 398 49 40 il

734 421 98 50 lius
783 421 195 50 praedicamenti.

762 455 158 49 Secundum
880 455 210 49 inconueniens
1051 455 105 49 est,
1116 455 105 49 quia
1182 455 79 49 si
1208 455 92 49 vnum,

736 492 95 47 quod
796 492 84 47 est
843 492 167 47 principium
975 492 131 47 numeri,
1070 492 84 47 sit
1118 492 84 47 ens
1166 492 155 47 rationis,

738 528 62 41 &
762 528 111 41 etiam
836 528 148 41 numerus,
947 528 74 41 vt
984 528 99 41 ista
1046 528 123 41 opinio
1133 528 160 41 concedit,
1244 528 49 41 se

736 560 140 48 quitur,
838 560 102 48 quod
902 560 115 48 minus
978 560 127 48 habeat
1068 560 76 48 de
1106 560 153 48 entitate
1208 560 89 48 vnum,

728 600 110 43 quod
797 600 96 43 est
852 600 193 43 principium
1003 600 151 43 numeri,
1113 600 69 43 &
1141 600 124 43 etiam
1210 600 83 43 ipse

730 634 164 39 numerus,
853 634 109 39 quam
921 634 109 39 ipsa
989 634 164 39 relatio,
1112 634 95 39 hoc
1167 634 123 39 autem
1235 634 68 39 est

728 661 149 50 falsum,
837 661 81 50 vt
877 661 122 50 patet
958 661 95 50 per
1012 661 108 50 Com.
1080 661 81 50 in
1120 661 108 50 xij.
1174 661 122 50 Metaph-

735 700 91 38 com.
792 700 68 38 20
826 700 80 38 vbi
871 700 91 38 ait,
928 700 91 38 quod
985 700 125 38 relatio
1076 700 80 38 est
1122 700 160 38 debilioris
1236 700 57 38 es-

735 728 71 49 se
771 728 107 49 alijs
842 728 225 49 praedicamentis,
1031 728 201 49 consequentiam
1197 728 118 49 probo,

726 764 106 44 quia
792 764 146 44 relatio
898 764 186 44 quamcunque
1044 764 133 44 habeat
1137 764 93 44 ita
1177 764 119 44 modicum

725 802 112 43 esse,
799 802 87 43 non
849 802 112 43 tamen
924 802 137 43 propter
1024 802 87 43 hoc
1074 802 87 43 est
1124 802 87 43 ens
1161 802 125 43 rationis

729 841 92 40 nam
781 841 118 40 dato,
860 841 105 40 quod
925 841 196 40 intellectus
1082 841 144 40 nunquam
1173 841 118 40 intelli

738 863 129 47 geret,
828 863 90 47 nec
880 863 90 47 per
931 863 116 47 actum
1009 863 103 47 suum
1073 863 142 47 aliquid
1163 863 129 47 fabrica-

725 898 91 47 ret,
782 898 102 47 adhuc
850 898 102 47 esset
918 898 91 47 vera
975 898 125 47 relatio
1066 898 114 47 realis
1146 898 68 47 in
1180 898 137 47 entibus,

737 933 144 51 alioquin
845 933 108 51 omnis
917 933 132 51 relatio
1013 933 108 51 esset
1086 933 132 51 relatio
1170 933 120 51 secundum

726 970 174 40 rationem,
859 970 107 40 quod
926 970 94 40 est
979 970 147 40 falsum:
1086 970 80 40 Et
1126 970 160 40 confirmo
1233 970 67 40 ra-

734 1004 135 43 tionem
828 1004 94 43 per
882 1004 135 43 eundem
976 1004 108 43 Com.
1044 1004 81 43 in
1084 1004 121 43 eodem
1165 1004 121 43 loco,
1233 1004 67 43 ibi

729 1041 141 44 nanque
827 1041 155 44 recitat
940 1041 183 44 opinionem
1081 1041 183 44 quorundam
1208 1041 84 44 tan-

727 1068 110 43 quam
796 1068 179 43 erroneam,
934 1068 96 43 qui
989 1068 193 43 posuerunt,
1127 1068 165 43 relationem

730 1108 149 40 propter
839 1108 108 40 suam
906 1108 149 40 modicam
1015 1108 176 40 entitatem
1150 1108 108 40 esse
1218 1108 81 40 de
1245 1108 54 40 se

735 1137 122 40 cundis
808 1137 196 40 intellectibus.

764 1172 150 42 Tertium
873 1172 218 42 inconueniens
1050 1172 109 42 est,
1118 1172 109 42 quia
1173 1172 122 42 diuisio

730 1210 198 37 quantitatis
888 1210 92 37 per
941 1210 184 37 continuum,
1085 1210 66 37 &
1112 1210 171 37 discretum
1230 1210 66 37 non

733 1246 94 45 erit
792 1246 82 45 per
839 1246 188 45 differentias
992 1246 117 45 reales
1074 1246 164 45 oppositas,
1203 1246 82 45 sed
1238 1246 59 45 per

729 1277 105 38 vnam
794 1277 210 38 differentiam
965 1277 144 38 realem,
1070 1277 66 38 &
1096 1277 92 38 per
1149 1277 144 38 alteram
1241 1277 52 38 ra

729 1306 141 50 tionis,
832 1306 77 50 ac
870 1306 90 50 per
922 1306 180 50 consequens
1063 1306 141 50 diuisio
1153 1306 141 50 mathemati

732 1342 90 37 cae
784 1342 77 37 in
822 1342 193 37 geometriam,
977 1342 103 37 quae
1041 1342 90 37 est
1093 1342 77 37 de
1132 1342 167 37 continuo,
1260 1342 64 37 &

735 1378 220 41 Arictietricam,
918 1378 98 41 quae
979 1378 86 41 est
1028 1378 73 41 de
1065 1378 159 41 discreto,
1187 1378 86 41 non
1224 1378 73 41 erit

726 1413 140 45 diuisio
828 1413 76 45 in
866 1413 102 45 duas
930 1413 165 45 scientias
1057 1413 140 45 reales,
1159 1413 102 45 quae
1210 1413 89 45 omnia

729 1446 159 46 videntur
848 1446 159 46 absurda;
967 1446 66 46 &
994 1446 93 46 sic
1046 1446 119 46 patet
1126 1446 132 46 primus
1205 1446 93 46 defe-

729 1476 89 46 ctus
785 1476 112 46 istius
863 1476 156 46 opinionis.

756 1506 156 50 Secundo
869 1506 170 50 deficit,
997 1506 114 50 quia
1068 1506 128 50 ponit
1139 1506 156 50 quamlibet

729 1547 90 46 rem
781 1547 129 46 claudi
871 1547 77 46 ab
909 1547 180 46 intellectu
1051 1547 141 46 duplici
1141 1547 154 46 clausione,

721 1576 151 49 scilicet
835 1576 151 49 vnitate,
948 1576 101 49 quae
1011 1576 189 49 conuertitur
1161 1576 88 49 cum
1199 1576 88 49 ente,

735 1613 100 39 per
792 1613 115 39 quam
864 1613 129 39 facit
949 1613 200 39 clausionem
1107 1613 200 39 negatiuam;
1250 1613 43 39 &

731 1655 147 40 vnitate,
841 1655 98 40 quae
902 1655 86 40 est
952 1655 172 40 principium
1086 1655 135 40 numeri,
1185 1655 86 40 per
1221 1655 74 40 quam

728 1681 119 46 facit
807 1681 185 46 clausionem
952 1681 172 46 posituam:
1085 1681 79 46 Ad
1124 1681 106 46 quod
1190 1681 132 46 dictum

727 1714 165 43 sequuntur
854 1714 102 43 tria
918 1714 242 43 inconuenientia;
1122 1714 127 43 Primum
1211 1714 102 43 est,

736 1747 97 53 quia
796 1747 133 53 vnitas,
893 1747 97 53 quae
954 1747 85 53 est
1002 1747 170 53 principium
1136 1747 133 53 numeri,
1220 1747 73 53 prae

734 1791 121 42 cedet
814 1791 175 42 vnitatem,
948 1791 107 42 quae
1016 1791 201 42 conuertitur
1177 1791 94 42 cum
1217 1791 67 42 en-

730 1822 93 42 te,
783 1822 106 42 quod
849 1822 119 42 patet
928 1822 106 42 esse
995 1822 146 42 falsum.
1087 1822 199 42 Consequentiam

729 1852 133 46 probo,
822 1852 106 46 quia
888 1852 119 46 ratio
967 1852 146 46 positua
1074 1852 133 46 semper
1153 1852 146 46 praecedit

722 1882 169 44 rationem
849 1882 197 44 negatiuam.
1004 1882 155 44 Secudum
1103 1882 197 44 inconueniens

733 1918 96 40 est,
793 1918 96 40 quod
853 1918 155 40 quaelibet
972 1918 84 40 res
1020 1918 132 40 poterit
1116 1918 120 40 claudi
1199 1918 84 40 sub
1235 1918 60 40 vni

730 1952 110 49 tate,
803 1952 98 49 quae
865 1952 86 49 est
914 1952 172 49 principium
1049 1952 135 49 numeri,
1147 1952 74 49 ac
1184 1952 86 49 per
1220 1952 74 49 con-

724 1985 151 46 sequens
834 1985 123 46 vnum,
916 1985 109 46 quod
984 1985 96 46 est
1039 1985 192 46 principium
1176 1985 123 46 numeri,

732 2021 67 44 &
758 2021 108 44 ipse
826 2021 148 44 numerus
933 2021 162 44 poterunt
1055 2021 162 44 inueniri
1176 2021 81 44 in
1203 2021 94 44 rebus

715 2052 156 41 abstractis.

741 2078 167 67 Quamuis
862 2078 106 67 hoc
923 2078 106 67 non
984 2078 197 67 videntur:
1135 2078 152 67 habere
1226 2078 76 67 pro
