1500 2315
196 154 223 52 inconueniente,
382 154 87 52 sed
431 154 74 52 in
469 154 149 52 sequenti
580 154 174 52 quaestione
704 154 50 52 o-

201 191 175 45 stendetur
335 191 94 45 hoc
389 191 107 45 esse
456 191 134 45 omnino
536 191 202 45 inconueniens.

205 231 141 41 Tertium
308 231 103 41 est,
372 231 103 41 quia
436 231 90 41 per
488 231 116 41 istam
565 231 154 41 secundam
667 231 90 41 clau-

203 268 136 39 sionem
299 268 95 39 non
353 268 136 39 habent
448 268 150 39 aliquid
557 268 122 39 plus,
639 268 109 39 quam
693 268 68 39 per

204 298 148 42 primam;
311 298 94 42 nam
365 298 121 42 sicut
445 298 94 42 per
499 298 161 42 secundam
620 298 161 42 clausio¬

199 328 90 46 nem
251 328 180 46 concipitur
392 328 90 46 res
443 328 167 46 indiuisa,
572 328 154 46 secundum
675 328 77 46 quod

200 367 75 43 in
237 367 137 43 diuisa,
337 367 87 43 ita
387 367 87 43 per
437 367 137 43 primam:
536 367 62 43 &
561 367 100 43 ideo
624 367 100 43 ista
674 367 87 43 secun

198 398 76 43 da
236 398 139 43 clausio
337 398 88 43 non
387 398 113 43 magis
463 398 126 43 habet,
551 398 101 43 quod
614 398 126 43 possit
690 398 63 43 es-

200 430 75 43 se
238 430 189 43 contentiua,
389 430 63 43 &
414 430 189 43 mensuratiua
565 430 88 43 rei
603 430 151 43 indiuisae,

197 466 110 40 quam
266 466 138 40 prima.
362 466 83 40 Et
404 466 165 40 confirmo
527 466 165 40 rationem
651 466 96 40 sic
692 466 69 40 Res

195 500 160 38 indiuisa
314 500 120 38 habet
394 500 160 38 rationem
514 500 146 38 minimi,
620 500 66 38 &
647 500 93 38 per
687 500 66 38 con

189 531 152 48 sequens
300 531 139 48 potest
397 531 152 48 fundare
508 531 166 48 rationem
619 531 139 48 mensurae

192 570 153 48 respectu
307 570 153 48 aliorum,
422 570 140 48 idcirco
524 570 89 48 non
575 570 140 48 videtur
664 570 89 48 indi-

190 597 98 54 gere
251 597 123 54 aliqua
337 597 98 54 alia
399 597 135 54 mensura
485 597 184 54 certificante.

222 632 118 41 Tertio
305 632 130 41 deficit
399 632 94 41 ista
458 632 130 41 opinio,
552 632 94 41 quia
611 632 118 41 ponit,
681 632 71 41 quod

204 664 139 51 vnitas,
305 664 101 51 quae
368 664 189 51 conuertitur
520 664 88 51 cum
570 664 114 51 ente,
646 664 88 51 non
684 664 63 51 si-

193 699 155 48 gnificat
309 699 78 48 in
348 699 116 48 recto
426 699 194 48 negationem,
581 699 91 48 sed
620 699 129 48 connotat

201 743 90 39 eam
252 743 77 39 in
291 743 154 39 obliquo,
406 743 115 39 cuius
483 743 167 39 oppositum
611 743 102 39 fuit
662 743 90 39 osten

195 771 96 40 sum
250 771 123 40 supra
332 771 82 40 in
373 771 205 40 praecedenti
537 771 177 40 articulo,
673 771 68 40 &
687 771 68 40 hoc

196 800 168 55 sufficiat
325 800 142 55 quantum
429 800 78 55 ad
455 800 142 55 praesens.

231 835 132 39 Quarto
323 835 158 39 deficit,
441 835 105 39 quia
507 835 132 39 ponit,
599 835 105 39 quod
652 835 92 39 ratio

201 872 128 40 vnius,
291 872 102 40 quod
355 872 90 40 est
406 872 179 40 principium
547 872 141 40 numeri,
650 872 90 40 non
688 872 64 40 sit

193 902 127 42 aliqua
282 902 89 42 res
333 902 114 42 extra
408 902 127 42 animam
497 902 190 42 subiectiue,
649 902 89 42 sed
687 902 63 42 so-

202 935 90 44 lum
253 935 77 44 in
292 935 115 44 anima
369 935 179 44 obiectiue,
510 935 77 44 ad
548 935 102 44 quod
612 935 128 44 dictum
689 935 64 44 se-

198 978 135 41 quuntur
296 978 98 41 tria
357 978 221 41 incouenientia.
541 978 123 41 Primum
627 978 98 41 est,
676 978 74 41 quia

196 1008 140 47 vnitas,
298 1008 102 47 quae
361 1008 89 47 est
412 1008 178 47 principium
552 1008 127 47 numeri
641 1008 89 47 non
679 1008 76 47 prae

187 1036 161 45 dicabitur
310 1036 173 45 formaliter
446 1036 74 45 de
483 1036 99 45 illa
545 1036 86 45 re,
594 1036 99 45 quae
644 1036 111 45 dicitur

183 1073 111 46 vna,
253 1073 97 46 sed
308 1073 209 46 denominabit
476 1073 97 46 eam
531 1073 125 46 solum
601 1073 153 46 extrinse-

190 1112 91 37 ce;
242 1112 91 37 hoc
294 1112 117 37 autem
371 1112 117 37 patet
449 1112 104 37 esse
514 1112 142 37 falsum,
617 1112 104 37 quia
669 1112 78 37 tunc

187 1140 107 49 non
248 1140 168 49 haberet
370 1140 153 49 eundem
478 1140 138 49 modum
554 1140 199 49 praedicandi

181 1169 171 51 quantitas
312 1169 171 51 disereta,
444 1169 66 51 &
470 1169 171 51 continua,
601 1169 66 51 &
628 1169 92 51 per
667 1169 79 51 con-

187 1210 150 41 sequens
296 1210 95 41 non
351 1210 136 41 essent
446 1210 82 41 in
487 1210 122 41 eodem
555 1210 190 41 praedicamen-

191 1245 86 38 to.
240 1245 148 38 Secundum
351 1245 99 38 est,
413 1245 99 38 quod
475 1245 136 38 vnitas,
573 1245 99 38 quae
635 1245 86 38 est
672 1245 74 38 prin

187 1282 130 36 cipium
278 1282 130 36 numeri
369 1282 117 36 esset
447 1282 143 36 mensura
551 1282 195 36 extrinseca,
707 1282 65 36 &

192 1310 92 44 per
244 1310 184 44 consequens
389 1310 92 44 non
441 1310 249 44 multiplicabitur
651 1310 79 44 ad
677 1310 66 44 mul

183 1341 227 46 tiplicationem
370 1341 134 46 rerum,
463 1341 107 46 quas
530 1341 187 46 denominat,
664 1341 80 46 quod

188 1378 157 38 videtur
302 1378 185 38 absurdum.
444 1378 157 38 Tertium
559 1378 114 38 est,
630 1378 114 38 quod
687 1378 57 38 eo

177 1415 114 47 ipso,
253 1415 101 47 quod
317 1415 114 47 talis
393 1415 152 47 clausio,
507 1415 63 47 &
532 1415 114 47 talis
609 1415 127 47 vnitas
685 1415 63 47 non

189 1446 81 41 est
236 1446 70 41 in
271 1446 116 41 aliqua
352 1446 70 41 re
387 1446 175 41 subiectiue,
527 1446 128 41 videtur
620 1446 105 41 posse
678 1446 70 41 clau

183 1480 76 40 di
221 1480 89 40 per
272 1480 76 40 se
310 1480 127 40 quadam
398 1480 139 40 propria
500 1480 177 40 clausione,
639 1480 63 40 &
651 1480 89 40 vnita

185 1509 99 44 te,
241 1509 212 44 quemadmodum
411 1509 71 44 &
439 1509 198 44 quaecunque
595 1509 113 44 alia
651 1509 85 44 res;

183 1550 62 44 &
207 1550 87 44 per
257 1550 174 44 consequens
394 1550 99 44 erit
456 1550 162 44 processus
580 1550 75 44 in
605 1550 137 44 infinitum

176 1576 76 46 in
214 1576 139 46 talibus
316 1576 215 46 clausionibus,
493 1576 63 46 &
505 1576 165 46 vnitatibus.

210 1598 123 66 Quinto
296 1598 135 66 deficit
394 1598 98 66 ista
456 1598 135 66 opinio,
554 1598 98 66 quia
616 1598 74 66 ad
653 1598 111 66 illam

173 1642 174 46 sequitur,
307 1642 107 46 quod
374 1642 121 46 ratio
454 1642 134 46 vnius,
548 1642 107 46 quod
615 1642 94 46 est
655 1642 94 46 prin-

179 1684 135 43 cipium
273 1684 148 43 numeri,
381 1684 175 43 consistat
516 1684 81 43 in
556 1684 202 43 mensurando;
705 1684 40 43 &

177 1709 91 54 per
229 1709 181 54 consequens
371 1709 91 54 sua
423 1709 117 54 ratio
501 1709 91 54 non
553 1709 104 54 erit
605 1709 142 54 absoluta,

182 1742 86 51 sed
231 1742 184 51 respectiua,
378 1742 98 51 quod
439 1742 110 51 patet
513 1742 98 51 esse
562 1742 110 51 falsum.

179 1770 162 62 Rationes
300 1770 121 62 etiam
381 1770 135 62 dictae
475 1770 189 62 opinionis;
624 1770 81 62 in
651 1770 94 62 nullo

176 1821 153 36 cogunt:
287 1821 97 36 Nam
343 1821 125 36 primo
426 1821 139 36 quidem
523 1821 97 36 non
579 1821 139 36 valet,
662 1821 83 36 quia

173 1847 168 46 conceptus
302 1847 142 46 medians
406 1847 116 46 inter
483 1847 220 46 pluralitatem,
664 1847 65 46 &
677 1847 65 46 pau

173 1877 146 51 citarem
279 1877 93 51 non
332 1877 119 51 solum
411 1877 133 51 potest
504 1877 106 51 esse
571 1877 172 51 conceptus
690 1877 53 51 v-

177 1916 113 40 nius,
252 1916 100 40 quod
314 1916 88 40 est
364 1916 175 40 principium
502 1916 138 40 numeri,
602 1916 88 40 sed
652 1916 113 40 etiam

175 1950 127 43 vnius,
264 1950 102 43 quod
328 1950 191 43 conuertitur
480 1950 89 43 cum
531 1950 114 43 ente,
607 1950 102 43 quia
658 1950 89 43 etiam

169 1991 106 38 cum
229 1991 212 38 concipitur
396 1991 136 38 vnum,
487 1991 121 38 quod
547 1991 197 38 conuertitur

175 2020 88 38 cum
225 2020 113 38 ente,
300 2020 175 38 excluditur
437 2020 188 38 pluralitas,
587 2020 63 38 &
600 2020 138 38 paucitas;

171 2056 66 50 &
197 2056 158 50 concesso
315 2056 118 50 etiam
394 2056 118 50 quod,
473 2056 118 50 talis
552 2056 171 50 conceptus
670 2056 66 50 me

769 150 116 57 dians
847 150 91 57 sit
898 150 168 57 conceptus
1028 150 129 57 vnius,
1118 150 103 57 quod
1183 150 91 57 est
1222 150 116 57 princi-

774 192 110 44 pium
843 192 152 44 numeri,
953 192 96 44 non
1008 192 124 44 tamen
1091 192 152 44 propter
1201 192 96 44 hoc
1243 192 96 44 habe-

775 226 89 43 tur
826 226 190 43 propositum,
978 226 101 43 quia
1041 226 139 43 poterit
1143 226 139 43 mediare
1232 226 101 43 aliquo

775 268 114 33 modo,
851 268 101 33 puta
915 268 89 33 per
965 268 89 33 hoc
1016 268 101 33 quod
1079 268 190 33 concipietur
1231 268 89 33 res
1269 268 63 33 in-

771 296 127 51 diuisa
860 296 127 51 quadam
949 296 152 51 speciali
1063 296 190 51 indiuisione
1215 296 76 51 de
1240 296 89 51 gene-

773 331 78 47 re
799 331 183 47 quantitatis.

803 362 84 40 Ex
845 362 98 40 hoc
901 362 126 40 etiam
985 362 154 40 apparet
1096 362 182 40 immediate
1222 362 112 40 secun-

773 383 91 53 dam
825 383 156 53 rationem
942 383 169 53 deficere,
1072 383 104 53 quia
1137 383 104 53 ideo
1202 383 78 53 ad
1228 383 104 53 inter-

769 433 198 44 rogationem
924 433 141 44 factam
1023 433 99 44 per
1080 433 127 44 quot;
1150 433 184 44 Respondetur

774 467 158 45 quandoqe
892 467 92 45 per
945 467 119 45 vnum,
1024 467 92 45 vel
1077 467 105 45 quia
1143 467 184 45 concipitur
1274 467 66 45 res

767 497 162 51 indiuisa
889 497 162 51 secundum
1011 497 216 51 indiuisionem
1186 497 108 51 quae
1240 497 95 51 conse

778 531 131 47 quitur
870 531 197 47 specialiter
1028 531 118 47 ipsam
1107 531 210 47 quantitatem,
1264 531 66 47 vel

774 567 104 39 quia
839 567 181 39 concipitur
981 567 155 39 secundum
1098 567 207 39 indiuisionem
1253 567 78 39 quae

769 604 176 44 consequitur
910 604 153 44 entitatem
1028 604 94 44 rei,
1086 604 82 44 qua
1133 604 129 44 dicitur
1227 604 82 44 vna
1263 604 70 44 res.

799 634 80 36 Ex
839 634 94 36 quo
892 634 121 36 etiam
973 634 121 36 patet
1053 634 148 36 solutio
1161 634 80 36 ad
1201 634 161 36 tertiam,

768 670 113 43 quia
839 670 184 43 computans
981 670 142 43 quando
1080 670 156 43 incipit
1179 670 156 43 numerare,

768 700 124 44 semper
855 700 137 44 incipit
954 700 75 44 ab
991 700 137 44 vnitate
1091 700 124 44 altero
1178 700 137 44 istorum
1265 700 62 44 duo

771 733 86 44 rum
820 733 147 44 modorum:
930 733 86 44 Non
979 733 86 44 est
1027 733 122 44 igitur
1113 733 196 44 rationabilis
1260 733 73 44 prae

775 766 94 49 fata
834 766 117 49 opinio
916 766 82 49 nec
963 766 70 49 in
998 766 82 49 se,
1045 766 82 49 nec
1092 766 70 49 in
1127 766 94 49 suis
1174 766 152 49 rationibus.

801 802 80 46 Et
841 802 106 46 ideo
907 802 93 46 est
960 802 119 46 alius
1039 802 146 46 dicendi
1145 802 119 46 modus
1212 802 119 46 quorun-

776 836 105 45 dam,
841 836 92 45 qui
894 836 144 45 ponunt,
998 836 105 45 vnum
1064 836 105 45 quod
1129 836 92 45 est
1168 836 157 45 principium

766 875 139 31 numeri
863 875 139 31 addere
960 875 125 31 supra
1043 875 125 31 vnum,
1126 875 111 31 quod
1182 875 152 31 conuerti-

770 907 86 44 tur
819 907 86 44 cum
868 907 98 44 ente
929 907 86 44 rem
978 907 122 44 aliam,
1063 907 147 44 scilicet
1173 907 183 44 terminatio¬

773 935 90 53 nem
825 935 206 53 accidentalem
992 935 77 53 de
1031 935 129 53 genere
1121 935 206 53 quantitatis;
1275 935 52 53 Vo

766 966 105 46 lunt
832 966 105 46 enim
897 966 118 46 isti,
976 966 105 46 quod
1042 966 118 46 omnis
1121 966 145 46 vnitas,
1226 966 92 46 vel
1265 966 66 46 sit

772 1006 140 44 quaedam
874 1006 191 44 terminatio,
1027 1006 89 44 vel
1078 1006 140 44 oriatur
1180 1006 76 44 ex
1206 1006 127 44 termina-

769 1036 129 50 tione;
859 1036 77 50 In
898 1036 142 50 entibus
1001 1036 116 50 autem
1078 1036 206 50 materialibus
1233 1036 103 50 (secun

762 1070 93 48 dum
815 1070 106 48 eos)
881 1070 93 48 est
935 1070 133 48 duplex
1028 1070 200 48 terminatio,
1188 1070 93 48 vna
1228 1070 106 48 essen-

771 1111 130 41 tialis,
866 1111 95 41 quae
925 1111 83 41 fit
973 1111 83 41 per
1020 1111 118 41 formam
1103 1111 213 41 substantialem,
1269 1111 59 41 se-

764 1142 140 44 cundum
862 1142 112 44 quam
932 1142 154 44 aliquid
1044 1142 98 44 ita
1101 1142 224 44 determinatur
1269 1142 56 44 ad

766 1172 96 41 esse
826 1172 84 41 hoc
874 1172 72 41 in
910 1172 96 41 tali
969 1172 132 41 specie,
1065 1172 96 41 quod
1125 1172 84 41 non
1173 1172 72 41 in
1208 1172 96 41 alia
1256 1172 72 41 spe-

765 1211 89 35 cie,
821 1211 89 35 alia
876 1211 89 35 vero
932 1211 78 35 est
977 1211 189 35 accidentalis,
1132 1211 89 35 quae
1188 1211 78 35 fit
1233 1211 78 35 per
1266 1211 67 35 quan

764 1243 166 46 titatem,
889 1243 166 46 secundum
1013 1243 111 46 quam
1083 1243 152 46 aliquid
1180 1243 152 46 determina

765 1274 94 44 tur
818 1274 80 44 ad
858 1274 107 44 esse
925 1274 147 44 tantum,
1032 1274 94 44 vel
1085 1274 134 44 tantum
1179 1274 80 44 sm
1219 1274 134 44 tantam

767 1311 92 39 vel
819 1311 131 39 tantam
911 1311 223 39 magnitudinem,
1095 1311 79 39 ex
1134 1311 118 39 prima
1213 1311 105 39 ergo
1265 1311 66 39 ter

763 1346 163 33 minatione
888 1346 163 33 consurgit
1013 1346 138 33 vnitas,
1113 1346 100 33 quae
1163 1346 163 33 conuertitur

768 1378 89 44 cum
819 1378 114 44 ente,
895 1378 76 44 ex
933 1378 139 44 secunda
1034 1378 114 44 vero,
1110 1378 139 44 vnitas,
1211 1378 101 44 quae
1262 1378 63 44 est

766 1408 203 48 principium
925 1408 159 48 numeri:
1041 1408 101 48 hoc
1098 1408 130 48 autem
1171 1408 159 48 supposito

766 1447 87 41 sic
815 1447 149 41 arguunt.
927 1447 112 41 Sicut
1001 1447 74 41 se
1039 1447 112 41 habet
1113 1447 174 41 terminatio
1237 1447 87 41 acci-

766 1477 164 46 dentalis
889 1477 82 46 ad
930 1477 232 46 terminationem
1121 1477 218 46 accidentalem

758 1511 85 42 ita
807 1511 170 42 terminatio
940 1511 183 42 essentialis
1087 1511 85 42 cum
1135 1511 110 42 ente,
1208 1511 85 42 sed
1245 1511 73 42 ter-

758 1548 140 45 minatio
860 1548 204 45 accidentalis
1025 1548 114 45 addit
1102 1548 76 45 ad
1127 1548 191 45 terminationem

761 1582 204 42 essentialem
924 1582 122 42 aliam
1006 1582 109 42 rem,
1074 1582 109 42 puta
1128 1582 190 42 quantitatem;

765 1619 115 38 ergo
836 1619 72 38 &
865 1619 129 38 vnum,
951 1619 115 38 quod
1023 1619 100 38 est
1080 1619 201 38 principium
1224 1619 86 38 nume

760 1654 91 48 ri,
812 1654 117 48 addit
890 1654 117 48 aliam
968 1654 91 48 rem
1020 1654 78 48 ad
1060 1654 117 48 vnum,
1138 1654 104 48 quod
1190 1654 130 48 conuerti

758 1681 95 44 tur
813 1681 95 44 cum
853 1681 95 44 ente.

794 1716 107 36 lsta
860 1716 120 36 etiam
940 1716 133 36 opinio
1034 1716 93 36 non
1087 1716 133 36 potest
1180 1716 120 36 stare
1247 1716 80 36 pro-

758 1744 127 48 pter
822 1744 111 48 tria.

790 1774 64 55 1
816 1774 115 55 Sicut
892 1774 89 55 ens
943 1774 89 55 non
994 1774 128 55 potest
1084 1774 153 55 recipere
1186 1774 140 55 simplici-

759 1817 94 43 ter
812 1817 201 43 additionem,
973 1817 94 43 ita
1027 1817 94 43 nec
1081 1817 107 43 vnum
1148 1817 107 43 quod
1201 1817 121 43 conuer-

756 1852 122 39 titur
838 1852 95 39 cum
892 1852 122 39 ente,
974 1852 95 39 nam
1028 1852 109 39 omne
1096 1852 150 39 additum
1205 1852 95 39 est
1246 1852 68 39 ex-

760 1881 88 39 tra
811 1881 150 39 rationem
923 1881 113 39 eius,
999 1881 88 39 cui
1049 1881 150 39 additur,
1162 1881 113 39 illud
1224 1881 88 39 autem

754 1918 104 44 quod
819 1918 91 44 est
871 1918 117 44 extra
949 1918 156 44 rationem
1065 1918 130 44 entis,
1156 1918 65 44 &
1182 1918 117 44 vnius
1247 1918 65 44 est

753 1956 132 39 omnino
845 1956 132 39 nihil,
924 1956 92 39 ergo.

751 1984 72 47 2
779 1984 115 47 Quia
851 1984 86 47 si
894 1984 129 47 ratio
980 1984 143 47 vnius,
1080 1984 115 47 quod
1138 1984 186 47 conuertitur

749 2018 91 51 cum
801 2018 104 51 ente
866 2018 130 51 oritur
957 2018 78 51 ex
996 2018 208 51 terminatione
1164 2018 130 51 solius
1242 2018 78 51 for-

754 2050 85 55 mae
802 2050 206 55 substantialis
972 2050 145 55 sequitur
1081 2050 97 55 quod
1141 2050 109 55 ratio
1214 2050 109 55 talis
1275 2050 48 55 v
