1500 2347
172 158 223 57 conditiones,
353 158 70 57 &
381 158 167 57 concedit
507 158 167 57 secundum
618 158 126 57 quartam

207 205 177 40 Secundo,
340 205 118 40 quia
413 205 88 40 in
458 205 103 40 Deo
516 205 103 40 non
575 205 147 40 potest
664 205 88 40 poni

184 241 181 45 multitudo
323 241 223 45 transcendens
504 241 167 45 secundum
630 241 111 45 suam
685 241 70 45 pro

185 281 119 36 priam
264 281 171 36 rationem,
396 281 92 36 qua
449 281 211 36 distinguitur
620 281 66 36 a
633 281 119 36 numero;

177 316 91 33 nam
229 316 78 33 de
268 316 143 33 ratione
372 316 208 33 multitudinis
528 316 221 33 transcendentis,

182 343 164 41 secundum
305 343 109 41 quod
374 343 219 41 distinguitur
552 343 68 41 a
579 343 151 41 numero,
675 343 82 41 est,

175 384 103 38 quod
240 384 90 38 vna
291 384 103 38 pars
356 384 206 38 multitudinis
523 384 90 38 sit
575 384 180 38 perfectior
703 384 52 38 a-

176 411 99 37 lia,
238 411 99 37 quia
300 411 112 37 talis
374 411 161 37 multitudo
498 411 124 37 semper
585 411 149 37 requirit
684 411 62 37 di-

178 448 199 46 uersitatem
334 448 171 46 secundum
462 448 142 46 genus,
562 448 100 46 vel
605 448 142 46 secundum

177 480 157 41 speciem:
295 480 196 41 Impossibile
451 480 118 41 autem
530 480 91 41 est
582 480 144 41 diuersa
674 480 78 41 gene

182 515 84 39 ra,
230 515 84 39 vel
278 515 144 39 diuersas
386 515 132 39 species
481 515 96 39 esse
541 515 108 39 aeque
601 515 144 39 perfectas.

180 548 85 40 in
222 548 142 40 numero
322 548 128 40 autem
407 548 128 40 omnes
492 548 142 40 partes
591 548 113 40 sunt
648 548 99 40 aequo

184 591 161 43 perfecte,
308 591 62 43 &
332 591 99 43 ideo
394 591 87 43 vbi
444 591 87 43 est
494 591 174 43 pluralitas
630 591 112 43 aeque
692 591 62 43 per

179 622 162 36 fectorum,
303 622 87 36 non
353 622 124 36 potest
440 622 187 36 simpliciter
589 622 124 36 negari
664 622 87 36 ratio

180 654 142 42 numeri,
283 654 142 42 quamuis
386 654 129 42 oossit
476 654 90 42 ibi
528 654 129 42 negari
618 654 116 42 ratio
683 654 64 42 mul

180 688 178 39 titudinis,
320 688 114 39 prout
396 688 89 39 est
447 688 165 39 distincta
574 688 64 39 a
600 688 140 39 numero,
688 688 64 39 cum

180 726 99 40 ergo
241 726 74 40 in
278 726 136 40 diuinis
377 726 86 40 sit
427 726 173 40 pluralitas
563 726 173 40 personarum
686 726 62 40 ae-

178 758 90 38 que
230 758 207 38 perfectarum,
398 758 232 38 rationabiliter
591 758 129 38 potest
669 758 77 38 con-

183 791 108 42 cedi,
255 791 96 42 quod
315 791 84 42 sit
364 791 84 42 ibi
412 791 120 42 aliqua
496 791 108 42 ratio
568 791 132 42 numeri,
665 791 108 42 sicut

179 823 156 48 concedit
296 823 156 48 praefata
399 823 117 48 opinio.

209 863 129 40 Tertio
299 863 155 40 videtur,
415 863 103 40 quod
480 863 103 40 iste
544 863 116 40 modus
621 863 90 40 sit
673 863 77 40 de
698 863 52 40 in

179 891 140 46 tentione
284 891 128 46 Damasc.
377 891 93 46 lib.
436 891 70 46 3.
471 891 70 46 c.
505 891 70 46 8.
540 891 82 46 vbi
587 891 93 46 ait,
645 891 93 46 quod
692 891 58 46 nu-

177 927 120 38 merus
257 927 94 38 est
310 927 134 38 eorum,
404 927 107 38 quae
471 927 187 38 differunt,
617 927 67 38 &
644 927 134 38 ibidem

175 964 194 41 subiungit,
327 964 166 41 secundum
452 964 124 41 autem
535 964 138 41 illud,
632 964 111 41 quod
687 964 69 41 dif

173 999 166 33 ferunt,
294 999 181 33 secundum
429 999 106 33 hoc
490 999 75 33 &
520 999 226 33 numerantur,
686 999 60 33 ex

177 1032 128 45 quibus
267 1032 128 45 verbis
357 1032 154 45 possumus
472 1032 128 45 statim
562 1032 154 45 inferre,
665 1032 77 45 quod

171 1068 89 38 cum
222 1068 140 38 diuinae
324 1068 153 38 personae
439 1068 166 38 differant
567 1068 153 38 secundum
669 1068 77 38 suas

176 1101 207 43 proprietates
344 1101 181 43 personales
486 1101 181 43 relatiuas,
616 1101 129 43 sequitur

170 1137 205 38 necessario,
334 1137 109 38 quod
403 1137 137 38 aliquo
498 1137 109 38 modo
566 1137 150 38 possint
662 1137 82 38 nume

176 1171 102 46 tari
240 1171 153 46 secundum
354 1171 102 46 eas,
418 1171 64 46 &
444 1171 89 46 per
494 1171 178 46 consequens
634 1171 102 46 erit
685 1171 64 46 ibi

168 1205 175 39 numerus,
300 1205 146 39 saltem
402 1205 175 39 secundum
534 1205 161 39 quartam
636 1205 117 39 condi-

170 1236 154 48 tionem,
282 1236 154 48 quamuis
394 1236 98 48 non
450 1236 168 48 secundum
576 1236 112 48 tres
632 1236 112 48 primas

169 1274 174 43 superius
286 1274 174 43 memoratas.

210 1304 160 40 Oecurrit
329 1304 120 40 tamen
409 1304 133 40 contra
502 1304 120 40 dicta
582 1304 93 40 vna
622 1304 120 40 dubita-

174 1337 107 53 tio,
241 1337 147 53 quomodo
348 1337 134 53 possit
441 1337 134 53 salari
535 1337 134 53 dictum
615 1337 134 53 Magistri

175 1373 109 40 sent.
247 1373 73 40 in
284 1373 97 40 ista
344 1373 109 40 dist.
417 1373 85 40 qui
465 1373 109 40 vult,
538 1373 97 40 quod
598 1373 133 40 termini
683 1373 60 40 nu-

175 1413 136 35 merales
274 1413 74 35 in
311 1413 136 35 diuinis
410 1413 87 35 non
460 1413 99 35 sint
522 1413 161 35 positiui,
646 1413 87 35 sed
683 1413 62 35 ne-

177 1439 148 51 gatiui,
284 1439 67 51 &
311 1439 174 51 remotiui;
445 1439 67 51 &
472 1439 148 51 quamuis
579 1439 94 51 non
633 1439 94 51 sit
673 1439 67 51 du-

170 1481 118 37 bium
244 1481 88 37 de
288 1481 118 37 vno,
362 1481 147 37 magnum
465 1481 133 37 tamen
553 1481 162 37 videtur
657 1481 88 37 esse

176 1513 154 43 dubium
283 1513 92 43 de
330 1513 169 43 numero,
453 1513 154 43 maxime
560 1513 169 43 ponendo
668 1513 77 43 ibi

172 1548 191 42 numerum
310 1548 104 42 eo
362 1548 156 42 modo,
467 1548 121 42 quo
536 1548 173 42 dictum
640 1548 104 42 est.

182 1579 173 40 Sciendum
311 1579 130 40 ergo,
398 1579 115 40 quod
470 1579 130 40 ratio
557 1579 144 40 numeri
657 1579 87 40 ex
686 1579 58 40 ea

180 1618 125 44 parte,
267 1618 88 44 qua
317 1618 150 44 importat
430 1618 225 44 distinctionem,
617 1618 113 44 magis
680 1618 63 44 est

169 1651 172 45 negatiua,
301 1651 106 45 quam
368 1651 172 45 positiua,
500 1651 106 45 quia
567 1651 133 45 semper
646 1651 93 45 prima

170 1684 108 40 radix
242 1684 205 40 distinctionis
411 1684 84 40 est
459 1684 181 40 affirmatio,
604 1684 60 40 &
616 1684 120 40 negatio,

173 1720 65 35 &
199 1720 103 35 ideo
264 1720 116 35 ratio
341 1720 129 35 numeri
432 1720 78 35 in
470 1720 168 35 creaturis
600 1720 142 35 dicitur
690 1720 52 35 po

169 1755 137 43 sitiua,
268 1755 87 43 non
318 1755 100 43 quia
380 1755 149 43 importet
492 1755 224 43 distinctionem,
679 1755 87 43 sed

167 1790 103 35 quia
232 1790 116 35 simul
309 1790 91 35 cum
361 1790 207 35 distinctione
529 1790 155 35 importat
633 1790 103 35 partes

169 1823 225 37 distinctas,
349 1823 75 37 &
379 1823 210 37 numeratas:
543 1823 105 37 Nam
588 1823 150 37 quantum-

168 1859 122 42 cunque
253 1859 171 42 distinctio
388 1859 86 42 sit
437 1859 135 42 positua
535 1859 184 42 formaliter,
670 1859 73 42 quia

166 1890 122 45 causa,
251 1890 61 45 &
275 1890 110 45 prima
348 1890 110 45 radis
421 1890 207 45 distinctionis
592 1890 85 45 est
628 1890 110 45 opposi-

170 1928 90 43 tio
221 1928 179 43 negationis
362 1928 77 43 ad
401 1928 231 43 affirmationem,
593 1928 115 43 debet
657 1928 77 43 dici

157 1959 159 45 negatiua
276 1959 212 45 radicaliter;
448 1959 185 45 quapropter
593 1959 172 45 relinqui

163 1996 113 37 tur,
233 1996 113 37 quod
304 1996 99 37 vbi
360 1996 155 37 numerus
473 1996 169 37 importat
599 1996 127 37 solam
670 1996 70 37 di-

166 2026 223 35 stinctionem,
347 2026 70 35 &
375 2026 125 35 nullo
459 2026 111 35 modo
528 2026 139 35 partes
612 2026 125 35 numera-

159 2060 130 46 easita
250 2060 91 46 sua
302 2060 117 46 ratio
381 2060 117 46 magis
459 2060 91 46 sit
511 2060 170 46 negatiua,
642 2060 104 46 quam
694 2060 52 46 po

160 2096 136 46 fitiuai
258 2096 62 46 &
283 2096 99 46 quia
345 2096 86 46 sic
394 2096 86 46 est
443 2096 74 46 in
480 2096 136 46 diuinis
579 2096 86 46 (vt
616 2096 123 46 superius

771 163 104 46 fuit
836 163 169 46 ostensum)
966 163 195 46 relinquitur
1122 163 156 46 insuper,
1239 163 117 46 quod,
1304 163 52 46 di

770 203 112 46 ctum
840 203 168 46 Magistri
966 203 140 46 possit
1064 203 224 46 conuenienter
1231 203 126 46 saluari

771 240 116 37 iuxta
849 240 103 37 viam
913 240 129 37 istam,
1004 240 168 37 scilicet,
1133 240 103 37 quod
1198 240 142 37 termini
1288 240 65 37 nu-

769 272 139 43 merales
871 272 76 43 in
908 272 139 43 diuinis
1010 272 101 43 sint
1073 272 164 43 negatiui,
1199 272 63 43 &
1225 272 89 43 sic
1262 272 89 43 patet

757 309 176 44 de
845 309 235 44 ista
962 309 381 44 quaestione.

792 345 138 36 AD
861 345 277 36 RATIONES
1045 345 300 36 PRINCIPAtES

847 379 71 38 D
875 379 169 38 rationem
1002 379 113 38 vero
1073 379 85 38 in
1115 379 183 38 oppositum
1242 379 113 38 potest

773 389 144 64 patere
873 389 101 64 per
931 389 101 64 iam
989 389 130 64 dicta
1075 389 115 64 quid
1147 389 101 64 sit
1190 389 159 64 dicendum;

765 447 103 44 Nam
824 447 162 44 Doetius
942 447 103 44 ita
1001 447 162 44 videtur
1119 447 133 44 loqui
1208 447 88 44 de
1237 447 118 44 numero

764 479 161 44 secundum
884 479 134 44 primas
978 479 107 44 tres
1045 479 214 44 conditiones,
1206 479 134 44 secundum

771 515 115 43 quem
843 515 130 43 modum
929 515 101 43 non
987 515 144 43 posset
1088 515 115 43 poni
1160 515 86 43 in
1203 515 101 43 Deo
1246 515 101 43 stan-

764 551 77 40 te
803 551 90 40 sua
854 551 155 40 vnitate,
971 551 65 40 &
996 551 219 40 simplicitate:
1177 551 90 40 sed
1229 551 77 40 in
1255 551 90 40 nullo

766 584 148 46 repugnat
876 584 98 46 suae
938 584 148 46 vnitati,
1049 584 62 46 &
1073 584 209 46 simplicitati,
1246 584 98 46 quod
1295 584 49 46 po

764 624 130 33 natur
850 624 101 33 ibi
908 624 173 33 secundum
1038 624 159 33 quartam
1139 624 202 33 conditionem,

761 654 131 38 Patent
853 654 144 38 igitur,
957 654 105 38 quae
1023 654 183 38 quaeruntur
1167 654 118 38 circa
1245 654 105 38 hanc
1298 654 52 38 to

770 688 101 42 tam
813 688 231 42 distinctionem.

785 754 500 47 DISTINCTIONIS
1167 754 176 47 ExV.

819 820 373 58 QV.AESTIO
1077 820 201 58 VNICA

769 892 120 51 Vtrum
849 892 134 51 illud,
942 892 107 51 quod
1009 892 214 51 significatur
1183 892 134 51 nomine
1263 892 80 51 per-

798 928 118 44 sonae,
881 928 82 44 sit
928 928 94 44 quid
987 928 188 44 abstrahibile
1139 928 71 44 ab
1175 928 94 44 ijs,
1234 928 71 44 de
1257 928 59 44 qui

840 964 95 37 bus
895 964 163 37 dicitur,
1017 964 68 37 &
1044 964 231 37 plurificabile
1234 964 82 37 in
1262 964 82 37 eis.

766 1104 343 37 ARGVITVR
1024 1104 200 37 PRO
1109 1104 229 37 PARTE.

937 1133 305 47 affirmatiumo.

759 1171 160 39 IILlud,
876 1171 116 39 quod
948 1171 218 39 praedicatur
1122 1171 218 39 communiter,
1296 1171 73 39 &

788 1207 212 37 pluraliter,
957 1207 155 37 videtur
1070 1207 113 37 esse
1141 1207 113 37 quid
1197 1207 141 37 commune,

763 1239 205 36 abstrahibile,
932 1239 60 36 &
956 1239 205 36 plurificabile
1125 1239 72 36 in
1161 1239 97 36 ijs,
1221 1239 72 36 de
1245 1239 97 36 quibus

760 1276 154 34 dicitur,
876 1276 90 34 sed
927 1276 206 34 significatum
1095 1276 116 34 huius
1172 1276 142 34 nominis
1262 1276 77 34 per-

759 1307 125 36 sona,
842 1307 97 36 est
898 1307 194 36 huiusmodi,
1050 1307 111 36 ergo
1119 1307 97 36 &c.
1175 1307 125 36 Maior
1244 1307 97 36 appa-

760 1341 92 41 ret
812 1341 79 41 in
852 1341 158 41 quolibet
970 1341 145 41 termino
1076 1341 197 41 vniuersali;
1234 1341 92 41 nam
1273 1341 66 41 qui

760 1373 113 39 libet
836 1373 151 39 terminus
949 1373 189 39 vniuersalis
1100 1373 176 39 significat
1226 1373 113 39 aliquod

760 1410 155 39 commune
873 1410 240 39 abstrahibile;
1071 1410 155 39 videmus
1184 1410 113 39 enim
1240 1410 99 39 ipsum

763 1441 176 42 praedicari
902 1441 189 42 communiter,
1053 1441 63 42 &
1078 1441 189 42 pluraliter,
1230 1441 88 42 est
1267 1441 76 42 enim

754 1483 103 35 hoc
813 1483 133 35 nobis
902 1483 162 35 tanquam
1020 1483 148 35 signum
1123 1483 222 35 necessarium
1286 1483 59 35 ex

754 1514 102 37 quo
813 1514 102 37 hoc
871 1514 174 37 arguimus
1001 1514 131 37 Minor
1088 1514 131 37 etiam
1175 1514 160 37 apparet
1277 1514 58 37 ne

753 1549 117 39 solum
831 1549 78 39 in
870 1549 182 39 creaturis,
1013 1549 91 39 sed
1066 1549 117 39 etiam
1144 1549 78 39 in
1183 1549 156 39 diuinis,
1287 1549 52 39 in

763 1579 131 45 quibus
855 1579 209 45 significatum
1025 1579 118 45 dicti
1103 1579 144 45 nominis
1195 1579 144 45 praedica-

759 1615 89 40 tur
810 1615 178 40 communiter
950 1615 76 40 de
988 1615 127 40 Patre,
1077 1615 127 40 Filio,
1167 1615 64 40 &
1192 1615 140 40 Spiritu
1281 1615 51 40 Sa

758 1652 101 41 cto,
822 1652 190 41 praedicatur
974 1652 114 41 etiam
1050 1652 76 41 de
1088 1652 127 41 eisdem
1164 1652 165 41 pluraliter,

761 1691 103 39 quia
825 1691 154 39 dicimus,
941 1691 103 39 quod
1006 1691 129 39 Pater,
1096 1691 142 39 Filius,
1199 1691 64 39 &
1211 1691 129 39 Spiritur

764 1717 141 47 panctus
867 1717 103 47 sunt
931 1717 103 47 tres
983 1717 141 47 personae.

790 1755 71 47 2
818 1755 142 47 Illud,
917 1755 127 47 cuius
1002 1755 227 47 significatum
1186 1755 99 47 non
1229 1755 113 47 impor-

757 1786 94 38 tat
810 1786 202 38 determinate
972 1786 202 38 relationem,
1134 1786 94 38 nec
1188 1786 121 38 etiam
1255 1786 81 38 sub-

757 1819 173 42 stantiam,
890 1819 93 42 vel
943 1819 146 42 aliquod
1049 1819 120 42 aliud
1129 1819 186 42 absolutum,
1262 1819 80 42 vide

754 1857 91 41 tur
806 1857 104 41 esse
871 1857 144 41 aliquod
976 1857 144 41 commune
1080 1857 91 41 per
1119 1857 222 41 indifferentiam,

756 1887 66 50 &
782 1887 238 50 abstractionem:
980 1887 92 50 sed
1033 1887 132 50 illud,
1126 1887 106 50 quod
1178 1887 159 50 significa-

756 1925 92 39 tur
808 1925 92 39 per
861 1925 92 39 hoc
914 1925 118 39 nomen
992 1925 158 39 persona,
1111 1925 92 39 nec
1163 1925 92 39 est
1203 1925 131 39 determi-

752 1958 105 44 nate
817 1958 157 44 relatio,
935 1958 92 44 nec
988 1958 197 44 substantia,
1145 1958 92 44 nec
1198 1958 144 44 aliquid
1290 1958 52 44 a-

749 1993 118 48 liud
823 1993 191 48 absolutum
970 1993 88 48 de
1014 1993 118 48 alio
1088 1993 162 48 genere,
1206 1993 118 48 ergo
1264 1993 74 48 &c.

758 2025 121 44 Maior
838 2025 134 44 patet,
932 2025 107 44 quia
999 2025 134 44 illud,
1093 2025 107 44 quod
1160 2025 94 44 non
1214 2025 94 44 est
1254 2025 81 44 quid

757 2057 151 41 commune
867 2057 96 41 per
922 2057 247 41 abstractionem,
1128 2057 165 41 importat
1238 2057 96 41 deter

754 2104 143 49 minate
854 2104 157 49 aliquam
968 2104 100 49 rem
1025 2104 86 49 de
1068 2104 143 49 aliquo
1168 2104 157 49 genere.
1268 2104 71 49 Mi
