1500 2331
146 179 139 43 prius,
243 179 97 43 aut
299 179 195 43 posterius.
452 179 236 43 Consequentiam
633 179 83 43 pro-

155 213 91 47 bo,
207 213 78 47 na
246 213 91 47 hoc
298 213 168 47 concesso,
427 213 117 47 prima
505 213 142 47 persona
595 213 117 47 praece-

157 246 93 47 dit
210 246 120 47 omnem
290 246 160 47 originem
409 246 80 47 in
449 246 160 47 diuinis,
569 246 120 47 aliae
635 246 80 47 vero

163 280 106 47 duae
229 280 172 47 sequuntur
362 280 159 47 originem
481 280 146 47 actiue,
587 280 66 47 &
601 280 119 47 passiue

136 312 166 48 sumptam.

206 324 138 66 Quarto,
307 324 188 66 sequeretur,
457 324 100 66 quod
520 324 126 66 diuina
596 324 126 66 essentia

159 386 93 37 per
212 386 120 37 actum
292 386 213 37 generationis
464 386 186 37 acquireret
597 386 120 37 aliquam

165 419 197 42 variationem,
325 419 99 42 quod
387 419 86 42 est
436 419 197 42 impossibile.
584 419 136 42 Consequen

156 450 108 42 tiam
223 450 134 42 probo;
317 450 94 42 nam
371 450 148 42 quamuis
478 450 148 42 relatio
586 450 134 42 nullam
666 450 54 42 fa

155 487 103 36 ciat
219 487 180 36 nouitatem,
361 487 90 36 vel
412 487 193 36 variationem
566 487 77 36 in
592 487 128 36 fundamen

154 516 91 40 to,
206 516 116 40 modus
283 516 116 40 tamen
361 516 168 40 absolutus
490 516 181 40 acquisitus
632 516 91 40 per
671 516 52 40 a-

157 550 148 42 liquem
261 550 133 42 actum
349 550 162 42 videtur
467 550 177 42 inducere
585 550 133 42 quandam

162 586 182 42 variationem
307 586 73 42 in
344 586 85 42 eo,
392 586 85 42 cui
428 586 158 42 acquiritur.

197 618 144 43 Quinto,
301 618 196 43 sequeretur,
458 618 104 43 quod
523 618 104 43 isti
588 618 104 43 modi
654 618 91 43 non

153 650 192 42 fundarentur
307 650 77 42 in
345 650 154 42 essentia
461 650 115 42 aeque
538 650 179 42 immediate,
679 650 64 42 &

153 690 88 42 per
204 690 176 42 consequens
342 690 88 42 nec
392 690 138 42 aequali
493 690 201 42 necessitate,
644 690 75 42 quod

155 727 97 35 est
210 727 180 35 absurdum;
349 727 111 35 Quia
418 727 111 35 tunc
487 727 152 35 diuinae
584 727 138 35 personae

153 756 90 40 non
205 756 116 40 erunt
282 756 116 40 aeque
360 756 207 40 necessariae.
527 756 219 40 Consequentiam

149 788 132 51 probo,
241 788 106 51 quia
308 788 119 51 modus
387 788 119 51 ille,
466 788 93 51 per
519 788 106 51 quem
572 788 146 51 constitue

153 828 120 43 retur
233 828 120 43 prima
312 828 160 43 persona,
432 828 200 43 praeueniret
592 828 120 43 omnem
659 828 53 43 a-

158 859 104 37 ctum
223 859 195 37 notionalem,
379 859 65 37 &
405 859 182 37 fundaretur
548 859 78 37 in
574 859 143 37 essentia,

148 898 91 39 non
200 898 195 39 mediantibus
356 898 143 39 actibus
461 898 221 39 notionalibus.

188 927 129 46 Sexto,
278 927 194 46 sequeretur,
433 927 103 46 quod
498 927 142 46 diuinum
601 927 103 46 esse
653 927 65 46 non

154 961 111 44 esset
228 961 186 44 simpliciter
376 961 173 44 infinitum,
513 961 99 44 quod
574 961 87 44 est
612 961 111 44 falsum.

156 990 201 39 Consequentia
320 990 164 39 probatur,
446 990 101 39 quia
509 990 76 39 si
547 990 113 39 esset
610 990 113 39 infini-

156 1026 96 42 tum,
216 1026 96 42 pari
276 1026 144 42 ratione,
384 1026 84 42 qua
432 1026 180 42 identificat
576 1026 96 42 sibi
624 1026 84 42 perfe

150 1062 141 52 ctiones
252 1062 179 52 absolutas,
393 1062 141 52 deberet
495 1062 102 52 sibi
546 1062 179 52 identificare

155 1095 184 54 quoscunque
299 1095 118 54 modos
365 1095 157 54 absolutos.

187 1132 159 39 Septimo,
306 1132 198 39 sequeretur,
465 1132 106 39 quod
531 1132 119 39 dicta
597 1132 119 39 Sancto-

157 1162 86 42 rum
206 1162 123 42 essent
292 1162 123 42 falsa,
378 1162 98 42 quia
439 1162 86 42 hoc
488 1162 86 42 est
537 1162 147 42 expresse
647 1162 74 42 de
672 1162 49 42 in

157 1197 149 41 tentione
268 1197 162 41 Sanctorum
393 1197 62 41 (
418 1197 112 41 sicut
492 1197 137 41 patebit
592 1197 75 41 in
617 1197 99 41 sequen

163 1233 62 43 ti
183 1233 72 43 artic

192 1267 122 43 Quibus
277 1267 147 43 omissis,
387 1267 147 43 concludo
497 1267 195 43 simpliciter,
644 1267 73 43 quod

162 1302 199 40 proprietates
323 1302 186 40 personales,
472 1302 87 40 per
521 1302 99 40 quas
571 1302 149 40 constituun

159 1336 86 41 tur
208 1336 136 41 diuinae
307 1336 160 41 personae,
430 1336 86 41 non
479 1336 99 41 sunt
541 1336 99 41 modi
590 1336 123 41 absoluti

156 1369 160 49 Rationes
276 1369 120 49 etiam
356 1369 160 49 alterius
476 1369 173 49 opinionis
609 1369 93 49 non
649 1369 67 49 co-

153 1400 106 46 gunt

186 1427 85 49 Ad
228 1427 155 49 primam,
341 1427 113 49 dico
412 1427 155 49 maiorem
525 1427 99 49 non
581 1427 113 49 esse
637 1427 71 49 vni

155 1472 184 33 uersaliter
300 1472 132 33 veram,
392 1472 119 33 etiam
471 1472 79 33 in
510 1472 184 33 creaturis;
655 1472 92 33 nam

162 1503 152 42 videmus,
276 1503 101 42 quod
339 1503 152 42 scientia
453 1503 88 42 non
503 1503 126 42 potest
579 1503 139 42 intelligi

156 1534 169 44 constituta
289 1534 73 44 in
325 1534 85 44 suo
374 1534 109 44 esse,
446 1534 145 44 antequam
555 1534 157 44 referatur
664 1534 48 44 ac

157 1573 157 43 scibile.
275 1573 144 43 Videmus
380 1573 131 43 etiam,
472 1573 105 43 quod
537 1573 157 43 creatura
655 1573 92 43 non

170 1605 116 45 potest
252 1605 151 45 intelligi
368 1605 70 45 in
403 1605 81 45 suo
450 1605 105 45 esse,
519 1605 140 45 antequam
612 1605 105 45 refera-

156 1636 95 46 tur
211 1636 81 46 ad
251 1636 108 46 Deum
319 1636 81 46 in
360 1636 81 46 eo
400 1636 108 46 quod
468 1636 162 46 creatum,
590 1636 95 46 hoc
630 1636 95 46 auten

155 1672 103 41 ideo
219 1672 179 41 contingit,
360 1672 103 41 quia
424 1672 167 41 respectus
552 1672 167 41 creaturae
668 1672 51 41 ad

162 1709 99 44 Deum
223 1709 86 44 est
273 1709 99 44 sibi
334 1709 197 44 intrinsecus,
494 1709 62 44 ,
519 1709 62 44 &
544 1709 172 44 naturalis;
679 1709 62 44 &

157 1742 111 44 eodem
231 1742 98 44 modo
292 1742 160 44 respectus
415 1742 160 44 scientiae
538 1742 74 44 ad
575 1742 135 44 scibile
661 1742 62 44 est

155 1776 94 38 ipsi
214 1776 153 38 scientiae
331 1776 188 38 intrinsecus,
484 1776 59 38 &
508 1776 188 38 essentialis;
649 1776 70 38 qua-

155 1813 152 36 propter
266 1813 166 36 videtur,
390 1813 110 36 quod
459 1813 124 36 Maior
542 1813 138 36 habeat
624 1813 97 36 locum

160 1840 112 40 solum
234 1840 87 40 vbi
284 1840 137 40 relatio
383 1840 87 40 est
433 1840 186 40 extrinseca,
582 1840 62 40 &
595 1840 124 40 acciden-

148 1879 106 41 talis
219 1879 95 41 illi
278 1879 154 41 supposito
397 1879 71 41 in
432 1879 83 41 quo
479 1879 95 41 est:
539 1879 83 41 qua
586 1879 118 41 Maiore
657 1879 59 41 con

157 1912 117 37 cessa
235 1912 156 37 secundum
352 1912 104 37 hunc
417 1912 208 37 intellectum,
587 1912 117 37 adhuc
652 1912 65 37 non

148 1945 151 42 habetur
258 1945 205 42 propositum,
422 1945 109 42 quia
490 1945 205 42 relationes,
641 1945 82 42 quae

152 1979 93 43 sunt
210 1979 70 43 in
245 1979 128 43 diuinis
338 1979 151 43 personis,
454 1979 93 43 sunt
512 1979 81 43 eis
559 1979 186 43 intrinsecae,

156 2012 64 42 &
169 2012 166 42 essentiales

191 2041 197 40 Authoritas
346 2041 127 40 autem
430 2041 183 40 Augustini
570 2041 98 40 non
613 2041 98 40 cogit

154 2080 98 51 quia
215 2080 123 51 potest
301 2080 160 51 intelligi
425 2080 98 51 quod
486 2080 123 51 illud,
572 2080 98 51 quod
634 2080 111 51 dici

740 179 82 41 tur
787 179 153 41 relatiue,
905 179 82 41 sit
952 179 129 41 aliquod
1046 179 106 41 aliud
1116 179 129 41 excepta
1198 179 106 41 relatio

740 210 93 42 ne,
793 210 93 42 non
846 210 146 42 ratione
952 210 93 42 qua
1005 210 185 42 relatiuum,
1150 210 93 42 sed
1190 210 119 42 ratione

740 244 96 52 qua
795 244 165 52 includit
919 244 152 52 aliquod
1030 244 193 52 absolutum,
1181 244 152 52 tanquam

740 278 107 43 uum
801 278 244 43 fundamentum,
999 278 122 43 quod
1076 278 153 43 quidem
1168 278 138 43 absolu-

746 313 90 48 tum
798 313 90 48 est
849 313 142 48 aliquid
952 313 142 48 excepta
1055 313 180 48 relatione.
1197 313 90 48 Vel
1236 313 64 48 po-

739 347 102 40 test
803 347 166 40 intelligi
930 347 140 40 secundo
1032 347 115 40 modo,
1109 347 102 40 quod
1160 347 140 40 relatiuum

735 386 86 39 sit
784 386 148 39 aliquid,
895 386 135 39 excepto
993 386 86 39 eo,
1042 386 98 39 quod
1104 386 148 39 relatiue
1215 386 111 39 dici

738 415 94 49 tur,
797 415 105 49 idest
867 415 82 49 est
914 415 129 49 aliquid
1008 415 70 49 in
1043 415 82 49 se,
1090 415 129 49 excepto
1172 415 105 49 termino

734 433 82 66 ad
775 433 109 66 quem
843 433 150 66 dicitur
953 433 177 66 relatiue,
1089 433 68 66 &
1116 433 95 66 hoc
1171 433 123 66 etiam
1239 433 68 66 est

745 485 133 49 verum:
838 485 93 49 non
891 485 119 49 tamen
970 485 119 49 valet
1050 485 93 49 eis
1103 485 80 49 ad
1130 485 172 49 propositum,

743 518 74 49 vt
780 518 124 49 clarum
854 518 74 49 est.

766 531 85 67 Ad
808 531 170 67 secundam
936 531 113 67 nego
1006 531 170 67 Maiorem,
1133 531 113 67 quia
1190 531 99 67 illud

738 585 102 47 quod
802 585 152 47 refertur
916 585 178 47 relatione,
1056 585 89 47 non
1106 585 89 47 est
1157 585 114 47 ipsum
1221 585 63 47 fun

735 621 159 38 damentum
854 621 199 38 relationis,
1013 621 93 38 sed
1066 621 119 38 ipsum
1132 621 146 38 relatiuum

741 653 83 54 vt
783 653 166 54 includit
907 653 207 54 relationem:
1073 653 97 54 Nam
1128 653 124 54 sicut
1197 653 97 54 album

744 685 141 47 ncludit
847 685 180 47 albedinem,
988 685 90 47 ita
1039 685 180 47 relatiuum,
1181 685 103 47 quod
1232 685 64 47 re-

738 721 141 51 fertur,
841 721 154 51 includit
956 721 193 51 relationem:
1110 721 180 51 Quapropter
1239 721 64 51 non

739 754 92 41 est
791 754 171 41 dicendum,
923 754 105 41 quod
988 754 131 41 illud,
1080 754 105 41 quod
1146 754 157 41 refertur
1251 754 52 41 pa

742 794 182 41 ternitate,
885 794 91 41 sit
937 794 117 41 ipsum
1015 794 208 41 fundamentum,
1184 794 104 41 quod
1236 794 65 41 sub

741 823 93 53 stat
799 823 186 53 paternitati,
950 823 81 53 sed
997 823 105 53 ipsum
1067 823 163 53 suppositum
1194 823 128 53 patris,

741 857 108 54 quod
808 857 215 54 constituitur
982 857 94 54 per
1036 857 228 54 paternitatem,
1224 857 67 54 &
1238 857 67 54 in-

741 891 132 49 cludit
820 891 79 49 eam.

770 904 85 64 Ad
812 904 156 64 tertiam
926 904 184 64 dicendum,
1067 904 113 64 quod
1124 904 170 64 relationes

740 955 76 53 de
778 955 139 53 secundo
880 955 114 53 modo,
955 955 114 53 sicut
1031 955 101 53 sunt
1095 955 177 53 relationes
1221 955 76 53 pro-

730 992 176 50 ducentis,
866 992 68 50 &
893 992 176 50 producti,
1028 992 95 50 non
1082 992 122 50 solum
1149 992 149 50 supponunt

735 1027 222 52 distinctionem
918 1027 131 52 realem
1009 1027 196 52 extremorum,
1166 1027 92 52 sed
1206 1027 92 52 etiam

737 1066 138 42 causant
837 1066 100 42 eam,
899 1066 75 42 si
937 1066 88 42 eam
987 1066 88 42 non
1037 1066 175 42 inueniant,
1174 1066 100 42 quia
1224 1066 75 42 sunt

735 1093 131 42 omnino
826 1093 248 42 incompossibiles
1036 1093 78 42 in
1075 1093 118 42 eodem
1140 1093 157 42 supposito,

734 1131 60 48 &
758 1131 97 48 quia
819 1131 181 48 relationes,
964 1131 97 48 quae
1024 1131 97 48 sunt
1084 1131 73 48 in
1121 1131 145 48 diuinis,
1217 1131 73 48 sunt

738 1162 82 39 de
779 1162 150 39 secundo
888 1162 123 39 modo,
970 1162 68 39 &
997 1162 95 39 non
1052 1162 232 39 praeinueniunt
1229 1162 68 39 ibi

733 1203 143 40 aliquam
837 1203 221 40 distinctionem
1019 1203 143 40 realem,
1124 1203 143 40 idcirco
1215 1203 91 40 habet

738 1229 87 50 eam
787 1229 174 50 necessario
924 1229 149 50 causare.
1036 1229 75 50 Et
1073 1229 99 50 hinc
1135 1229 99 50 est,
1198 1229 99 50 quod
1247 1229 50 50 re

738 1264 170 49 lationes
865 1264 85 49 de
908 1264 156 49 secundo
1021 1264 113 49 modo
1092 1264 142 49 nuquam
1177 1264 128 49 possunt

740 1300 112 43 esse
810 1300 168 43 secundum
936 1300 182 43 rationem,
1076 1300 98 43 sed
1132 1300 140 43 semper
1216 1300 84 43 sunt

739 1332 130 49 reales,
834 1332 83 49 vel
881 1332 94 49 quia
940 1332 154 49 inueniunt
1058 1332 118 49 realem
1129 1332 177 49 distinctionem

738 1363 75 55 in
775 1363 163 55 extremis,
900 1363 88 55 vel
950 1363 88 55 eam
1000 1363 150 55 causant,
1113 1363 175 55 relationes
1238 1363 63 55 au-

739 1399 101 51 tem
796 1399 86 51 de
839 1399 129 51 primo
925 1399 115 51 modo
997 1399 158 51 nunquam
1112 1399 158 51 causant
1213 1399 86 51 rea-

737 1437 87 50 lem
786 1437 212 50 distinctionem
961 1437 75 50 in
999 1437 162 50 extremis,
1123 1437 87 50 sed
1173 1437 87 50 eam
1211 1437 87 50 prae-

738 1469 190 46 supponunt,
887 1469 68 46 &
914 1469 108 46 ideo
982 1469 108 46 nisi
1050 1469 95 46 eas
1104 1469 190 46 inueniant,
1239 1469 68 46 non

738 1502 104 42 sunt
803 1502 181 42 relationes
945 1502 142 42 reales,
1049 1502 104 42 immo
1114 1502 155 42 secundum
1217 1502 91 42 ratio

742 1542 94 40 nem,
801 1542 106 40 sicut
871 1542 106 40 patet
942 1542 70 40 de
977 1542 152 40 relatione
1094 1542 188 40 identitatis,
1235 1542 70 40 quae

733 1582 90 37 est
785 1582 77 37 de
823 1582 116 37 primo
901 1582 116 37 modo,
978 1582 64 37 &
1004 1582 103 37 ideo
1068 1582 129 37 illud,
1158 1582 103 37 quod
1210 1582 90 37 indum

743 1609 134 42 cebatur
840 1609 73 42 de
877 1609 159 42 relatione
999 1609 195 42 identitatis,
1158 1609 85 42 non
1194 1609 110 42 impedit

736 1641 214 51 propositum
904 1641 184 51 nostrum,
1042 1641 122 51 immo
1118 1641 138 51 magis
1195 1641 107 51 ipsum

724 1675 163 41 confirmat.

780 1685 85 64 Ad
822 1685 155 64 quartam
935 1685 183 64 dicendum,
1076 1685 113 64 quod
1133 1685 169 64 relationes

742 1737 161 56 personales
869 1737 92 56 sunt
927 1737 69 56 se
961 1737 104 56 ipsis
1031 1737 150 56 diuersae,
1146 1737 81 56 nec
1192 1737 104 56 habet
1249 1737 58 56 ali

735 1775 126 48 quod
814 1775 173 48 commune
940 1775 173 48 tanquam
1066 1775 205 48 superius,
1208 1775 94 48 quia

742 1811 153 46 ostensum
857 1811 102 46 fuit
921 1811 77 46 in
960 1811 90 46 10.
1011 1811 115 46 dist.
1088 1811 128 46 quando
1164 1811 141 46 quaereba-

743 1841 98 49 tur,
804 1841 110 49 Vtrum
877 1841 134 49 diuinae
975 1841 147 49 personae
1085 1841 122 49 essent
1171 1841 122 49 partes
1244 1841 61 49 es-

739 1872 162 50 sentiales,
866 1872 81 50 vel
913 1872 162 50 integrales
1040 1872 162 50 essentiae,
1167 1872 92 50 quod
1224 1872 69 50 in
1247 1872 58 50 di-

740 1908 111 55 uinis
814 1908 86 55 non
863 1908 124 55 potest
950 1908 148 55 inueniri
1061 1908 111 55 ratio
1135 1908 124 55 totius
1209 1908 99 55 vniuer

733 1946 87 42 salis.

771 1953 93 73 Ad
817 1953 170 73 quintam
941 1953 124 73 nego
1018 1953 278 73 consequentiam,
1235 1953 77 73 nec

742 2012 108 50 eius
809 2012 161 50 probatio
930 2012 135 50 valet,
1024 2012 108 50 quia
1091 2012 94 50 non
1145 2012 148 50 oportet
1239 2012 81 50 quod

741 2043 173 47 suppositum
876 2043 173 47 preexistat
1012 2043 123 47 actui,
1098 2043 99 47 quem
1160 2043 136 47 elicit,
1246 2043 74 47 nisi

747 2077 85 56 vbi
795 2077 109 56 actus
868 2077 85 56 est
917 2077 146 56 realiter
1026 2077 170 56 distinctus
1160 2077 61 56 a
1172 2077 134 56 supposito
