1500 2336
185 150 196 54 distinguere
342 150 183 54 supposita,
486 150 105 54 siue
538 150 131 54 personas

223 197 95 40 Sed
278 197 95 40 nec
332 197 108 40 iste
399 197 122 40 modus
480 197 149 40 videtur
575 197 162 40 conueniens

218 230 121 43 Primo,
303 230 97 43 quia
363 230 145 43 relatio,
472 230 73 43 vt
509 230 85 43 est
557 230 182 43 subsistens,
690 230 61 43 est

184 267 135 37 omnino
279 267 108 37 idem
347 267 108 37 quod
414 267 162 37 persona:
536 267 81 37 si
576 267 108 37 ergo
630 267 122 37 consti-

187 299 98 47 tuit
248 299 159 47 personam,
370 299 73 47 vt
407 299 184 47 subsistens,
554 299 147 47 sequitur
652 299 98 47 psonam

185 330 202 49 constituere
333 330 135 49 seipsam.

219 369 161 38 Secundo,
339 369 107 38 quia
406 369 201 38 sequeretur,
567 369 107 38 quod
634 369 121 38 omnis
701 369 54 38 re

188 402 111 38 latio
261 402 74 38 in
298 402 135 38 diuinis
397 402 111 38 esset
470 402 209 38 constitutiua,
642 402 98 38 quod
692 402 61 38 non

190 437 135 39 videtur
288 437 98 39 esse
350 437 123 39 verum,
436 437 123 39 saltem
522 437 74 39 de
559 437 172 39 spiratione
682 437 74 39 acti

186 473 94 43 ua;
239 473 215 43 Consequentia
414 473 161 43 apparet,
535 473 108 43 quia
602 473 121 43 omnis
669 473 81 43 diui

184 504 77 47 na
223 504 142 47 relatio
326 504 90 47 est
364 504 155 47 subsistens

220 539 132 44 Tertio,
316 539 96 44 quia
376 539 72 44 si
412 539 192 44 subsistentia
569 539 108 44 esset
641 539 108 44 ratio
701 539 60 44 con

188 571 176 39 stituendi,
327 571 189 39 sequeretur,
478 571 101 39 quod
541 571 189 39 differentia
679 571 76 39 con-

190 606 169 38 stitutiua
320 606 130 38 semper
411 606 117 38 esset
488 606 195 38 subsistens;
644 606 104 38 quod
696 606 65 38 est

187 641 124 36 falsum
273 641 211 36 vniuersaliter
447 641 74 36 in
472 641 149 36 creaturis.

221 669 179 53 Respondeo
359 669 110 53 ergo
427 669 110 53 ipse
496 669 179 53 breuiter,
633 669 110 53 quod
688 669 69 53 cum

197 707 158 46 queritur,
318 707 97 46 vnde
379 707 122 46 habeat
464 707 134 46 relatio
562 707 61 46 i
586 707 146 46 diuinis,
683 707 73 46 quod

185 750 128 36 possit
275 750 205 36 constituere,
441 750 64 36 &
467 750 205 36 distinguere,
633 750 102 36 quod
684 750 64 36 hoc

185 785 141 36 habet,
284 785 99 36 non
340 785 184 36 inquantum
482 785 155 36 relatio
580 785 170 36 communiter

186 816 141 39 sumpta,
289 816 90 39 sed
340 816 167 39 inquantum
469 816 116 39 talis
546 816 154 39 relatio;
649 816 103 39 inquan

184 847 94 42 tum
237 847 108 42 enim
305 847 121 42 talis
385 847 148 42 relatio
493 847 175 42 competunt
628 847 108 42 sibi
682 847 67 42 om-

182 883 104 46 nia,
247 883 104 46 quae
312 883 104 46 sunt
377 883 78 46 de
416 883 143 46 ratione
519 883 208 46 differentiae
675 883 78 46 con

175 918 146 38 stitutiuae

236 950 100 38 vbi
293 950 186 38 sciendum,
436 950 115 38 quod
508 950 86 38 si
551 950 200 38 attendamus
694 950 57 38 ad

192 982 179 52 creaturas,
333 982 77 52 ex
371 982 128 52 quibus
461 982 153 52 debemus,
576 982 77 52 ad
614 982 128 52 diuina
691 982 64 52 con

194 1017 154 43 cendere,
310 1017 90 43 duo
361 1017 141 43 videmus
464 1017 103 43 esse
528 1017 77 43 de
566 1017 141 43 ratione
656 1017 90 43 diffe

190 1050 126 41 rentiae
281 1050 206 41 constitutinae,
453 1050 149 41 scilicet,
568 1050 92 41 quod
625 1050 80 41 sit
659 1050 92 41 essen-

182 1085 136 42 tialis,
281 1085 62 42 &
306 1085 99 42 quod
368 1085 87 42 sit
417 1085 149 42 propria,
529 1085 87 42 cum
578 1085 99 42 ergo
640 1085 99 42 ista
690 1085 62 42 duo

187 1126 163 44 conueniant
316 1126 152 44 relationi
432 1126 140 44 diuinae,
537 1126 187 44 relinquitur,
677 1126 70 44 quod

182 1155 125 48 possit
269 1155 125 48 habere
356 1155 149 48 rationem
468 1155 199 48 differentiae
617 1155 125 48 constitu

180 1192 125 48 tiuae.
267 1192 87 48 Nam
317 1192 100 48 quod
379 1192 87 48 sit
429 1192 187 48 essentialis
578 1192 150 48 apparet,
678 1192 75 48 quia

177 1222 78 40 in
216 1222 91 40 Deo
268 1222 91 40 non
320 1222 130 40 potest
411 1222 156 40 reperiri
529 1222 143 40 aliquod
620 1222 130 40 acciden-

177 1263 123 39 tale,
259 1263 82 39 vt
300 1263 192 39 conceditur
451 1263 82 39 ab
492 1263 164 39 omnibus,
615 1263 68 39 &
629 1263 123 39 suppono

184 1294 78 37 ad
223 1294 169 37 praesens.
353 1294 104 37 Quod
418 1294 117 37 autem
497 1294 91 37 sit
549 1294 143 37 propria
640 1294 104 37 patet,

181 1329 104 44 quia
246 1329 104 44 illa
311 1329 156 44 relatio,
428 1329 91 44 per
479 1329 104 44 quam
544 1329 143 44 ponitur
635 1329 117 44 persona

181 1360 182 40 constitui,
324 1360 91 40 est
376 1360 130 40 omnino
467 1360 260 40 incommunicabilis
674 1360 78 40 alte

190 1398 76 42 ri
228 1398 164 42 personae,
355 1398 63 42 &
380 1398 101 42 hinc
443 1398 88 42 est
493 1398 101 42 quod
557 1398 139 42 quamuis
658 1398 76 42 in
683 1398 63 42 di-

184 1431 116 37 uinis
261 1431 154 37 ponantur
377 1431 141 37 quatuor
480 1431 193 37 relationes,
634 1431 103 37 tres
686 1431 64 37 ta-

182 1460 86 46 men
231 1460 111 46 solae
305 1460 148 46 ponuntur
416 1460 209 46 proprietates,
588 1460 160 46 scilicet,
699 1460 49 46 pa

189 1494 149 48 ternitas,
303 1494 149 48 filiatio,
418 1494 57 48 &
441 1494 138 48 spiratio
544 1494 138 48 passiua,
636 1494 115 48 spiratio

179 1531 134 40 autem
268 1531 149 40 actiua
372 1531 104 40 non
432 1531 134 40 ponit
521 1531 89 40 in
566 1531 164 40 numerum
670 1531 74 40 cum

180 1566 94 41 eis,
239 1566 71 41 vt
275 1566 94 41 sunt
334 1566 201 41 proprietates,
499 1566 83 41 sed
546 1566 71 41 vt
582 1566 94 41 sunt
629 1566 118 41 relatio-

181 1599 112 44 nes,
251 1599 70 44 &
279 1599 112 44 ideo
348 1599 167 44 dicuntur
474 1599 153 44 quatuor
572 1599 167 44 relationes

211 1634 84 40 Ex
253 1634 141 40 quibus
351 1634 155 40 omnibus
464 1634 169 40 apparet,
590 1634 112 40 quod
647 1634 98 40 rela-

178 1668 84 43 tio
226 1668 120 43 potest
310 1668 120 43 habere
395 1668 145 43 rationem
503 1668 193 43 differentiae
648 1668 96 43 consti

180 1703 134 42 tutiuae
278 1703 73 42 in
314 1703 147 42 diuinis;
424 1703 86 42 Tum
473 1703 98 42 quia
534 1703 196 42 essentialis;
681 1703 61 42 Tun

185 1742 101 42 quia
249 1742 139 42 propria
350 1742 63 42 :
375 1742 63 42 e
400 1742 126 42 contra
489 1742 114 42 autem
564 1742 76 42 in
602 1742 177 42 creaturis,

176 1768 86 44 nam
225 1768 99 44 quia
287 1768 161 44 deficiunt
410 1768 74 44 ei
447 1768 111 44 ambae
522 1768 124 44 dictae
608 1768 161 44 conditio

174 1804 95 44 nes,
233 1804 83 44 vel
281 1804 119 44 saltem
364 1804 119 44 altera
447 1804 142 44 illarum,
554 1804 131 44 idcirco
649 1804 71 44 in
673 1804 71 44 nul-

176 1837 79 43 la
215 1837 158 43 creatura
334 1837 131 43 potest
426 1837 145 43 relatio
531 1837 131 43 habere
610 1837 131 43 rationem

185 1873 186 41 differentiae
336 1873 209 41 constitutiuae,
510 1873 58 41 &
533 1873 93 41 haec
591 1873 70 41 de
626 1873 81 41 hoc
661 1873 81 41 arti-

175 1906 116 43 culo.
252 1906 141 43 Reliqua
355 1906 77 43 de
394 1906 167 43 relatione
522 1906 116 43 dubia
600 1906 77 43 in
625 1906 116 43 diuinis

172 1942 122 46 locum
254 1942 163 46 habebunt
376 1942 82 46 in
417 1942 95 46 35.
458 1942 136 46 distinct

175 2005 340 46 ARTICVLVS
410 2005 288 46 QV.ARTVS.

179 2039 121 48 Vtrum
259 2039 94 48 cum
313 2039 135 48 tribus
408 2039 243 48 proprietatibus
597 2039 148 48 relatiuis

204 2077 118 57 possit
287 2077 106 57 stare
358 2077 130 57 aliquod
452 2077 165 57 suppositum
570 2077 142 57 absolutum.

854 232 90 47 Vic
906 232 129 47 artic.
996 232 129 47 quidam
1086 232 193 47 affirmatiue
1227 232 116 47 respon-

854 265 111 43 dent,
927 265 61 43 &
952 265 86 43 hoc
1001 265 184 43 tripliciter
1136 265 123 43 probant.

841 292 113 47 Omnis
917 292 126 47 natura
1005 292 227 47 intellectualis
1194 292 88 47 per
1232 292 113 47 seipsam

769 334 178 50 subsistens
909 334 114 50 habet
985 334 152 50 rationem
1099 334 178 50 suppositi,
1239 334 63 50 &
1251 334 89 50 perso

770 367 111 41 nae:
839 367 138 41 natura
936 367 138 41 diuina
1033 367 97 41 est
1088 367 138 41 maxime
1171 367 166 41 huiusmodi,

775 404 112 41 ergo
845 404 98 41 &c.
901 404 126 41 Maior
986 404 126 41 patet
1070 404 98 41 per
1126 404 211 41 inductionem
1281 404 56 41 in

769 439 167 36 Angelis,
894 439 70 36 &
922 439 195 36 hominibus.
1075 439 125 36 Minor
1158 439 167 36 probatur
1270 439 70 36 per

772 473 73 44 P.
808 473 97 44 Aug.
869 473 73 44 7.
905 473 73 44 de
941 473 109 44 Trin.
1014 473 97 44 cap.
1074 473 85 44 18.
1122 473 85 44 vbi
1171 473 97 44 ait,
1231 473 97 44 quod
1280 473 60 44 om-

769 509 98 40 nis
825 509 98 40 res
881 509 84 40 ad
923 509 153 40 seipsam
1034 509 195 40 subsistit,
1188 509 140 40 quanto
1271 509 98 40 magis

777 542 126 38 Deus:
861 542 153 38 Constat
972 542 140 38 autem,
1070 542 112 38 quod
1140 542 84 38 P.
1182 542 153 38 August.
1279 542 70 38 ibi

775 574 164 42 loquitur
899 574 82 42 de
940 574 219 42 subsistentia
1118 574 178 42 absoluta,
1255 574 96 42 non
1296 574 55 42 de

750 608 152 41 relatiua.

806 645 66 36 2
832 645 119 36 Omnis
912 645 119 36 actio
991 645 93 36 est
1044 645 93 36 per
1097 645 80 36 se
1137 645 159 36 alicuius
1243 645 106 36 suppo-

770 678 114 38 siti,
846 678 165 38 inquantum
973 678 101 38 tale
1036 678 190 38 suppositum:
1188 678 89 38 sed
1226 678 127 38 intelli-

769 712 120 44 gere,
849 712 67 44 &
875 712 120 44 velle
955 712 80 44 in
995 712 106 44 Deo,
1062 712 67 44 &
1088 712 173 44 creaturis
1221 712 93 44 non
1261 712 80 44 pos-

775 748 84 40 unt
823 748 144 40 attribui
931 748 120 40 alicui
1015 748 156 40 supposito
1135 748 156 40 relatiuo,
1243 748 96 40 inquam

768 789 93 31 tum
821 789 120 31 tale,
901 789 106 31 quia
967 789 120 31 nullo
1047 789 106 31 modo
1113 789 199 31 conuenirent
1259 789 80 31 alte

769 813 74 44 ri
806 813 184 44 correlatiuo
953 813 110 44 since
1026 813 196 44 compositone,
1186 813 98 44 quod
1247 813 86 44 est
1284 813 61 44 fal

765 847 108 38 sum:
832 847 189 38 quapropter
980 847 216 38 relinquitur,
1155 847 108 38 quod
1223 847 94 38 ibi
1263 847 81 38 opor

770 887 105 40 teat
836 887 105 40 dare
901 887 145 40 aliquod
1007 887 184 40 suppositum
1152 887 184 40 absolutum,
1283 887 66 40 cui

769 917 119 44 dicti
848 917 119 44 actus
928 917 212 44 attribuantur
1100 917 93 44 per
1153 917 93 44 se,
1206 917 66 44 &
1220 917 119 44 inquan-

768 950 89 41 tum
806 950 89 41 tale-

799 979 66 46 3
825 979 106 46 Ista
892 979 212 46 consequentia
1064 979 93 46 est
1117 979 119 46 vera,
1196 979 119 46 solus
1263 979 80 46 vnus

772 1019 104 39 Deus
837 1019 130 39 creat,
928 1019 104 39 ergo
993 1019 91 39 vna
1045 1019 104 39 sola
1110 1019 143 39 persona
1214 1019 130 39 creat,
1292 1019 65 39 sed

770 1054 105 41 ista
836 1054 92 41 non
888 1054 131 41 potest
980 1054 105 41 esse
1046 1054 105 41 vera
1111 1054 92 41 pro
1164 1054 131 41 aliqua
1243 1054 118 41 persona

766 1092 157 36 relatiua,
887 1092 97 36 quia
947 1092 84 36 sic
995 1092 109 36 aliae
1068 1092 145 36 personae
1176 1092 84 36 non
1212 1092 133 36 crearent,

775 1123 100 42 quod
837 1123 87 42 est
887 1123 137 42 falsum;
987 1123 137 42 idcirco
1086 1123 200 42 relinquitur,
1249 1123 100 42 quod
1299 1123 62 42 sit

766 1159 110 36 vera
835 1159 96 36 pro
890 1159 137 36 aliqua
986 1159 151 36 persona
1096 1159 179 36 absoluta;
1219 1159 124 36 Antece-

773 1194 110 36 dens
842 1194 97 36 est
897 1194 138 36 notum,
994 1194 69 36 &
1022 1194 166 36 probatur
1132 1194 207 36 Consequentia,

778 1225 108 45 quia
845 1225 94 45 hoc
899 1225 121 45 nomen
979 1225 148 45 persona
1087 1225 81 45 in
1128 1225 108 45 plus
1195 1225 81 45 se
1235 1225 135 45 habet,

772 1265 113 41 quam
843 1265 99 41 hoc
899 1265 128 41 nomen
985 1265 128 41 Deus:
1070 1265 113 41 llle
1140 1265 128 41 autem
1211 1265 128 41 proces-

776 1295 95 41 tus,
836 1295 83 41 qui
883 1295 71 41 ex
919 1295 131 41 vnitate
1014 1295 166 41 inferioris
1145 1295 119 41 infert
1216 1295 119 41 vnitaten

764 1329 200 39 superioris,
923 1329 146 39 videtur
1030 1329 133 39 habere
1123 1329 120 39 bonam
1189 1329 160 39 consequen-

775 1361 112 42 tiam,
849 1361 99 42 quia
911 1361 149 42 superius
1023 1361 87 42 non
1072 1361 198 42 plurificatur
1233 1361 99 42 nisi
1283 1361 62 42 plu

765 1402 144 36 rificato
873 1402 168 36 inferiori.
1005 1402 108 36 Quare
1077 1402 168 36 necessario
1209 1402 156 36 sequitur,

770 1431 106 42 quod
836 1431 79 42 si
876 1431 119 42 solus
955 1431 106 42 vnus
1021 1431 106 42 Deus
1087 1431 132 42 creat,
1180 1431 106 42 quod
1246 1431 93 42 vna
1286 1431 53 42 so

769 1464 77 49 la
808 1464 142 49 persona
898 1464 103 49 creet.

801 1499 139 37 Addunt
899 1499 167 37 insuper,
1024 1499 112 37 quod
1094 1499 126 37 istud
1178 1499 139 37 dictum
1261 1499 70 37 non

762 1533 93 40 est
815 1533 133 40 contra
908 1533 120 40 Fidem
988 1533 199 40 Catholicam,
1147 1533 93 40 nec
1200 1533 133 40 contra
1280 1533 53 40 de

759 1567 223 38 terminationem
943 1567 184 38 Ecclesiae,
1087 1567 118 38 quasi
1166 1567 131 38 dictum
1245 1567 79 38 sup-

765 1608 160 36 positum
882 1608 189 36 absolutum
1027 1608 131 36 ponat
1114 1608 87 36 in
1158 1608 160 36 numerum
1259 1608 73 36 cum

771 1638 122 37 tribus
856 1638 170 37 relatiuis,
990 1638 97 37 quia
1051 1638 97 37 tunc
1112 1638 110 37 esset
1173 1638 158 37 quaternitas

766 1668 77 38 in
805 1668 153 38 diuinis,
920 1668 102 38 quod
984 1668 166 38 manifeste
1112 1668 90 38 est
1163 1668 128 38 contra
1239 1668 90 38 Fidem

770 1703 199 38 Catholicam,
929 1703 66 38 &
955 1703 252 38 determinationem
1168 1703 186 38 Ecclesiae;

762 1740 189 36 contradicit
914 1740 101 36 enim
976 1740 101 36 illi
1039 1740 176 36 decretali.
1178 1740 176 36 (Damnamus)

767 1773 212 40 Quapropter
934 1773 106 40 est
994 1773 228 40 imaginandum
1161 1773 167 40 (secundum

761 1807 124 40 istam
844 1807 194 40 opinionem)
996 1807 111 40 quod
1065 1807 124 40 sicut
1148 1807 138 40 opinio
1231 1807 97 40 commu

763 1844 93 43 nis
816 1844 132 43 semper
908 1844 132 43 dicit,
1001 1844 106 43 quod
1067 1844 159 43 essentia
1186 1844 93 43 est
1225 1844 106 43 commu-

758 1879 96 36 nis
813 1879 137 36 tribus
909 1879 178 36 personis,
1046 1879 96 36 nec
1100 1879 123 36 ponit
1182 1879 82 36 in
1210 1879 123 36 numerum

766 1909 94 44 cum
819 1909 107 44 eis;
886 1909 94 44 ita
940 1909 67 44 &
967 1909 121 44 istud
1048 1909 188 44 suppositum
1182 1909 161 44 absolutum.

769 1940 150 46 Preterea
881 1940 113 46 sicut
956 1940 150 46 essentia
1069 1940 88 46 non
1119 1940 150 46 generat,
1231 1940 88 46 nec
1269 1940 63 46 ge-

761 1977 146 41 neratur,
870 1977 85 41 nec
919 1977 134 41 aliquis
1016 1977 109 41 actus
1089 1977 170 41 notionalis
1223 1977 97 41 sibi
1271 1977 61 41 at-

757 2010 190 41 tribuitur,
907 2010 122 41 etiam
988 2010 95 41 hoc
1042 2010 122 41 pacto
1124 2010 136 41 dictum
1205 2010 136 41 supposi-

757 2051 99 35 tum
813 2051 183 35 absolutum
954 2051 183 35 (secundum
1095 2051 141 35 istos)
1194 2051 99 35 non
1236 2051 99 35 gene-

760 2076 99 57 rat,
822 2076 87 57 nec
871 2076 198 57 attribuuntur
1032 2076 99 57 sibi
1094 2076 111 57 actus
1168 2076 186 57 notionales,
