1500 2309
142 160 92 58 sed
194 160 118 58 solum
260 160 183 58 essentiales.

184 185 162 65 Arguitur
306 185 122 65 tamen
387 185 68 65 a
414 185 176 65 quibusdam
550 185 135 65 contra
631 185 81 65 prae

147 234 163 57 dictam
261 234 213 57 opinionem
425 234 114 57 hoc
474 234 114 57 modo.

187 277 119 43 Primo
266 277 106 43 enim
332 277 158 43 probant,
451 277 106 43 quod
517 277 92 43 non
570 277 132 43 possit
649 277 66 43 ibi

148 303 112 45 esse
218 303 154 45 aliquod
330 303 196 45 suppositum
484 303 182 45 absolutum
610 303 98 45 commu

151 344 75 35 ne
188 344 125 35 tribus
275 344 150 35 personis
388 344 175 35 relatiuis:
525 344 87 35 nam
575 344 75 35 de
600 344 112 35 ratione

145 378 174 47 suppositi
278 378 94 47 est
332 378 107 47 esse
398 378 267 47 incommunicabile,
626 378 67 47 &
639 378 80 47 com-

150 412 116 46 plete
227 412 180 46 subsistens
369 412 129 46 vltimo
459 412 206 46 complemento,
613 412 103 46 nullum

156 441 110 41 autem
229 441 159 41 absolutum
351 441 73 41 in
388 441 134 41 diuinis
485 441 85 41 est
534 441 110 41 tale;
607 441 98 41 ergo
656 441 61 41 &c.

155 477 120 45 Maior
235 477 146 45 videtur
341 477 120 45 nota:
421 477 146 45 Minorem
528 477 160 45 probant,
634 477 80 45 quia

154 514 115 41 etiam
231 514 102 41 ista
294 514 127 41 opinio
384 514 166 41 concedit,
511 514 102 41 quod
575 514 115 41 illud
639 514 76 41 tale

152 546 190 44 suppositum
302 546 95 44 sit
356 546 245 44 communicabile,
560 546 68 44 &
587 546 95 44 per
628 546 95 44 conse

151 581 115 45 quens
228 581 115 45 caret
305 581 103 45 illa
369 581 115 45 prima
446 581 192 45 conditione,
600 581 103 45 quae
651 581 64 45 est

149 621 77 32 de
188 621 141 32 ratione
290 621 167 32 supposit.
418 621 154 32 Vlterius
534 621 115 32 etiam
598 621 115 32 careret

149 650 101 41 alia
212 650 189 41 conditione,
363 650 101 41 quia
426 650 88 41 non
477 650 113 41 esset
552 650 151 41 complete
653 650 63 41 sub

151 682 136 43 sistens
249 682 123 43 vltima
336 682 197 43 completione;
496 682 86 43 nam
545 682 74 43 eo
582 682 111 43 ipso,
644 682 74 43 quod

146 715 179 45 inexisteret
289 715 119 45 tribus
372 715 167 45 suppositis
503 715 167 45 relatiuis,
623 715 83 45 habe-

146 748 96 47 ret
201 748 164 47 vltimam,
324 748 68 47 &
352 748 178 47 completam
488 748 233 47 subsistentiam
666 748 55 47 in

138 780 107 47 seipso

190 815 149 46 Secundo
299 815 162 46 probant,
420 815 108 46 quod
488 815 81 46 si
529 815 122 46 esset
596 815 122 46 aliquod

152 853 107 38 tale
218 853 186 38 suppositum
365 853 186 38 absolutum,
511 853 107 38 quod
578 853 120 38 illud
644 853 67 38 po-

155 884 121 41 neret
235 884 81 41 in
276 884 148 41 numerum
384 884 94 41 cum
438 884 189 41 relatiuis,
586 884 67 41 &
613 884 94 41 per
654 884 67 41 con

157 918 132 36 sequens
253 918 108 36 esset
326 918 84 36 ibi
374 918 193 36 quaternitas,
530 918 96 36 quia
591 918 84 36 vbi
639 918 84 36 est
675 918 48 36 a-

153 952 91 45 lia,
209 952 57 45 &
232 952 91 45 alia
289 952 102 45 ratio
357 952 193 45 suppositandi,
516 952 80 45 ibi
562 952 80 45 est
607 952 114 45 aliud,
687 952 57 45 &

150 986 129 42 aliud
235 986 214 42 suppositum,
407 986 71 42 &
435 986 100 42 per
492 986 200 42 consequens
635 986 86 42 quot

152 1017 98 39 sunt
213 1017 147 39 rationes
323 1017 196 39 suppositandi
482 1017 73 39 in
519 1017 147 39 diuinis,
629 1017 86 39 tot
666 1017 61 39 de-

156 1054 99 36 bent
217 1054 86 36 ibi
267 1054 99 36 poni
329 1054 173 36 supposita,
465 1054 86 36 sed
514 1054 136 36 ponendo
613 1054 86 36 ibi
650 1054 74 36 tria

153 1087 174 45 supposita
287 1087 174 45 relatiua,
421 1087 67 45 &
447 1087 107 45 vnum
515 1087 188 45 absolutum,
649 1087 80 45 poni

162 1126 96 49 tur
217 1126 219 49 quaternitas;
395 1126 109 49 ergo
463 1126 123 49 erunt
545 1126 150 49 quatuor
641 1126 82 49 sup

139 1153 119 53 posita

191 1192 105 39 lsta
257 1192 118 39 tamen
335 1192 184 39 impugnatio
480 1192 92 39 non
532 1192 144 39 videtur
624 1192 105 39 tolle-

155 1225 80 48 re
195 1225 187 48 opinionem.
342 1225 80 48 Ad
382 1225 134 48 primam
476 1225 161 48 siquidem
583 1225 147 48 rationem,

164 1255 100 45 dici
226 1255 137 45 potest,
326 1255 100 45 quod
388 1255 150 45 supponit
500 1255 137 45 falsum;
600 1255 87 45 nam
650 1255 75 45 si
675 1255 50 45 de

166 1298 138 38 tatione
267 1298 163 38 suppositi
393 1298 113 38 esset
468 1298 289 38 incommunicabilitas,

163 1325 164 41 repugnaret
292 1325 94 41 sibi
351 1325 105 41 ratio
421 1325 234 41 vniuersalitatis,
620 1325 94 41 quod
666 1325 59 41 est

154 1358 151 41 falsum,
264 1358 109 41 quia
332 1358 96 41 per
387 1358 109 41 hoc,
455 1358 109 41 quod
524 1358 109 41 dico
592 1358 123 41 homo,
661 1358 68 41 im-

165 1398 161 37 portatur
286 1398 134 37 natura
380 1398 134 37 humana
474 1398 215 37 suppositata,
648 1398 67 37 &
662 1398 67 37 ta-

162 1428 84 37 men
210 1428 180 37 attribuitur
354 1428 96 37 sibi
414 1428 108 37 ratio
487 1428 240 37 vniuersalitatis,
691 1428 60 37 &

163 1463 91 41 per
215 1463 182 41 consequens
358 1463 300 41 communicabilitatis.
606 1463 117 41 Praete-

168 1492 98 40 rea,
229 1492 110 40 dato,
303 1492 98 40 quod
364 1492 74 40 de
401 1492 135 40 ratione
499 1492 159 40 suppositi
622 1492 86 40 sit
658 1492 74 40 esse

177 1527 77 44 er
216 1527 77 44 se
254 1527 192 44 subsistens,
407 1527 90 44 non
459 1527 115 44 tamen
535 1527 141 44 propter
638 1527 90 44 hoc
676 1527 51 44 ha

166 1568 119 37 betur
245 1568 199 37 propositum,
404 1568 106 37 quia
470 1568 119 37 etiam
550 1568 132 37 diuina
629 1568 106 37 essen-

170 1594 89 45 tia
221 1594 89 45 est
272 1594 89 45 per
323 1594 76 45 se
361 1594 178 45 subsistens
500 1594 165 45 complete;
627 1594 63 45 &
640 1594 89 45 tamen

168 1630 92 45 hoc
220 1630 92 45 non
273 1630 171 45 obstante,
404 1630 105 45 ipsa
470 1630 92 45 est
523 1630 197 45 communicata
667 1630 66 45 per

162 1662 125 37 sonis,
249 1662 62 37 &
274 1662 162 37 inexistit
398 1662 100 37 eis;
461 1662 100 37 quod
523 1662 112 37 autem
598 1662 125 37 diuina
673 1662 62 37 es-

164 1698 126 35 sentia
253 1698 88 35 sit
303 1698 88 35 per
354 1698 76 35 se
391 1698 177 35 subsistens
530 1698 164 35 complete,
644 1698 88 35 appa-

162 1730 103 40 ret,
226 1730 103 40 quia
291 1730 90 40 cum
342 1730 77 40 ex
381 1730 77 40 se
419 1730 129 40 habeat
509 1730 206 40 perfectionem
664 1730 64 40 in-

160 1764 159 40 finitam,
279 1764 93 40 non
332 1764 159 40 acquirit
452 1764 146 40 aliquam
545 1764 186 40 perfectionem

159 1796 80 46 in
199 1796 200 46 suppositis,
359 1796 67 46 &
386 1796 94 46 per
439 1796 187 46 consequens
586 1796 94 46 nec
626 1796 107 46 subsi-

171 1832 149 44 stentiam

200 1865 86 40 Ad
243 1865 186 40 secundam,
385 1865 114 40 dico
457 1865 114 40 quod
528 1865 129 40 Maior
614 1865 100 40 non
657 1865 71 40 ha-

170 1896 82 43 bet
217 1896 164 43 veritatem,
346 1896 94 43 nisi
405 1896 82 43 vbi
452 1896 106 43 ratio
522 1896 153 43 suppositi
640 1896 106 43 abso

161 1932 89 38 luti
216 1932 78 38 (si
261 1932 78 38 ibi
305 1932 100 38 esset
371 1932 55 38 )
394 1932 78 38 non
438 1932 100 38 esset
504 1932 133 38 realiter
604 1932 89 38 alia
660 1932 55 38 a
671 1932 55 38 ra-

165 1967 157 41 tionibus
283 1967 210 41 suppositandi
453 1967 210 41 suppositorum
610 1967 118 41 relati-

166 2004 153 35 uorum,
273 2004 230 35 quemadmodum
457 2004 138 35 etiam
549 2004 138 35 ponit
626 2004 107 35 commu

162 2033 87 39 nis
211 2033 137 39 opinio,
311 2033 100 39 quod
373 2033 112 39 ratio
448 2033 162 39 essentiae
573 2033 87 39 non
623 2033 87 39 est
660 2033 75 39 alia

159 2068 144 56 realiter
267 2068 60 56 a
291 2068 204 56 relationibus,
458 2068 72 56 ad
494 2068 84 56 hoc
542 2068 72 56 vt
578 2068 132 56 saluet,
662 2068 72 56 quod

732 173 99 43 non
788 173 127 43 ponat
873 173 85 43 in
915 173 155 43 numerum
1028 173 99 43 cum
1071 173 155 43 personis.

760 204 80 51 Et
800 204 107 51 ideo
866 204 107 51 ista
933 204 107 51 opin
1000 204 93 51 est
1053 204 133 51 aliter
1133 204 160 51 impugnanda

730 238 94 43 Nam
783 238 81 43 ad
824 238 94 43 eam
878 238 175 43 sequuntur
1012 238 108 43 tria
1066 238 229 43 inconuenientia.

760 275 136 41 Primum
856 275 218 41 inconueniens
1033 275 109 41 est,
1101 275 109 41 quia
1155 275 136 41 relatio-

731 309 87 36 nes
780 309 174 36 personales
917 309 174 36 aduenirent
1054 309 99 36 illi
1116 309 162 36 supposito
1228 309 62 36 ab-

726 345 127 34 soluto
815 345 89 34 iam
866 345 191 34 constituto;
1019 345 64 34 &
1044 345 89 34 per
1095 345 178 34 consequens
1222 345 64 34 non

728 375 155 48 haberent
844 375 194 48 constituere
999 375 142 48 aliquod
1102 375 116 48 aliud
1167 375 129 48 supposi-

730 411 101 43 tum,
794 411 101 43 quod
857 411 89 43 est
908 411 140 43 falsum:
1009 411 101 43 quia
1073 411 101 43 tunc
1136 411 114 43 esset
1212 411 89 43 ibi
1250 411 51 43 v-

723 444 109 40 num
785 444 140 40 solum
878 444 233 40 suppositum.
1064 444 264 40 Consequentiam

737 482 132 40 probo,
829 482 106 40 quia
895 482 145 40 videmus
1001 482 119 40 etiam
1080 482 79 40 in
1119 482 158 40 diuinis,
1225 482 79 40 quod

731 516 101 37 illa
795 516 152 37 relatio,
909 516 101 37 quae
972 516 139 37 aduenit
1073 516 165 37 supposito
1200 516 89 37 iam
1238 516 63 37 con

730 545 162 35 stituto,
852 545 95 35 non
906 545 122 35 habet
988 545 95 35 vim
1042 545 217 35 constituendi
1204 545 95 35 aliud

731 575 183 46 suppositum,
877 575 110 46 sicut
951 575 110 46 patet
1024 575 73 46 de
1061 575 171 46 spiratione
1183 575 110 46 actiua,

764 615 158 43 Secundum
882 615 105 43 est,
948 615 105 43 quia
1014 615 185 43 relationes
1146 615 145 43 oppositae

727 648 76 39 in
765 648 139 39 diuinis
866 648 114 39 erunt
942 648 227 39 compossibiles,
1132 648 88 39 non
1182 648 114 39 solum
1245 648 51 39 in

733 681 123 52 eodem
815 681 204 52 fundamento,
979 681 95 52 sed
1033 681 123 52 etiam
1115 681 82 52 in
1156 681 123 52 eodem
1224 681 68 52 sup

733 714 149 44 posito:
842 714 108 44 quod
909 714 122 44 nullo
990 714 108 44 modo
1058 714 176 44 sustineri
1179 714 122 44 potest,

736 756 99 37 quia
797 756 86 37 non
847 756 111 37 esset
921 756 123 37 aliqua
1007 756 123 37 ratio,
1093 756 111 37 quare
1155 756 148 37 relationes

731 791 160 31 oppositae
854 791 74 31 in
891 791 135 31 diuinis
989 791 209 31 constituerent
1149 791 148 31 distincta.

733 816 187 37 supposita;
880 816 94 37 nam
933 816 147 37 videmus
1040 816 227 37 vniuersaliter
1214 816 94 37 illas

727 852 191 42 relationes,
880 852 102 42 quae
944 852 102 42 sunt
1007 852 216 42 compossibiles
1185 852 76 42 in
1211 852 89 42 eoden

735 884 182 47 supposito,
878 884 91 47 non
930 884 195 47 constituere
1086 884 169 47 distincta
1203 884 104 47 suppo-

733 916 113 55 sita,
809 916 113 55 sicut
884 916 113 55 patet
959 916 75 55 de
997 916 176 55 spiratione
1135 916 138 55 actiua,
1236 916 63 55 &
1248 916 63 55 pa

725 953 162 40 ternitate.

763 983 155 50 Tertium
875 983 112 50 est,
946 983 112 50 quia
1016 983 141 50 dictum
1114 983 197 50 suppositum
1255 983 56 50 ge

736 1023 154 44 nerabit,
851 1023 64 44 &
877 1023 205 44 generabitur,
1043 1023 115 44 euius
1120 1023 179 44 contrarium
1248 1023 64 44 in-

733 1053 125 43 tendit
820 1053 112 43 dicta
895 1053 137 43 opinio,
995 1053 62 43 &
1020 1053 87 43 est
1070 1053 112 43 etiam
1145 1053 125 43 contra
1220 1053 87 43 inten

741 1087 126 37 ionem
825 1087 211 37 Decretalis.
994 1087 239 37 Consequentiam
1191 1087 141 37 probo,

735 1120 97 38 quia
796 1120 158 38 generatio
917 1120 122 38 actiua
1003 1120 183 38 attribuetur
1149 1120 97 38 illi
1198 1120 97 38 suppo-

738 1155 107 38 sito,
810 1155 84 38 vel
857 1155 131 38 tanquam
953 1155 155 38 principio
1072 1155 131 38 formali
1168 1155 155 38 actionis,

742 1192 92 42 vel
794 1192 144 42 tanquam
899 1192 170 42 supposito
1030 1192 144 42 agenti;
1135 1192 92 42 non
1174 1192 118 42 tanquam

748 1222 159 37 principio
870 1222 146 37 formalis
980 1222 98 37 quia
1041 1222 122 37 illud,
1126 1222 98 37 quod
1187 1222 110 37 habet
1248 1222 49 37 ra

745 1257 118 38 ionem
824 1257 184 38 suppositi,
968 1257 118 38 nullo
1047 1257 105 38 modo
1113 1257 131 38 potest
1192 1257 105 38 habere

742 1294 160 41 rationem
862 1294 174 41 principij
996 1294 174 41 formalis;
1129 1294 147 41 Remanet
1223 1294 80 41 ergo

740 1324 108 45 quod
808 1324 203 45 attribuatur
971 1324 95 45 ei,
1025 1324 149 45 tanquam
1134 1324 176 45 supposito
1256 1324 54 45 a-

742 1362 137 40 genti,
838 1362 69 40 &
866 1362 96 40 per
920 1362 192 40 consequens
1071 1362 192 40 generabit,
1222 1362 69 40 &
1236 1362 82 40 eode

734 1394 109 45 modo
802 1394 136 45 possum
897 1394 136 45 dicere
993 1394 231 45 degeneratione
1169 1394 136 45 passiua,

747 1423 98 49 quia
808 1423 110 49 illa,
881 1423 86 49 vel
930 1423 183 49 attribuetur
1077 1423 98 49 tali
1138 1423 171 49 supposito,
1260 1423 49 49 vt

740 1454 144 44 termino
845 1454 144 44 formali
950 1454 223 44 productionis,
1133 1454 92 44 vel
1186 1454 144 44 tanquam

740 1495 178 45 supposito
877 1495 178 45 producto,
1014 1495 68 45 &
1041 1495 96 45 per
1096 1495 192 45 consequens
1233 1495 82 45 gene

741 1526 162 38 rabitur.
863 1526 81 38 Ex
904 1526 135 38 quibus
998 1526 149 38 omnibus
1106 1526 176 38 concludo,
1228 1526 81 38 quod

742 1566 115 33 nullo
819 1566 102 33 modo
882 1566 140 33 videtur
984 1566 178 33 possibile,
1124 1566 102 33 quod
1188 1566 76 33 in
1226 1566 115 33 diui

743 1591 94 47 nis
796 1591 108 47 stet
864 1591 148 47 aliquod
971 1591 188 47 suppositum
1119 1591 175 47 absolutum
1240 1591 67 47 cum

737 1632 227 39 tribus
896 1632 204 39 alijs
1009 1632 272 39 relatiuis.

780 1654 157 55 Rationes
898 1654 118 55 etiam
976 1654 131 55 istius
1068 1654 170 55 opinionis
1199 1654 92 55 non
1238 1654 66 55 co-

746 1697 101 52 gunt

776 1720 83 57 Ad
818 1720 153 57 primam,
929 1720 153 57 concedo
1040 1720 167 57 Maiorem,
1165 1720 97 57 vbi
1207 1720 97 57 subsi

744 1761 113 41 stens
820 1761 176 41 praexistit
958 1761 289 41 incommunicabiliter,
1209 1761 100 41 quia
1259 1761 50 41 de

746 1799 136 39 ratione
844 1799 173 39 suppositi,
980 1799 99 39 quod
1042 1799 111 39 habet
1116 1799 99 39 esse
1165 1799 136 39 singulare

742 1834 110 35 extra
815 1834 195 35 intellectum,
973 1834 97 35 est,
1034 1834 97 35 quod
1095 1834 158 35 subsistat
1205 1834 97 35 incom

682 1868 623 33 municabiliter.

782 1899 82 40 Ad
823 1899 177 40 secundam,
959 1899 109 40 nego
1028 1899 163 40 Minorem,
1150 1899 109 40 quia
1205 1899 95 40 redu-

748 1932 154 43 plicatio
864 1932 90 43 non
915 1932 116 43 debet
992 1932 193 43 reduplicare
1134 1932 167 43 suppositum,

748 1975 82 37 cui
795 1975 140 37 competit
900 1975 117 37 actio;
982 1975 82 37 nec
1029 1975 117 37 illud,
1111 1975 94 37 quod
1170 1975 82 37 est
1205 1975 105 37 ratioin

746 2002 268 43 communicabilitatis
978 2002 73 43 in
1014 2002 98 43 tali
1075 2002 171 43 supposito,
1209 2002 85 43 sed
1246 2002 61 43 il-

746 2033 98 46 lud,
807 2033 98 46 quod
868 2033 86 46 est
917 2033 171 46 principium
1052 2033 135 46 formale
1150 2033 159 46 actionis;
1272 2033 61 46 &

750 2077 102 45 quia
814 2077 128 45 deitas
903 2077 77 45 se
942 2077 115 45 habet
1018 2077 77 45 ad
1057 2077 115 45 modum
1133 2077 166 45 principij
1248 2077 64 45 for
