1500 2287
186 178 119 46 malis
265 178 159 46 respectu
385 178 133 46 actuum
478 178 212 46 essentialium
637 178 106 46 secun-

185 226 98 29 dum
241 226 155 29 nostrum
354 226 126 29 modum
438 226 239 29 intelligendi;
621 226 126 29 idcirco

190 249 93 42 non
243 249 146 42 debemus
349 249 146 42 dicere,
455 249 106 42 quod
521 249 106 42 Deus
588 249 119 42 pater
654 249 93 42 intel

191 284 124 49 ligat,
278 284 87 49 vel
327 284 112 49 creet
402 284 162 49 inquantum
526 284 99 49 tale
576 284 149 49 suppositum

185 318 107 51 puta
251 318 173 51 inquantum
385 318 133 51 Pater,
478 318 93 51 sed
532 318 173 51 inquantum
652 318 93 51 Deus.

216 346 85 46 Ad
258 346 169 46 tertiam,
385 346 113 46 nego
456 346 254 46 Consequentiam,
653 346 85 46 quia

189 383 138 40 ostensum
293 383 92 40 fuit
351 383 104 40 supra
420 383 69 40 in
454 383 81 40 10.
500 383 104 40 dist.
569 383 69 40 in
604 383 127 40 diuinis
684 383 58 40 non

189 422 145 40 inueniri
297 422 145 40 rationem
406 422 120 40 totius
490 422 193 40 vniuersalis,
647 422 84 40 nec
683 422 60 40 ra-

192 451 130 40 tionem
283 451 144 40 partis,
388 451 65 40 &
414 451 104 40 ideo
479 451 91 40 non
531 451 91 40 est
583 451 130 40 verum,
662 451 78 40 quod

185 483 126 44 illud,
273 483 101 44 quod
336 483 201 44 significatur
500 483 88 44 per
550 483 88 44 hoc
601 483 113 44 nomen
664 483 75 44 Des,

188 525 80 36 sit
233 525 126 36 aliquid
325 525 160 36 absolutum.
450 525 69 36 Et
485 525 80 36 sic
530 525 103 36 patet
599 525 69 36 de
633 525 91 36 isto
679 525 57 36 ar-

190 550 158 48 ticulo,
304 550 72 48 &
333 550 115 48 tota
391 550 187 48 quaestione.

195 584 234 43 AD
273 584 429 43 ARGVMENTA

375 617 180 44 principaliae.

252 653 68 43 D
280 653 135 43 primum
374 653 163 43 dicendum
496 653 149 43 maiorem
605 653 122 43 posse
672 653 68 43 due

183 661 109 69 bus
246 661 140 69 modis
339 661 218 69 intelligi;
510 661 109 69 vno
572 661 140 69 modo,
650 661 93 69 quod

191 722 195 44 actualissimum
351 722 184 44 distinguatur
501 722 126 44 seipso,
593 722 92 44 quia
650 722 115 44 illud,

192 756 84 44 per
240 756 96 44 quod
300 756 204 44 distinguitur,
468 756 84 44 est
517 756 96 44 idem
577 756 144 44 realiter
673 756 72 44 quod

182 792 133 36 ipsum,
275 792 93 36 ita
328 792 107 36 quod
395 792 133 36 nullam
488 792 120 36 facit
555 792 186 36 compositonem

182 820 96 43 cum
237 820 123 43 ipso,
319 820 96 43 nec
373 820 123 43 habet
455 820 150 43 aliquem
565 820 137 43 gradum
646 820 96 43 poten

194 857 160 40 tialitatis
319 857 137 40 respectu
422 857 103 40 eius;
491 857 57 40 &
514 857 92 40 iste
571 857 114 40 sensus
651 857 80 40 est
686 857 57 40 ve-

182 884 89 39 rus
233 884 178 39 applicatus
373 884 76 39 ad
411 884 191 39 propositum,
564 884 102 39 quia
615 884 127 39 proprie-

188 923 84 37 tas
236 923 108 37 habet
308 923 108 37 omnia
380 923 96 37 haec
440 923 144 37 respectu
547 923 156 37 personae.
655 923 84 37 Alio-

188 958 100 38 modo
251 958 201 38 intelligitur
414 958 100 38 quod
477 958 201 38 distinguatur
628 958 113 38 seipso,

184 980 100 52 quia
246 980 125 52 illud,
334 980 88 52 per
384 980 100 52 quod
446 980 213 52 distinguitur,
621 980 88 52 non
659 980 88 52 solum

191 1017 86 40 est
240 1017 99 40 idem
302 1017 86 40 cum
351 1017 99 40 ipso
412 1017 160 40 realiter,
536 1017 86 40 sed
585 1017 111 40 etiam
646 1017 99 40 conce-

188 1058 180 43 ptibiliter;
332 1058 60 43 &
356 1058 96 43 iste
416 1058 180 43 intellectus
559 1058 84 43 non
607 1058 84 43 est
643 1058 108 43 necessa

193 1091 87 35 rio
242 1091 124 35 verus,
329 1091 99 35 quia
391 1091 137 35 quamuis
490 1091 174 35 proprietas
615 1091 137 35 relatiua,

195 1121 88 40 per
246 1121 101 40 quam
309 1121 88 40 vna
360 1121 139 40 persona
461 1121 202 40 distinguitur
625 1121 76 40 ab
663 1121 114 40 alia,

188 1158 90 35 sit
239 1158 102 35 idem
303 1158 153 35 realiter
418 1158 102 35 quod
482 1158 153 35 persona;
598 1158 115 35 aliud
661 1158 90 35 tamen

191 1186 84 40 est
239 1186 72 40 in
275 1186 144 40 persona,
383 1186 60 40 a
407 1186 84 40 qua
455 1186 168 40 proprietas
576 1186 168 40 distinguitur

187 1217 238 46 conceptibiliter,
389 1217 143 46 scilicet
496 1217 95 46 ipsa
556 1217 155 46 essentia,
675 1217 59 46 &
687 1217 59 46 hoc

191 1252 143 44 sufficit
298 1252 72 44 ad
334 1252 95 44 hoc,
394 1252 72 44 vt
430 1252 131 44 persona
525 1252 131 44 dicatur
621 1252 119 44 habere
692 1252 60 44 pro

188 1292 160 40 prietatem
311 1292 222 40 constirutiuam,
495 1292 62 40 &
520 1292 209 40 distinctiuam.
680 1292 74 40 Neo.

192 1317 115 40 tamen
269 1317 140 40 propter
371 1317 89 40 hoc
422 1317 166 40 impeditur
549 1317 178 40 actualitas
677 1317 76 40 per-

187 1356 118 37 sonae,
270 1356 94 37 quia
328 1356 71 37 in
364 1356 141 37 essentia
470 1356 106 37 nulla
540 1356 82 37 est
576 1356 176 37 potentialitas

188 1383 74 45 in
225 1383 123 45 ordine
311 1383 74 45 ad
348 1383 210 45 proprietatem,
521 1383 111 45 sicut
582 1383 173 45 declarabitur

68 1419 524 56 infra.

220 1447 82 50 Ad
261 1447 164 50 secundum
385 1447 178 50 dicendum,
521 1447 109 50 quod
590 1447 96 50 non
645 1447 109 50 sunt
699 1447 55 50 mo

191 1485 68 45 di
225 1485 147 45 absoluti,
338 1485 79 45 sed
383 1485 181 45 proprietates
531 1485 147 45 relatiuae
644 1485 79 45 (vt
678 1485 68 45 fuit

186 1520 144 46 ostensum
294 1520 156 46 superius)
414 1520 84 46 Nec
462 1520 120 46 dictum
547 1520 72 46 P.
583 1520 96 46 Aug.
643 1520 132 46 obuiat,

189 1549 99 50 quia
251 1549 149 50 ostensum
362 1549 87 50 est
412 1549 149 50 superius
523 1549 74 50 in
560 1549 62 50 2
585 1549 124 50 artic.
659 1549 87 50 quomo

188 1588 98 43 do
237 1588 115 43 sit
286 1588 262 43 intelligendum.

226 1617 76 48 Ad
264 1617 139 48 tertium
365 1617 114 48 patet
441 1617 139 48 solutio
542 1617 76 48 ex
580 1617 101 48 his,
643 1617 101 48 quae
694 1617 63 48 di-

188 1652 93 51 cta
241 1652 106 51 sunt
307 1652 106 51 modo
373 1652 80 51 in
413 1652 93 51 hoc
466 1652 172 51 articulo.

197 1708 421 59 DISTINCTIONIS
519 1708 198 59 NxVII.

242 1784 347 51 RVAESTIO
474 1784 203 51 VNICA

214 1848 117 48 Vtrum
292 1848 129 48 verbum
382 1848 129 48 mentis
473 1848 142 48 nostrae
577 1848 129 48 habeat
654 1848 78 48 ali-

243 1882 121 48 quam
318 1882 257 48 similitudinem
530 1882 106 48 cum
575 1882 106 48 verbo

379 1918 172 43 increato.

766 167 331 61 ARGVITVR
1014 167 193 61 PRO
1097 167 193 61 PARTE

960 212 138 50 negatiua

823 241 146 59 VErbum
926 241 146 59 mentis
1028 241 161 59 nostrae
1145 241 102 59 non
1189 241 131 59 videtur

851 284 98 37 esse
912 284 122 37 aliud,
997 284 98 37 quam
1058 284 86 37 res
1107 284 98 37 ipsa
1156 284 159 37 intellecta,

761 318 95 35 quae
821 318 107 35 vere,
892 318 59 35 &
916 318 143 35 realiter
1023 318 143 35 separata
1130 318 83 35 est
1177 318 59 35 a
1201 318 107 35 mente
1261 318 59 35 non

765 350 108 43 stra,
837 350 108 43 cuius
909 350 84 43 est
957 350 132 43 verbum,
1054 350 84 43 sed
1102 350 84 43 hoc
1150 350 84 43 non
1198 350 120 43 potest
1270 350 48 43 di

758 383 78 48 ci
797 383 78 48 de
836 383 117 48 verbo
914 383 143 48 diuino,
1018 383 104 48 quia
1082 383 130 48 semper
1173 383 91 48 est
1212 383 104 48 vnitum

761 412 93 41 cum
814 412 133 41 patre,
907 412 119 41 cuius
986 412 93 41 est
1039 412 146 41 verbum,
1146 412 159 41 secundum
1252 412 66 41 il-

767 450 73 41 ud
803 450 110 41 loan,
877 450 122 41 primo,
962 450 73 41 In
999 450 159 41 principio
1121 450 98 41 erat
1182 450 134 41 verbum,
1279 450 61 41 &

759 480 148 38 verbum
863 480 118 38 erat
936 480 118 38 apud
1010 480 133 38 Deum;
1099 480 118 38 ergo
1172 480 103 38 &c.
1217 480 103 38 Probo

763 516 150 41 Maiorem,
875 516 100 41 quia
937 516 112 41 dicit
1012 516 75 41 P.
1049 516 75 41 P.
1087 516 175 41 Augustinus
1224 516 75 41 in
1249 516 62 41 ser

759 548 105 38 mone
824 548 78 38 de
864 548 183 38 Natiuitate
1007 548 78 38 D.
1047 548 92 38 Io.
1099 548 105 38 quod
1164 548 92 38 vox
1216 548 92 38 est
1256 548 65 38 si-

758 583 112 41 gnum
828 583 139 41 verbi;
925 583 153 41 constat
1037 583 126 41 autem
1121 583 112 41 quod
1190 583 112 41 mens
1246 583 70 41 no-

757 616 105 45 stra
822 616 92 45 per
875 616 118 45 vocem
953 616 157 45 exterius
1071 616 157 45 prolatam
1188 616 92 45 non
1228 616 92 45 inte-

767 649 85 46 dit
816 649 183 46 significare
962 649 122 46 aliud,
1047 649 98 46 quam
1109 649 85 46 rem
1157 649 110 46 ipsam
1218 649 98 46 intel-

766 680 140 45 lectam,
868 680 102 45 ergo
919 680 63 45 &c.

790 713 65 49 2
816 713 130 49 Verbum
907 713 130 49 mentis
997 713 155 49 nostrae,
1114 713 91 49 vel
1166 713 91 49 est
1204 713 117 49 aliquid

758 740 161 44 separatum
881 740 62 44 a
906 740 124 44 mente,
993 740 87 44 vel
1042 740 87 44 est
1091 740 136 44 aliquid
1178 740 136 44 inhaerens

758 784 130 44 menti;
849 784 78 44 si
888 784 91 44 sit
940 784 169 44 separatum
1070 784 65 44 a
1096 784 130 44 mente,
1187 784 104 44 idem
1239 784 78 44 quod

761 814 127 43 prius,
850 814 76 43 si
889 814 102 43 vero
952 814 140 43 ponatur
1054 814 166 43 inhaerens
1182 814 127 43 menti,
1258 814 64 43 ad-

766 848 92 46 nuc
818 848 92 46 non
871 848 144 46 habetur
975 848 196 46 propositum,
1133 848 105 46 quia
1198 848 105 46 isto
1251 848 65 46 mo-

759 882 79 35 do
798 882 131 35 maxime
890 882 145 35 videtur
995 882 158 35 recedere
1114 882 66 35 a
1127 882 184 35 similitudine

756 914 123 39 diuini
842 914 123 39 verbi,
928 914 99 39 quod
990 914 111 39 nullo
1064 914 99 39 modo
1126 914 86 39 est
1163 914 148 39 inhaerens,

759 947 84 40 sed
807 947 181 40 simpliciter
940 947 144 40 subsistens

770 975 67 51 3
796 975 134 51 Illud,
890 975 107 51 quod
957 975 201 51 representat
1117 975 147 51 aliquam
1211 975 107 51 perfe-

764 1013 158 37 ctionem
878 1013 229 37 essentialem,
1065 1013 72 37 &
1094 1013 172 37 communem
1208 1013 115 37 tribus

769 1053 166 32 personis,
897 1053 89 32 non
948 1053 115 32 habet
1024 1053 217 32 similitudinem
1202 1053 89 32 cum
1241 1053 76 32 ver-

767 1081 73 43 bo
803 1081 134 43 diuino,
901 1081 85 43 sed
950 1081 122 43 verbum
1035 1081 122 43 mentis
1121 1081 134 43 nostrae
1218 1081 85 43 est
1255 1081 61 43 hu-

755 1115 155 51 iusmodi;
871 1115 103 51 ergo
936 1115 91 51 &c.
988 1115 116 51 Maior
1065 1115 168 51 probatur,
1195 1115 103 51 quia
1246 1115 78 51 ver-

757 1148 92 42 bum
809 1148 79 42 in
849 1148 145 42 diuinis
954 1148 145 42 dicitur
1059 1148 223 42 notionaliter,
1243 1148 66 42 &
1256 1148 66 42 non

765 1181 223 37 essentialiter;
951 1181 62 37 &
976 1181 99 37 ideo
1038 1181 87 37 non
1087 1181 137 37 omnibus
1187 1181 161 37 personis,

762 1215 82 48 sed
809 1215 94 48 soli
868 1215 106 48 filio
938 1215 141 48 competit
1044 1215 94 48 esse
1103 1215 129 48 verbum,
1197 1215 106 48 sicut
1255 1215 59 48 pa-

762 1244 81 50 tet
809 1244 81 50 per
855 1244 69 50 P.
889 1244 161 50 Augustinum
1016 1244 69 50 8.
1051 1244 69 50 de
1085 1244 127 50 Trinit.
1178 1244 92 50 cap.
1235 1244 69 50 2.
1258 1244 58 50 vbi

763 1279 98 38 ait,
824 1279 98 38 quod
885 1279 123 38 Pater,
971 1279 61 38 &
996 1279 123 38 Filius
1082 1279 86 38 non
1131 1279 110 38 simul
1205 1279 98 38 ambo
1254 1279 61 38 ver

759 1311 107 55 bum,
826 1311 94 55 sed
879 1311 121 55 solus
959 1311 134 55 filius
1053 1311 147 55 verbum.
1160 1311 147 55 Minorem
1254 1311 67 55 pro

761 1348 84 39 bo
803 1348 98 39 per
859 1348 182 39 eundemmet
999 1348 84 39 P.
1041 1348 196 39 Augustinum
1194 1348 70 39 o
1222 1348 84 39 de
1250 1348 70 39 Tri

769 1384 97 35 nit.
829 1384 97 35 cap.
890 1384 85 35 20.
938 1384 85 35 vbi
987 1384 133 35 loquens
1083 1384 73 35 de
1119 1384 109 35 verbo
1192 1384 121 35 mentis
1265 1384 60 35 no-

764 1416 109 34 strae
836 1416 121 34 dicit,
921 1416 97 34 quod
981 1416 84 34 est
1029 1416 84 34 cum
1078 1416 109 34 amore
1150 1416 145 34 notitia;
1247 1416 72 34 con-

771 1447 87 35 tat
820 1447 112 35 autem
895 1447 99 35 quod
957 1447 137 35 notitia
1056 1447 137 35 nostrae
1156 1447 124 35 mentis
1230 1447 87 35 repre

768 1481 120 37 sentat
852 1481 132 37 diuinam
948 1481 192 37 cognitionem,
1105 1481 60 37 &
1129 1481 168 37 scientiam,
1249 1481 72 37 quae

764 1515 86 40 est
813 1515 197 40 essentialis,
973 1515 61 40 &
997 1515 148 40 communis
1108 1515 123 40 tribus
1182 1515 135 40 personis;

769 1548 102 45 ergo
820 1548 64 45 &c.

799 1579 129 49 AD
863 1579 257 49 OPPOSITV
1056 1579 107 49 M
1077 1579 236 49 arguitur.

766 1608 68 42 P.
800 1608 91 42 Aug.
856 1608 57 42 &
879 1608 91 42 alij
936 1608 102 42 Sacti
1004 1608 68 42 ex
1038 1608 182 42 similitudine
1186 1608 114 42 verbi,
1254 1608 68 42 quod

767 1649 87 33 est
816 1649 75 33 in
854 1649 124 33 nobis,
940 1649 174 33 processere
1077 1649 75 33 ad
1102 1649 211 33 inuestigationem

766 1680 111 38 verbi
840 1680 136 38 diuini;
939 1680 62 38 &
964 1680 99 38 ideo
1025 1680 99 38 idem
1087 1680 99 38 Aug.
1149 1680 87 38 25.
1199 1680 74 38 de
1223 1680 87 38 Prin-

761 1715 103 45 cap.
826 1715 90 45 14.
877 1715 129 45 dicit,
967 1715 103 45 quod
1032 1715 129 45 verbum
1122 1715 142 45 nostrum
1212 1715 103 45 vtcun-

767 1747 84 42 que
815 1747 120 42 simile
899 1747 84 42 est
947 1747 108 42 verbo
1019 1747 96 42 Dei.
1079 1747 72 42 Et
1115 1747 96 42 cap.
1175 1747 72 42 10
1211 1747 132 42 eiusdem

758 1778 106 49 libri
829 1778 117 49 dicit,
911 1778 94 49 quod
969 1778 82 49 qui
1016 1778 117 49 potest
1098 1778 176 49 intelligere
1227 1778 94 49 verbum

756 1810 164 54 nostrum,
879 1810 95 54 non
934 1810 123 54 solum
1015 1810 164 54 antequam
1138 1810 136 54 sonet,
1220 1810 95 54 verum

752 1848 128 45 etiam
837 1848 170 45 antequam
965 1848 156 45 sonorum
1079 1848 170 45 imagines
1192 1848 128 45 cogita-

761 1883 108 42 tione
833 1883 169 42 voluantur,
966 1883 181 42 intelligere
1110 1883 120 42 potest
1195 1883 108 42 etiam
1255 1883 60 42 per

755 1914 164 35 speculum,
882 1914 63 35 &
907 1914 76 35 in
945 1914 164 35 aenigmate
1072 1914 139 35 aliquam
1173 1914 127 35 illius
1249 1914 63 35 ver

763 1943 75 55 bi
800 1943 224 55 similitudinem,
987 1943 75 55 de
1024 1943 87 55 quo
1074 1943 125 55 dictum
1161 1943 100 55 est.
1223 1943 75 55 In
1248 1943 75 55 prin

765 1978 118 47 cipio
843 1978 104 47 erat
896 1978 104 47 verbum

783 2004 261 59 RESPONDEO:
988 2004 112 59 In
1044 2004 149 59 ista
1119 2004 205 59 quaestio-

749 2040 85 60 ne
791 2040 114 60 tria
862 2040 114 60 sunt
919 2040 128 60 videnda
