1500 2310
147 168 161 56 secundum
268 168 108 56 quod
335 168 215 56 correspondet
510 168 175 56 mensurae,
631 168 67 56 non

145 225 114 38 prout
221 225 89 38 est
272 225 76 38 in
310 225 76 38 se
348 225 114 38 ipsum
425 225 140 38 tantum:
526 225 140 38 Constat
615 225 89 38 aute,

151 260 99 35 quod
213 260 137 35 veritas
312 260 112 35 rerum
386 260 74 35 in
424 260 112 35 ipsis
498 260 112 35 rebus
573 260 112 35 habet
635 260 74 35 esse

149 285 176 42 mutabile,
285 285 68 42 &
312 285 190 42 permixtum,
461 285 149 42 virtute
570 285 122 42 autem
637 285 68 42 in-

149 321 164 39 tellectus
276 321 152 39 agentis,
389 321 88 39 dum
440 321 202 39 abstrahitur,
591 321 114 39 consti-

142 351 137 43 tuitur
238 351 82 43 in
279 351 110 43 esse
348 351 137 43 quodam
444 351 123 43 puro,
526 351 69 43 &
540 351 164 43 immutabili

146 388 199 34 configurato
305 388 106 34 illi
371 388 106 34 modo
437 388 159 34 essendi,
556 388 106 34 quem
609 388 93 34 habet

155 421 72 45 in
191 421 120 45 diuina
275 421 108 45 arte,
346 421 96 45 ergo
406 421 120 45 potest
490 421 143 45 supplere
597 421 108 45 vicem
657 421 48 45 il

151 452 96 44 lius
211 452 120 44 artis,
295 452 72 44 ac
332 452 72 44 si
368 452 229 44 apprehenderetur
560 452 145 44 mediante
657 452 48 44 re

151 487 102 47 gula
215 487 165 47 praefatae
329 487 102 47 artis.

168 515 80 49 Ex
208 515 93 49 quo
261 515 120 49 patet
340 515 146 49 quomodo
447 515 93 49 sit
486 515 213 49 intelligendum,

155 554 108 51 quod
222 554 216 51 vniuersalia,
398 554 68 51 &
425 554 189 51 veritates,
573 554 81 51 de
600 554 108 51 quibus

154 594 91 36 sunt
211 594 149 36 scientiae
325 594 194 36 speculatiuae,
485 594 91 36 sint
542 594 149 36 aeternae.
645 594 57 36 Non

156 623 90 41 enim
212 623 135 41 dicuntur
313 623 146 41 aeternae,
426 623 101 41 prout
493 623 90 41 sunt
550 623 68 41 in
583 623 68 41 se
617 623 113 41 ipsis,

149 654 93 46 vel
202 654 160 46 secundum
322 654 107 46 esse
389 654 200 46 obiectiuum,
549 654 107 46 quod
602 654 107 46 habent

145 689 76 50 in
183 689 191 50 intellectu,
336 689 102 50 quia
400 689 89 50 non
451 689 127 50 semper
540 689 102 50 sunt
591 689 114 50 abstra-

156 723 107 40 ctae,
227 723 83 40 nec
275 723 119 40 semper
358 723 178 40 obijciuntur
501 723 190 40 intellectui,
644 723 59 40 sed

150 757 155 47 dicuntur
266 757 168 47 aeternae,
396 757 103 47 quia
460 757 129 47 semper
538 757 168 47 quandocumqu

154 795 204 39 abstrahuntur,
322 795 132 39 regulis
418 795 144 39 aeternis
527 795 72 39 in
563 795 120 39 diuina
635 795 72 39 arte

154 829 195 46 existentibus
312 829 220 46 configurantur,
496 829 134 46 propter
593 829 98 46 quod
642 829 61 46 sic

153 857 187 43 obijciuntur
302 857 125 43 nostro
390 857 200 43 intellectui,
552 857 75 43 ac
589 857 75 43 si
614 857 100 43 essent

160 894 145 41 aeternae,
272 894 78 41 sic
316 894 89 41 enim
372 894 179 41 obijciuntur,
517 894 78 41 vti
562 894 123 41 diuinae
640 894 67 41 arti

159 925 152 38 aeternae
273 925 228 38 configurantur,
463 925 63 38 &
489 925 89 38 hoc
539 925 165 38 desumitur
653 925 51 38 ex

165 959 69 41 8.
200 959 69 41 P.
235 959 127 41 August.
327 959 93 41 xij.
385 959 69 41 de
420 959 127 41 Trinit.
512 959 93 41 cap.
570 959 81 41 14.
616 959 81 41 vbi
651 959 58 41 ait

153 990 90 52 Res
205 990 142 52 propter
308 990 219 52 aeternitatem,
488 990 77 52 in
527 990 90 52 qua
578 990 116 52 sunt,
643 990 64 52 ma-

151 1031 114 38 nent
222 1031 143 38 absque
322 1031 143 38 aliqua
422 1031 185 38 mutatione
550 1031 157 38 temporum;

149 1067 131 40 manent
241 1067 118 40 autem
320 1067 92 40 non
372 1067 145 40 tanquam
477 1067 79 40 in
517 1067 145 40 spatijs
622 1067 118 40 loco¬

150 1097 83 42 rum
198 1097 119 42 fixae,
281 1097 119 42 veluti
365 1097 143 42 corpora,
472 1097 83 42 sed
519 1097 71 42 in
555 1097 119 42 natura
627 1097 83 42 incon

151 1132 131 46 porali,
246 1132 107 46 sicut
317 1132 214 46 intelligibilia
495 1132 131 46 praesto
590 1132 95 46 sunt
638 1132 71 46 men-

162 1163 92 48 tis
201 1163 158 48 aspectibns

195 1191 61 54 1
219 1191 85 54 Sic
268 1191 110 54 etiam
341 1191 110 54 patet
414 1191 134 54 quomodo
511 1191 97 54 vera
572 1191 85 54 sit
609 1191 97 54 opinio

155 1230 152 39 Platonis
270 1230 76 39 de
308 1230 127 39 ldeis,
397 1230 102 39 quod
460 1230 178 39 deseruiant
600 1230 114 39 nobis
663 1230 51 39 ad

163 1261 156 39 scientiam
283 1261 204 39 vniuersalium,
451 1261 72 39 si
487 1261 96 39 enim
547 1261 84 39 ita
595 1261 120 39 sensit
667 1261 48 39 es

166 1298 70 44 se
201 1298 70 44 in
236 1298 116 44 diuina
317 1298 104 44 arte,
387 1298 81 44 vti
433 1298 104 44 dicit
502 1298 104 44 Pater
572 1298 127 44 August.
653 1298 58 44 ve-

166 1335 81 43 ra
206 1335 108 43 est;
273 1335 94 43 imo
327 1335 202 43 necessaria,
488 1335 94 43 nec
542 1335 161 43 quisquam
650 1335 67 43 eis

166 1362 84 42 non
214 1362 180 42 intellectis
358 1362 132 42 sapiens
454 1362 96 42 dici
514 1362 132 42 potest,
610 1362 72 42 vt
634 1362 84 42 dicit

167 1397 92 36 idem
224 1397 69 36 P.
258 1397 92 36 Aug.
315 1397 92 36 lib.
373 1397 80 36 83.
418 1397 126 36 quaest.
510 1397 126 36 quaest.
602 1397 69 36 10
636 1397 57 36 &
647 1397 69 36 ideo

161 1438 210 38 quandocumque
331 1438 144 38 habemus
436 1438 79 38 de
475 1438 118 38 istis
541 1438 170 38 quidditati-

165 1463 99 37 bus,
226 1463 99 37 quae
288 1463 62 37 a
313 1463 197 37 sensibilibus
473 1463 209 37 abstrahuntur,
633 1463 86 37 ideas

162 1501 186 36 antelligimus
314 1501 81 36 non
360 1501 116 36 quidem
442 1501 70 36 in
477 1501 70 36 se
512 1501 105 36 ipsis
581 1501 70 36 vt
605 1501 116 36 existunt

172 1532 68 41 in
206 1532 114 41 diuina
286 1532 160 41 voluntate,
411 1532 80 41 sed
457 1532 68 41 in
491 1532 103 41 ipsis
559 1532 182 41 veritatibus,

176 1572 112 40 quibus
254 1572 145 40 suppletur
366 1572 112 40 virtus
444 1572 112 40 earum,
523 1572 168 40 praedictae.
646 1572 67 40 enim

171 1600 156 39 veritates
291 1600 72 39 in
327 1600 96 39 esse
387 1600 156 39 obiectiuo
507 1600 84 39 sic
543 1600 180 39 configurantur

166 1634 121 52 ipsis,
251 1634 97 52 quod
311 1634 194 52 representare
469 1634 133 52 possunt
566 1634 121 52 illas,
651 1634 73 52 vt
675 1634 49 52 ha

159 1666 104 53 bent
224 1666 104 53 esse
289 1666 78 53 in
328 1666 104 53 arte
380 1666 104 53 diuina

214 1700 130 41 Tertia
305 1700 182 41 conclusio,
448 1700 104 41 quam
512 1700 130 41 elicio
603 1700 78 41 ex
629 1700 91 41 supe-

164 1731 104 46 rius
229 1731 130 46 dictis
321 1731 78 46 in
360 1731 209 46 declaratione
529 1731 144 46 secundi
621 1731 104 46 membri

170 1766 168 46 diuisionis
302 1766 72 46 de
338 1766 144 46 veritate
446 1766 96 46 est,
507 1766 96 46 quod
567 1766 96 46 duae
615 1766 108 46 opinio-

174 1797 96 46 nes,
234 1797 96 46 quae
294 1797 96 46 sunt
354 1797 72 46 de
390 1797 168 46 cognitione
523 1797 156 46 veritatis
643 1797 84 46 non
679 1797 48 46 vi

174 1836 121 38 dentur
258 1836 205 38 rationabiles.
427 1836 121 38 AItera
512 1836 97 38 enim
572 1836 121 38 dicit,
657 1836 97 38 sola

167 1865 161 46 abstractio
294 1865 58 46 a
317 1865 185 46 sensibilibus
467 1865 138 46 sufficit
571 1865 69 46 ad
594 1865 127 46 cognitio-

175 1900 82 40 nem
222 1900 188 40 scientificae
375 1900 165 40 veritatis,
505 1900 59 40 &
528 1900 153 40 innititur
634 1900 94 40 verbis

177 1932 72 41 P.
213 1932 132 41 August.
309 1932 84 41 15.
357 1932 72 41 de
393 1932 132 41 Trinit.
488 1932 144 41 dicentis
596 1932 108 41 Absit
668 1932 60 41 a
680 1932 48 41 no

172 1967 95 48 bis,
232 1967 71 48 vt
267 1967 71 48 ea
303 1967 95 48 quae
363 1967 155 48 didicimus
482 1967 83 48 per
529 1967 143 48 corporis
625 1967 95 48 sensus

174 2000 101 47 vera
237 2000 101 47 esse
300 2000 176 47 dubitemus,
439 2000 88 47 sed
490 2000 101 47 haec
553 2000 126 47 opinio
641 2000 88 47 non
679 2000 50 47 po

171 2033 93 46 test
230 2033 117 46 stare,
311 2033 163 46 requiritur
440 2033 58 46 n
463 2033 128 46 veritas
556 2033 117 46 diuina
626 2033 105 46 tanquam

166 2067 115 55 prima
243 2067 141 55 regula,
345 2067 90 55 cui
396 2067 205 55 conformetur,
563 2067 102 55 ista
627 2067 64 55 &
639 2067 90 55 rati

718 163 145 67 ficetur,
826 163 60 67 &
850 163 96 67 ideo
911 163 193 67 authoritates
1067 163 96 67 quae
1128 163 145 67 videntur
1224 163 36 67 d

724 224 114 36 cere,
800 224 101 36 quod
864 224 89 36 per
914 224 114 36 ipsos
990 224 127 36 sensus
1079 224 190 36 perueniamus
1218 224 51 36 ad

718 254 188 37 cognitionem
869 254 176 37 veritatis,
1007 254 214 37 intelligendae
1171 254 75 37 sunt

730 285 147 40 virtute
837 285 187 40 regularum,
984 285 201 40 contentarum
1144 285 80 40 in
1171 285 107 40 diuina

716 316 123 48 arte,
798 316 96 48 non
853 316 82 48 ex
894 316 164 48 sensibus
1018 316 151 48 tantum,
1113 316 151 48 concurrun

724 353 102 47 enim
788 353 76 47 ad
826 353 115 47 verum
903 353 153 47 iudicium
1017 353 102 47 duae
1081 353 153 47 regulae,
1183 353 89 47 licet

725 390 68 44 vt
759 390 91 44 vna,
816 390 148 44 abstracta
930 390 148 44 scilicet,
1044 390 68 44 de
1078 390 91 44 qua,
1135 390 57 44 &
1158 390 80 44 per
1192 390 46 44 qu

717 417 189 40 iudicamus,
865 417 135 40 diuina
960 417 95 40 per
1014 417 108 40 quam
1081 417 122 40 solum
1149 417 122 40 iudica-

717 452 120 40 mus,
792 452 75 40 &
822 452 179 40 secundum
956 452 120 40 hunc
1031 452 149 40 sensum
1121 452 149 40 exponun-

718 485 94 49 tur
771 485 121 49 omnes
852 485 216 49 authoritates
1028 485 81 49 P.
1068 485 148 49 August.
1176 485 108 49 quae
1230 485 54 49 de

721 519 103 35 ista
786 519 142 35 materia
889 519 207 35 inueniuntur.
1057 519 142 35 Videtur
1161 519 116 35 etiam
1225 519 65 35 ir-

727 551 183 51 rationabilis
876 551 115 51 opinio
956 551 126 51 altera,
1048 551 92 51 quae
1105 551 103 51 dicit
1174 551 92 51 quod
1220 551 57 51 non

725 589 129 46 habetur
819 589 141 46 cognitio
924 589 141 46 sincerae
1030 589 164 46 veritatis,
1159 589 94 46 sine
1206 589 70 46 spe-

722 620 106 42 ciali
793 620 201 42 illustratione
959 620 130 42 diuinae
1053 620 118 42 lucis,
1136 620 59 42 &
1148 620 130 42 innititur

731 655 104 37 verbis
804 655 63 37 P.
835 655 83 37 Aug.
887 655 73 37 83.
929 655 115 37 quaest.
1012 655 104 37 quest.
1085 655 63 37 8.
1116 655 125 37 dicentis
1210 655 83 37 quod
1252 655 31 37 a

726 687 201 38 sensibilibus,
892 687 83 38 non
939 687 83 38 est
986 687 130 38 sincera
1081 687 130 38 veritas
1164 687 118 38 expectan

721 721 94 48 da,
774 721 94 48 cum
828 721 108 48 sine
896 721 229 48 intermissione
1084 721 175 48 mutentur.
1206 721 67 48 Hoc

724 755 92 43 non
777 755 145 43 videtur
882 755 132 43 verum,
974 755 105 43 quia
1040 755 79 43 ad
1079 755 198 43 cognitionem
1224 755 53 43 ve

723 788 127 38 ritatis
816 788 138 38 sufficit
919 788 92 38 quod
977 788 127 38 veritas
1069 788 150 38 abstracta
1172 788 104 38 confor-

725 824 108 40 metur
797 824 120 40 primae
880 824 155 40 veritati,
1000 824 60 40 &
1024 824 143 40 suppleat
1132 824 96 40 vice
1191 824 108 40 eius,

727 855 60 47 &
751 855 96 47 quia
811 855 108 47 talis
882 855 191 47 configuratio
1038 855 84 47 est
1086 855 167 47 naturalis,
1205 855 72 47 tota

729 889 108 39 etiam
801 889 145 39 cognitio
910 889 96 39 erit
970 889 169 39 naturalis,
1102 889 60 39 &
1126 889 84 39 sic
1163 889 120 39 sufficit

728 925 158 42 influentia
852 925 158 42 generalis,
976 925 79 42 nec
1021 925 158 42 requiritur
1146 925 158 42 specialis.

733 956 176 44 Authoritas
872 956 113 44 autem
947 956 101 44 Aug.
1010 956 88 44 sic
1061 956 88 44 est
1098 956 189 44 intelligenda,

734 995 105 37 quod
799 995 92 37 non
852 995 92 37 per
904 995 118 37 solam
983 995 223 37 abstractionem
1166 995 65 37 a
1179 995 105 37 sensi-

729 1022 143 36 bilibus
833 1022 143 36 habemus
937 1022 182 36 veritatem,
1079 1022 104 36 quia
1144 1022 78 36 si
1170 1022 117 36 veritas

731 1059 98 38 haec
792 1059 159 38 abstracta
914 1059 85 38 non
963 1059 195 38 configuretur
1121 1059 122 38 primae
1195 1059 85 38 veri-

727 1089 110 43 tati,
800 1089 158 43 veritatem
922 1089 85 43 non
970 1089 170 43 habebimus,
1104 1089 61 43 &
1129 1089 97 43 ideo
1190 1089 85 43 sic
1226 1089 61 43 est

733 1126 164 42 expectanda
862 1126 129 42 veritas
956 1126 59 42 a
980 1126 106 42 rebus
1050 1126 200 42 sensibilibus,
1215 1126 70 42 vt
1238 1126 47 42 vl

730 1157 90 40 tra
782 1157 116 40 illam
859 1157 181 40 concurrat,
1001 1157 116 40 etiam
1079 1157 142 40 veritas
1169 1157 116 40 diuinae

733 1192 104 35 artis
803 1192 150 35 aeternae,
918 1192 81 35 cui
964 1192 81 35 sit
1010 1192 161 35 conformis,
1136 1192 58 35 &
1159 1192 81 35 sic
1194 1192 92 35 patent

739 1225 83 48 duo
787 1225 107 48 mebra
858 1225 202 48 distinctionis
1025 1225 131 48 positae
1120 1225 71 48 in
1144 1225 143 48 principio.

774 1258 120 43 Tertia
858 1258 132 43 Veritas
954 1258 96 43 quae
1014 1258 72 43 ex
1051 1258 120 43 nostro
1135 1258 96 43 modo
1183 1258 108 43 intelli

736 1290 107 47 gendi
808 1290 191 47 relinquitur,
962 1290 60 47 &
986 1290 107 47 rebus
1058 1290 179 47 intellectis
1189 1290 95 47 tribui

742 1333 92 39 tur,
799 1333 80 39 est
845 1333 126 39 veritas
936 1333 114 39 entium
1016 1333 114 39 ronis,
1096 1333 92 39 quae
1142 1333 149 39 consequitur

734 1358 88 42 res
785 1358 189 42 intellectas
936 1358 76 42 ex
974 1358 126 42 nostro
1063 1358 101 42 modo
1113 1358 177 42 intelligendi

736 1399 103 33 eas.
801 1399 90 33 Nam
852 1399 103 33 quia
917 1399 206 33 intelligimus
1085 1399 155 33 veritate
1188 1399 103 33 abstra

732 1427 96 38 ctam
792 1427 96 38 modo
852 1427 144 38 confuso,
960 1427 60 38 &
984 1427 180 38 potentiali;
1127 1427 168 38 necessario
1247 1427 48 38 ex

732 1458 102 41 tali
796 1458 102 41 modo
859 1458 190 41 relinquitur
1012 1458 140 41 quaedam
1101 1458 190 41 indifferentia

741 1496 74 39 ad
778 1496 124 39 plura,
865 1496 62 39 &
889 1496 87 39 per
939 1496 174 39 consequens
1075 1496 136 39 quaedam
1162 1496 124 39 veritas;

742 1528 61 37 &
766 1528 97 37 hinc
827 1528 97 37 est,
887 1528 97 37 quod
948 1528 73 37 ex
984 1528 133 37 maiori,
1081 1528 85 37 vel
1130 1528 121 37 minori
1202 1528 85 37 poten

732 1564 153 39 tialitate
850 1564 177 39 attribuimus
991 1564 82 39 rei
1039 1564 177 39 intellectae
1168 1564 118 39 maiorem,

745 1596 85 37 vel
793 1596 134 37 minorem
891 1596 243 37 vniuersalitatem,
1097 1596 61 37 &
1121 1596 97 37 ideo
1182 1596 73 37 si
1206 1596 85 37 attin

739 1630 144 44 geremus
844 1630 170 44 veritatem
974 1630 209 44 determinate,
1144 1630 65 44 &
1157 1630 131 44 actuali-

743 1660 100 40 ter,
805 1660 112 40 sicut
880 1660 112 40 facit
954 1660 150 40 Angelus,
1067 1660 87 40 non
1104 1660 187 40 attribueremus

739 1697 112 34 illis
813 1697 137 34 aliquam
913 1697 237 34 vniuersalitatem
1112 1697 187 34 rationalem;
1249 1697 50 34 v-

740 1733 161 33 niuersalia
866 1733 92 33 ergo
923 1733 92 33 sunt
980 1733 103 33 entia
1049 1733 149 33 rationis,
1164 1733 92 33 quae
1210 1733 80 33 relin

741 1763 139 39 quuntur
842 1763 76 39 ex
880 1763 101 39 modo
943 1763 202 39 intelligendi
1108 1763 189 39 intellectus
1246 1763 51 39 no

746 1797 104 43 stri,
816 1797 81 43 qui
862 1797 104 43 facit
931 1797 219 43 vniuersalitatem
1115 1797 69 43 in
1149 1797 115 43 rebus,
1230 1797 58 43 &
1241 1797 58 43 si-

743 1831 89 44 cut
794 1831 202 44 intelligendo
958 1831 190 44 incomplexa,
1110 1831 190 44 relinquitur
1249 1831 51 44 hu

748 1863 135 37 iusmodi
846 1863 148 37 veritas,
957 1863 86 37 ita
1006 1863 111 37 etiam
1080 1863 197 37 intelligendo
1227 1863 74 37 com-

753 1900 122 43 plexa,
838 1900 110 43 prius
911 1900 97 43 enim
972 1900 122 43 partes
1057 1900 146 43 complexi
1155 1900 146 43 intelligi-

750 1931 85 44 mus
799 1931 171 44 distinctis
933 1931 183 44 conceptibus
1079 1931 146 44 seorsum,
1188 1931 61 44 &
1201 1931 97 44 postea

749 1964 187 45 procedimus
896 1964 147 45 tanquam
1003 1964 80 45 de
1043 1964 161 45 potentia
1163 1964 80 45 ad
1190 1964 107 45 actum,

746 1996 79 45 ad
785 1996 238 45 intellectionem
984 1996 212 45 complexorum,
1156 1996 119 45 vnico
1222 1996 79 45 con-

751 2036 105 44 ceptu
821 2036 186 44 intelligendo
973 2036 117 44 easdem
1054 2036 128 44 partes,
1148 2036 117 44 sicque
1217 2036 82 44 relin

753 2065 130 55 quitur
844 2065 143 55 quaedam
948 2065 169 55 composito
1078 2065 156 55 rationis
1182 2065 130 55 praedica
