1500 2295
227 173 87 47 Tum
276 173 100 47 quia
339 173 125 47 quaero
426 173 75 47 ab
464 173 100 47 eis,
526 173 75 47 an
564 173 100 47 tale
626 173 112 47 lumen
689 173 62 47 sit

194 197 175 52 acquisitum
332 197 88 52 vel
382 197 150 52 infusum,
495 197 75 52 si
533 197 188 52 acquisitum,
671 197 75 52 ergo

193 244 184 50 ignobilius
337 244 131 50 lumine
429 244 131 50 Fidei,
522 244 66 50 &
548 244 92 50 sic
600 244 92 50 non
640 244 105 50 habebi

195 278 150 48 maiorem
305 278 205 48 claritatem,
468 278 96 48 nec
523 278 164 48 causabit
632 278 123 48 maiorem

197 313 157 47 notitiam
315 313 131 47 contra
406 313 105 47 eos;
471 313 78 47 Si
511 313 157 47 infusum,
628 313 105 47 tunc
681 313 65 47 Apo

199 342 120 49 stolus
283 342 144 49 fecisset
391 342 156 49 mentionem
512 342 72 49 de
548 342 84 49 eo,
596 342 108 49 sicut
668 342 72 49 de
692 342 60 49 Fi-

195 378 93 42 de,
248 378 146 42 deberet
354 378 106 42 enim
420 378 172 42 computari
553 378 119 42 inter
619 378 133 42 virtutes

201 411 208 42 Theologicas,
370 411 117 42 etiam
448 411 117 42 magis
526 411 104 42 quam
591 411 130 42 Fides,
669 411 78 42 quia

199 442 181 53 perfectius
341 442 129 53 tendit
431 442 77 53 in
470 442 155 53 obiectum
573 442 181 53 Theologicum,

201 477 106 48 Item
267 477 186 48 videretur,
414 477 106 48 quod
480 477 106 48 tale
547 477 120 48 lumen
613 477 133 48 infunde-

193 511 112 48 retur
267 511 74 48 in
304 511 149 48 Daptismo
416 511 87 48 vna
466 511 87 48 cum
515 511 112 48 alijs
590 511 124 48 donis,
677 511 62 48 &
689 511 62 48 vir

190 543 170 42 tutibus,
317 543 71 42 &
346 543 99 42 per
402 543 198 42 consequens
558 543 156 42 omnibus
657 543 99 42 commu

186 585 118 48 niter
265 585 223 48 infunderetur,
448 585 105 48 quod
514 585 118 48 tamen
593 585 92 48 est
632 585 118 48 falsum.

219 615 153 45 Secundo
331 615 139 45 ponit,
428 615 112 45 quod
498 615 167 45 habeatur
610 615 139 45 scientia

187 645 75 45 de
225 645 201 45 credibilibus
388 645 75 45 in
426 645 151 45 praefato
539 645 138 45 lumine,
639 645 100 45 quod
689 645 63 45 ent

187 678 138 52 videtur
288 678 138 52 falsum,
389 678 88 52 Tum
439 678 101 52 quia
502 678 163 52 scientia,
627 678 63 52 &
652 678 126 52 Fides,

185 717 85 44 de
227 717 128 44 eodem
312 717 142 44 habent
412 717 184 44 expressam
553 717 227 44 repugnantiam

188 746 136 46 maxime
284 746 82 46 ex
324 746 122 46 parte
406 746 163 46 obiecti,
528 746 109 46 quia
596 746 82 46 de
624 746 122 46 ratione

191 785 135 37 obiecti
289 785 110 37 Fidei
362 785 98 37 est,
423 785 98 37 quod
484 785 86 37 sit
533 785 86 37 non
582 785 159 37 apparens,
704 785 61 37 &

188 814 106 46 ideo
254 814 251 46 comprehenditur,
465 814 79 46 vt
505 814 93 46 non
558 814 132 46 visum:
650 814 79 46 de
677 814 66 46 ra-

186 845 104 48 tione
256 845 104 48 autem
325 845 127 48 obiecti
418 845 150 48 scientiae
534 845 93 48 est,
592 845 93 48 quod
649 845 81 48 sit
684 845 58 48 de-

187 889 217 38 monstratum,
360 889 72 38 &
389 889 188 38 apparens,
533 889 116 38 modo
591 889 159 38 demonstra

187 913 114 51 tum,
258 913 71 51 &
287 913 100 51 non
344 913 229 51 demonstratum
516 913 214 51 contradicunt.

230 943 88 53 Tum
281 943 100 53 quia
343 943 151 53 constat,
456 943 100 53 quod
519 943 126 53 Fides,
607 943 63 53 &
620 943 126 53 scientia

179 973 78 58 de
218 973 117 58 eodem
296 973 104 58 sunt
360 973 91 58 duo
412 973 142 58 habitus
516 973 207 58 subordinati;
671 973 78 58 vide

185 1013 91 51 mus
237 1013 116 51 autem
314 1013 78 51 in
353 1013 129 51 formis
444 1013 220 51 subordinatis,
625 1013 103 51 quod
676 1013 65 51 ad-

193 1046 153 51 ueniente
308 1046 114 51 forma
384 1046 165 51 nobiliori
511 1046 114 51 cedit
575 1046 165 51 ignobilior,

189 1080 102 50 quia
253 1080 152 50 superior
367 1080 165 50 continet,
494 1080 152 50 quicquid
596 1080 152 50 perfectio-

188 1112 85 50 nis
236 1112 85 50 est
285 1112 73 50 in
321 1112 157 50 inferiori
442 1112 61 50 :
466 1112 145 50 scientia
575 1112 121 50 autem,
648 1112 97 50 quando

187 1156 93 35 est
240 1156 79 35 de
279 1156 119 35 eodem
359 1156 145 35 obiecto
464 1156 93 35 cum
517 1156 106 35 Fide
570 1156 172 35 adueniente,

195 1182 109 50 Eides
268 1182 134 50 cessare
365 1182 121 50 debet:
450 1182 194 50 Contradicunt
608 1182 97 50 ergo
656 1182 85 50 sicus

184 1226 186 37 formaliter
330 1226 186 37 perfectius
477 1226 93 37 cum
530 1226 186 37 imperfecto
663 1226 80 37 sibi

185 1249 204 42 subordinato:
351 1249 89 42 Nec
402 1249 128 42 potest
492 1249 128 42 negari
581 1249 115 42 talis
645 1249 102 42 subor-

184 1281 146 47 dinatio,
293 1281 97 47 quia
354 1281 183 47 impossibile
500 1281 97 47 est,
561 1281 97 47 quod
622 1281 97 47 duae
671 1281 73 47 for-

186 1318 92 39 mae
238 1318 209 39 respicientes
408 1318 105 39 idem
474 1318 170 39 obiectum,
604 1318 65 39 &
617 1318 131 39 recepti-

184 1352 121 52 biles
264 1352 80 52 in
304 1352 121 52 eodem
385 1352 161 52 subiecto
506 1352 94 52 non
559 1352 148 52 habeant
653 1352 94 52 ordi-

188 1385 102 46 nem
247 1385 131 46 inter
320 1385 58 46 se

223 1410 101 53 Tum
280 1410 116 53 quia
353 1410 174 53 habentes
483 1410 188 53 scientiam
628 1410 101 53 per
672 1410 72 53 hoc

179 1448 123 46 lumen
261 1448 150 46 medium,
370 1448 95 46 non
425 1448 218 46 inniterentur
602 1448 123 46 Fidei
670 1448 82 46 sal-

186 1492 93 39 tem
239 1492 79 39 de
278 1492 212 39 necessitate,
450 1492 106 39 quod
516 1492 93 39 est
569 1492 145 39 falsum:
662 1492 79 39 quia

180 1521 179 41 quicunque
318 1521 179 41 Theologus
456 1521 138 41 semper
552 1521 179 41 innititur
676 1521 69 41 Fi-

190 1553 106 37 dei.
256 1553 213 37 Consequentia
429 1553 133 37 patet,
522 1553 93 37 nam
575 1553 133 37 habens
655 1553 80 37 cla-

187 1584 97 52 rius
248 1584 122 52 lumen,
333 1584 170 52 necessario
467 1584 85 52 non
516 1584 158 52 innititur
625 1584 122 52 inferio.

183 1618 84 49 ri,
231 1618 84 49 aut
279 1618 132 49 minori;
376 1618 96 49 quia
436 1618 145 49 ostensum
544 1618 96 49 fuit
605 1618 157 49 superius,

182 1658 103 40 quod
247 1658 142 40 veritas
350 1658 116 40 Fidei
427 1658 90 40 non
478 1658 129 40 potest
556 1658 180 40 demonstrari,

192 1685 137 50 quamuis
291 1685 187 50 demonstrari
441 1685 137 50 possint
541 1685 150 50 defectus
641 1685 100 50 ratio-

184 1718 91 49 num
236 1718 129 49 contra
326 1718 129 49 illas:
417 1718 142 49 quandiu
520 1718 103 49 ergo
585 1718 116 49 talis
650 1718 91 49 veri-

190 1759 84 38 tas
238 1759 120 38 subest
322 1759 120 38 lumini
407 1759 120 38 Fidei,
491 1759 84 38 non
539 1759 120 38 potest
624 1759 120 38 haberi
696 1759 48 38 de

184 1794 77 39 ea
223 1794 167 39 scientia.
351 1794 103 39 Quod
415 1794 116 39 etiam
492 1794 167 39 confirmo,
621 1794 103 39 quia
672 1794 64 39 me-

188 1823 108 44 ritum
260 1823 108 44 Fidei
332 1823 120 44 exigit
416 1823 84 44 non
464 1823 108 44 posse
536 1823 120 44 habere
608 1823 132 44 scientiam

190 1856 243 44 demonstratiuam
392 1856 81 44 de
433 1856 95 44 ea;
487 1856 122 44 Fides
568 1856 108 44 enim
635 1856 95 44 non
676 1856 68 44 ha-

184 1888 96 51 bet
239 1888 151 51 meritum
349 1888 151 51 (inquit
459 1888 192 51 Oregorius)
610 1888 96 51 vbi
651 1888 96 51 huma-

179 1918 83 56 na
221 1918 124 56 ratio
303 1918 151 56 praebet
399 1918 193 56 experimentum

226 1955 124 40 Tertio
313 1955 112 40 ponit
387 1955 149 40 praefata
499 1955 137 40 opinio,
599 1955 100 40 quod
661 1955 75 40 in
686 1955 62 40 lu-

182 1994 102 33 mine
246 1994 115 33 Fidei
323 1994 102 33 solo
387 1994 89 33 non
438 1994 128 33 possit
527 1994 128 33 haberi
616 1994 115 33 maior
680 1994 64 33 no-

191 2017 105 49 titia
261 2017 70 49 de
296 2017 187 49 credibilibus
448 2017 105 49 illa,
518 2017 93 49 quam
577 2017 105 49 habet
635 2017 105 49 simplex

185 2061 151 51 fidelis,
299 2061 101 51 quod
362 2061 88 51 est
412 2061 139 51 falsum:
513 2061 88 51 non
563 2061 101 51 enim
626 2061 151 51 oportet,

772 168 111 55 quod
842 168 139 55 omnes,
939 168 97 55 qui
994 168 195 55 conueniunt
1147 168 83 55 in
1189 168 97 55 vno
1231 168 97 55 lumi-

766 207 92 49 ne,
818 207 144 49 habeant
923 207 157 49 aequalem
1041 207 157 49 notitiam
1159 207 79 49 de
1199 207 105 49 his,
1251 207 79 49 quae

771 246 145 41 possunt
876 246 158 41 cognosci
995 246 79 41 in
1034 246 105 41 tali
1100 246 145 41 lumine:
1205 246 92 41 nam
1245 246 92 41 vide-

768 279 112 40 mus,
838 279 112 40 quod
908 279 126 40 omnes
992 279 196 40 conueniunt
1147 279 84 40 in
1189 279 140 40 lumine
1273 279 56 40 na

767 316 147 39 turali,
874 316 67 39 &
900 316 120 39 tamen
980 316 94 39 non
1034 316 134 39 habent
1128 316 160 39 aequalem
1234 316 94 39 noti-

770 347 100 40 tiam
832 347 75 40 de
869 347 100 40 his,
932 347 100 40 quae
994 347 137 40 possunt
1094 347 150 40 cognosci
1194 347 137 40 naturali-

775 378 98 39 ter:
836 378 159 39 similiter
959 378 147 39 constat,
1069 378 98 39 quod
1130 378 110 39 omnes
1204 378 110 39 beati
1265 378 61 39 com

774 417 137 36 ueniunt
873 417 74 36 in
910 417 124 36 lumine
997 417 149 36 gloriae,
1109 417 62 36 &
1133 417 112 36 tamen
1208 417 87 36 non
1245 417 87 36 omnes

777 442 117 44 vident
859 442 164 44 aequaliter
988 442 105 44 illud
1058 442 140 44 obiectum
1151 442 152 44 beatificum.

803 482 81 46 Ex
843 482 94 46 quo
897 482 121 46 etiam
977 482 161 46 apparet,
1098 482 107 46 quod
1165 482 94 46 non
1219 482 94 46 est
1259 482 67 46 ne-

764 510 124 46 cesse
847 510 138 46 ponere
944 510 111 46 tale
1013 510 138 46 lumen,
1110 510 111 46 dato
1179 510 124 46 etiam
1248 510 83 46 quod

769 547 114 45 esset
845 547 177 45 possibile:
984 547 89 45 nam
1035 547 152 45 possumus
1149 547 152 45 saluare,
1250 547 76 45 quod

766 579 80 46 in
806 579 121 46 eodem
886 579 134 46 lumine
980 579 121 46 fidei
1060 579 147 46 maiorem
1167 579 161 46 notitiam
1274 579 54 46 ha

770 614 114 35 beant
846 614 152 35 Theologi
960 614 76 35 de
998 614 215 35 credibilibus,
1174 614 101 35 quam
1225 614 101 35 simpli

768 651 93 35 ces
821 651 146 35 fideles
927 651 146 35 propter
1033 651 146 35 habitum
1139 651 186 35 acquisitum
1272 651 53 35 in

764 682 163 45 exercitio
890 682 138 45 studij;
990 682 113 45 sicut
1065 682 113 45 etiam
1140 682 75 45 in
1178 682 113 45 eodem
1240 682 88 45 lumi-

765 714 79 39 ne
804 714 157 39 naturali
922 714 105 39 vnus
988 714 196 39 philosophus
1145 714 170 39 naturalis
1263 714 65 39 ha-

770 747 89 37 bet
821 747 140 37 maiorem
923 747 152 37 notitiam
1037 747 76 37 de
1075 747 114 37 rebus
1151 747 203 37 naturalibus,

771 781 102 44 quam
835 781 102 44 vnus
899 781 166 44 rusticus,
1027 781 102 44 quia
1090 781 115 44 habet
1167 781 140 44 habitum
1256 781 77 44 scie

773 819 95 42 tiae
832 819 154 42 naturalis
950 819 130 42 studio,
1045 819 59 42 &
1069 819 118 42 labore
1139 819 154 42 acquisitum.

800 847 79 51 Ad
839 847 170 51 argumenta
970 847 170 51 opinionis
1101 847 183 51 contrariae
1232 847 92 51 faci-

765 866 76 60 le
803 866 177 60 responderi
929 866 114 60 potest.

799 918 83 45 Ad
841 918 138 45 primum
938 918 97 45 cum
993 918 166 45 dicitur,
1117 918 111 45 quod
1173 918 152 45 contraria

768 949 156 38 remissa,
885 949 65 38 &
911 949 182 38 recedentia
1054 949 65 38 a
1080 949 156 38 proprijs
1184 949 143 38 excellen-

770 985 95 43 tijs
830 985 131 43 possunt
925 985 107 43 stare
996 985 119 43 simul,
1080 985 107 43 dico,
1151 985 95 43 quod
1211 985 83 43 non
1247 985 71 43 pos-

760 1017 105 35 sunt
826 1017 118 35 stare
904 1017 131 35 simul,
996 1017 145 35 tamquam
1102 1017 105 35 duae
1167 1017 131 35 formae
1246 1017 79 35 actu

770 1051 173 44 distinctae;
909 1051 81 44 nam
955 1051 115 44 (sicut
1036 1051 161 44 tangebatur
1163 1051 150 44 superius)
1266 1051 58 44 me-

760 1083 118 42 dium
834 1083 207 42 comparatum
997 1083 89 42 ad
1042 1083 178 42 extremum
1175 1083 133 42 habet
1249 1083 74 42 ra-

765 1119 124 45 tionem
851 1119 148 45 alterius
962 1119 148 45 extremi:
1074 1119 111 45 sicut
1148 1119 99 45 ergo
1197 1119 124 45 extremum

767 1154 93 40 cum
820 1154 146 40 extremo
926 1154 93 40 non
979 1154 132 40 potest
1071 1154 132 40 stare,
1164 1154 93 40 ita
1217 1154 93 40 nec
1257 1154 66 40 cum

760 1186 122 38 medio.
845 1186 73 38 Si
882 1186 98 38 vero
943 1186 184 38 accipiantur
1090 1186 171 38 contraria,
1225 1186 73 38 vt
1250 1186 73 38 con-

765 1219 148 38 currunt
872 1219 81 38 in
912 1219 94 38 vna
966 1219 121 38 media
1047 1219 121 38 forma
1127 1219 188 38 continente
1262 1219 67 38 ex-

766 1253 105 39 trema
836 1253 186 39 virtualiter,
987 1253 58 39 &
1011 1253 186 39 indistincte,
1162 1253 81 39 sic
1209 1253 105 39 stant
1267 1253 58 39 si-

763 1291 106 33 mul,
829 1291 119 33 sicut
908 1291 146 33 albedo,
1014 1291 66 33 &
1041 1291 146 33 nigredo
1147 1291 79 33 in
1186 1291 119 33 medio
1253 1291 79 33 colo

769 1323 72 42 re
805 1323 180 42 virtualiter
949 1323 180 42 continentur
1093 1323 144 42 remissae
1201 1323 60 42 a
1213 1323 120 42 proprijs

767 1356 201 38 excellentijs:
933 1356 130 38 Notitia
1027 1356 106 38 autem
1098 1356 118 38 fidei,
1181 1356 59 38 &
1193 1356 130 38 scientiae

764 1384 146 47 possunt
870 1384 120 47 stare
950 1384 133 47 simul,
1043 1384 93 47 per
1097 1384 120 47 istam
1163 1384 160 47 opinionem,

759 1423 103 36 non
818 1423 162 36 tanquam
936 1423 250 36 constituentes
1142 1423 118 36 vnam
1201 1423 118 36 mediam

763 1452 170 42 notitiam,
894 1452 78 42 in
933 1452 92 42 qua
985 1452 78 42 se
1024 1452 222 42 compatiantur,
1207 1452 105 42 quia
1260 1452 65 42 sic

760 1487 104 43 bene
825 1487 170 43 dicerent,
956 1487 91 43 sed
1008 1487 144 43 tanquam
1112 1487 104 43 duae
1164 1487 157 43 distinctae

765 1519 149 50 notitiae
876 1519 87 50 (vt
926 1519 149 50 superius
1037 1519 111 50 visum
1111 1519 99 50 est)
1173 1519 62 50 &
1186 1519 136 50 propterea

748 1553 184 46 decipiuntur,

795 1586 92 42 Ad
841 1586 199 42 secundum,
994 1586 107 42 Cum
1055 1586 184 42 dicitur:
1192 1586 107 42 Non
1238 1586 92 42 plus

754 1622 109 36 sciet
827 1622 170 36 Theologus,
960 1622 97 36 quam
1021 1622 133 36 simplex
1118 1622 146 36 fidelis,
1227 1622 121 36 patet,

764 1653 107 43 quod
830 1653 93 43 hoc
884 1653 93 43 non
937 1653 93 43 est
990 1653 213 43 necessarium,
1163 1653 67 43 &
1190 1653 107 43 ideo
1243 1653 80 43 sim-

763 1686 171 50 pliciter
891 1686 171 50 negandum
1005 1686 86 50 est.

797 1720 82 46 Ad
838 1720 164 46 tertium.
961 1720 109 46 Quod
1030 1720 137 46 Nullus
1126 1720 137 46 viator
1208 1720 109 46 posset

771 1750 143 45 efuenire
878 1750 71 45 ad
914 1750 155 45 scientiam
1033 1750 71 45 de
1069 1750 202 45 credibilibus,
1236 1750 107 45 dico,

761 1796 108 37 quod
829 1796 122 37 verum
910 1796 108 37 est,
978 1796 162 37 loquendo
1099 1796 81 37 de
1140 1796 162 37 scientia
1248 1796 81 37 pro-

767 1828 100 37 prie
830 1828 126 37 dicta,
918 1828 100 37 quae
981 1828 88 37 est
1031 1828 138 37 habitus
1119 1828 201 37 demonstratiuus

764 1855 76 36 ex
802 1855 290 36 indemonstrabilibus,
1054 1855 63 36 &
1080 1855 88 36 per
1130 1855 76 36 se
1168 1855 113 36 notis
1231 1855 88 36 proce

761 1886 113 37 dens,
836 1886 100 37 bene
898 1886 113 37 tamen
973 1886 125 37 potest
1061 1886 163 37 peruenire
1186 1886 75 37 ad
1211 1886 113 37 aliquen

766 1922 163 41 habitum,
889 1922 95 41 qui
943 1922 136 41 habeat
1038 1922 136 41 magnam
1120 1922 204 41 similitudinem

764 1961 93 43 cum
817 1961 173 43 scientia,
950 1961 93 43 qui
1003 1961 146 43 quantum
1110 1961 80 43 ad
1150 1961 146 43 aliquem
1243 1961 80 43 suum

771 1988 160 44 processum
894 1988 86 44 per
943 1988 148 44 rationes
1054 1988 185 44 probabiles,
1202 1988 111 44 sicut
1263 1988 62 44 opi

761 2025 107 37 nio,
827 2025 174 37 procedit:
961 2025 147 37 quantum
1068 2025 107 37 vero
1135 2025 80 37 ad
1175 2025 134 37 firmum
1255 2025 67 37 as-

767 2056 110 50 ensum
840 2056 147 50 procedit
950 2056 73 50 vt
987 2056 159 50 scientia,
1109 2056 98 50 quia
1170 2056 147 50 Veritati
1268 2056 61 50 con
