1500 2316
177 162 188 53 Dionysium,
325 162 94 53 qui
378 162 121 53 vocat
459 162 215 53 definitionem
621 162 121 53 specula

187 211 132 43 tionem,
283 211 84 43 ita
331 211 120 43 dicit,
415 211 192 43 definitionem
571 211 120 43 autem,
643 211 96 43 idcir-

181 244 77 42 co
220 244 219 42 speculationem
400 244 129 42 vocat,
490 244 103 42 quia
554 244 167 42 definitio
670 244 77 42 qua-

185 273 70 40 si
220 273 140 40 speculum
326 273 94 40 est,
384 273 70 40 in
419 273 82 40 qua
466 273 105 40 sicut
536 273 70 40 in
571 273 129 40 speculo
665 273 82 40 rei
700 273 47 40 na

184 306 99 54 tura
246 306 161 54 cernitur,
370 306 112 54 sicut
444 306 74 54 in
481 306 137 54 speculo
581 306 137 54 opposit
668 306 74 54 cor-

179 342 125 44 poris
248 342 111 44 imago.

216 377 98 42 Quod
277 377 98 42 ergo
338 377 110 42 talis
412 377 172 42 definitio,
547 377 98 42 quae
608 377 86 42 non
657 377 86 42 est
694 377 49 42 a-

176 393 120 56 liud,
256 393 107 56 quam
322 393 173 56 conceptus
456 393 160 56 formatus
576 393 93 56 per
629 393 120 56 actum
696 393 53 56 in

172 452 185 36 telligendi,
320 452 86 36 sit
369 452 123 36 verbum
455 452 136 36 nostrae
554 452 136 36 mentis,
640 452 99 36 proba-

174 475 100 47 tur
231 475 213 47 specialiter
401 475 85 47 ex
430 475 128 47 duobus.

207 511 130 43 Primo,
298 511 104 43 quia
363 511 130 43 verbum
454 511 78 43 in
493 511 130 43 nobis,
584 511 91 43 vel
636 511 91 43 est
675 511 65 43 ip-

168 545 75 48 se
205 545 112 48 actus
280 545 212 48 intelligendi,
454 545 87 48 vel
504 545 162 48 conceptus
616 545 125 48 formatus

167 580 91 45 per
219 580 130 45 actum,
310 580 91 45 non
361 580 117 45 actus
439 580 220 45 intelligendi,
620 580 104 45 quia
672 580 65 45 cum

176 612 137 42 verbum
272 612 151 42 nostrum
382 612 123 42 gerat
464 612 233 42 similitudinem
642 612 96 42 verbi

174 648 133 36 diuini,
271 648 133 36 videtur
368 648 97 36 quod
429 648 109 36 sicut
501 648 182 36 intelligere
635 648 97 36 patris

174 678 72 38 in
210 678 133 38 diuinis
307 678 84 38 non
355 678 84 38 est
403 678 121 38 verbum
488 678 133 38 patris,
584 678 84 38 ita
620 678 121 38 intelli-

169 719 110 44 gere
238 719 83 44 in
279 719 124 44 nobis
362 719 96 44 non
417 719 96 44 est
472 719 138 44 verbum
555 719 138 44 nostrum.

202 751 162 41 Secundo,
324 751 108 41 quia
392 751 135 41 Verbum
487 751 135 41 vocale
581 751 95 41 est
622 751 108 41 signum

179 784 112 37 verbi
253 784 161 37 mentalis,
377 784 87 37 sed
427 784 124 37 verbum
514 784 124 37 vocale
588 784 149 37 significat

181 816 181 42 conceptum
321 816 167 42 formatum
446 816 98 42 per
502 816 139 42 actum,
600 816 70 42 &
627 816 98 42 non
669 816 70 42 ip-

174 850 93 41 sum
227 850 133 41 actum,
320 850 119 41 ergo:
399 850 146 41 Minorem
505 850 133 41 probo,
598 850 106 41 quia
651 850 80 41 ver-

177 886 92 42 bum
229 886 144 42 vocale,
334 886 105 42 quod
399 886 92 42 est
451 886 131 42 nomen,
543 886 183 42 significat
674 886 65 42 ip-

174 919 97 37 sam
229 919 235 37 definitionem.
423 919 97 37 Nam
478 919 166 37 secundum
602 919 138 37 Arist.
685 919 55 37 4.

168 955 138 38 Metaph
265 955 138 38 ratio,
361 955 110 38 quam
430 955 193 38 significat
582 955 138 38 nomen,
665 955 69 38 est

173 987 169 37 definitio,
306 987 97 37 quae
366 987 121 37 quidem
450 987 169 37 definitio,
583 987 72 37 vt
607 987 133 37 dicebatur

174 1020 117 42 supra,
256 1020 82 42 non
303 1020 82 42 est
350 1020 94 42 ipse
409 1020 106 42 actus
479 1020 199 42 intelligendi,
643 1020 82 42 sed
678 1020 59 42 il-

164 1056 110 42 lud,
233 1056 110 42 quod
302 1056 137 42 format
398 1056 206 42 intellectus
562 1056 96 42 per
617 1056 124 42 talem
686 1056 55 42 a-

170 1089 126 43 ctum,
254 1089 195 43 quapropter
407 1089 223 43 concluditur,
589 1089 140 43 verbum
672 1089 70 43 non

174 1126 106 44 esse
240 1126 159 44 actualem
359 1126 251 44 intellectionem,
570 1126 93 44 sed
623 1126 145 44 quendam

167 1161 195 38 conceptum
317 1161 105 38 per
377 1161 105 38 eam
423 1161 165 38 formatum.

208 1193 112 34 Haec
278 1193 126 34 autem
361 1193 139 34 opinio
459 1193 98 34 hoc
515 1193 112 34 modo
571 1193 167 34 explicatur

168 1226 67 38 a
194 1226 188 38 quibusdam.
343 1226 135 38 Dicunt
437 1226 108 38 enim
504 1226 108 38 quod
571 1226 121 38 talis
639 1226 94 38 conce

172 1263 96 43 ptus
232 1263 84 43 est
280 1263 144 43 formatus
388 1263 84 43 per
436 1263 108 43 actum
509 1263 204 43 intelligendi,
665 1263 72 43 quia

169 1292 100 43 est
226 1292 100 43 per
283 1292 100 43 eum
340 1292 200 43 productus,
498 1292 157 43 tanquam
598 1292 143 43 terminus

177 1325 220 49 ntellectualis
358 1325 207 49 operationis.
526 1325 103 49 Quod
578 1325 155 49 confirmant

156 1360 206 47 dupliciter.

203 1391 136 42 Primo,
298 1391 108 42 quia
366 1391 217 42 intelligere,
542 1391 95 42 cum
596 1391 95 42 sit
637 1391 95 42 quae-

173 1424 92 45 dam
226 1424 172 45 operatio,
358 1424 119 45 debet
437 1424 132 45 habere
529 1424 145 45 aliquem
621 1424 106 45 termi-

171 1467 101 34 num;
235 1467 101 34 iste
298 1467 114 34 autem
374 1467 152 34 terminus
488 1467 89 34 non
539 1467 127 34 potest
628 1467 101 34 esse
678 1467 51 34 a-

168 1494 113 43 liud,
243 1494 100 43 quam
305 1494 113 43 talis
380 1494 163 43 conceptus
505 1494 163 43 formatus,
630 1494 88 43 qui
668 1494 63 43 est

172 1530 146 48 verbum,
278 1530 106 48 ergo
345 1530 133 48 verbum
438 1530 93 48 est
491 1530 146 48 aliquid
584 1530 146 48 productum

166 1559 90 55 per
217 1559 115 55 actum
282 1559 192 55 intelligendi.

204 1595 151 42 Secundo,
317 1595 100 42 quia
380 1595 188 42 intelligere
531 1595 126 42 emanat
619 1595 75 42 ab
644 1595 88 42 intel

173 1633 156 43 ligente,
290 1633 78 43 vt
329 1633 143 43 quaedam
433 1633 169 43 operatio;
563 1633 130 43 verbum
641 1633 91 43 autem

169 1661 82 42 vt
210 1661 150 42 aliquid
320 1661 178 42 productum
457 1661 96 42 per
511 1661 205 42 operationem
662 1661 68 42 in-

170 1694 170 45 tellectus,
303 1694 97 45 quia
364 1694 73 45 de
400 1694 133 45 ratione
497 1694 85 45 sua
546 1694 170 45 intrinseca
667 1694 61 45 est

171 1730 105 41 esse
237 1730 171 41 productum
368 1730 92 41 per
420 1730 118 41 actum
486 1730 197 41 intelligendi.

204 1758 166 52 Probatur
328 1758 152 52 insuper
439 1758 110 52 quod
508 1758 97 52 sit
549 1758 180 52 necessarium

175 1791 126 49 ponere
264 1791 139 49 aliquem
365 1791 114 49 talem
441 1791 164 49 conceptum
567 1791 152 49 realiter
668 1791 63 49 di-

172 1825 142 48 stinctum
278 1825 71 48 ab
314 1825 94 48 actu
373 1825 201 48 intelligendi,
538 1825 83 48 qui
585 1825 83 48 non
633 1825 83 48 sit
668 1825 59 48 as-

175 1862 144 45 sentire,
283 1862 84 45 vel
331 1862 180 45 dissentire,
476 1862 84 45 vel
524 1862 144 45 dubitare
632 1862 60 45 :
644 1862 84 45 Conce

177 1897 125 48 ptus,
261 1897 111 48 quem
330 1897 167 48 formamus
456 1897 84 48 de
497 1897 139 48 aliquo
581 1897 153 48 complexo,

173 1931 86 43 non
222 1931 86 43 est
271 1931 134 43 aliquis
368 1931 134 43 istorum
466 1931 134 43 actuum,
564 1931 98 43 quia
625 1931 98 43 stat
674 1931 61 43 cum

166 1964 149 52 quolibet
277 1964 124 52 eorum,
364 1964 74 52 vt
401 1964 74 52 de
439 1964 74 52 se
476 1964 124 52 patet,
550 1964 87 52 ergo.

205 1991 154 51 Secundo,
321 1991 103 51 quia
385 1991 154 51 videmus,
501 1991 103 51 quod
565 1991 129 51 sciens
642 1991 90 51 veri-

175 2035 114 43 tatem
251 2035 76 43 de
289 2035 127 43 aliquo
378 2035 164 43 complexo,
504 2035 63 43 &
530 2035 114 43 ille,
605 2035 89 43 qui
643 2035 89 43 errat

171 2069 121 59 circa
251 2069 121 59 illud
332 2069 188 59 complexum,
480 2069 148 59 quamuis
587 2069 94 59 non
627 2069 108 59 habeat

753 173 146 44 similem
859 173 120 44 actum
939 173 226 44 intelligendi,
1125 173 93 44 sed
1179 173 133 44 omnino
1258 173 67 44 op-

770 204 139 43 positos,
875 204 93 43 quia
933 204 93 43 vnus
991 204 151 43 assentit,
1107 204 58 43 &
1130 204 104 43 alter
1188 204 139 43 dissentit,

765 237 140 44 nabent
863 237 126 44 tamen
947 237 140 44 omnino
1045 237 112 44 idem
1115 237 196 44 conceptum;
1255 237 70 44 qua

759 273 145 46 propter
864 273 210 46 relinquitur,
1035 273 118 46 quod,
1114 273 118 46 talis
1179 273 145 46 conceptus

763 313 81 50 non
809 313 81 50 sit
855 313 92 50 ipse
912 313 104 50 actus
981 313 196 50 intelligendi,
1142 313 81 50 sed
1188 313 138 50 realiter
1280 313 46 50 di

754 344 151 47 stinctus
868 344 76 47 ab
893 344 88 47 actu.

795 360 135 53 Tertio,
893 360 98 53 quia
954 360 86 53 ita
1003 360 86 53 est
1052 360 73 53 in
1088 360 171 53 intellectu
1223 360 86 53 suo
1260 360 61 53 mo-

752 414 85 39 do,
801 414 110 39 sicut
874 414 73 39 in
910 414 122 39 sensu,
995 414 85 39 sed
1044 414 73 39 in
1081 414 110 39 sensu
1154 414 85 39 est
1202 414 97 39 dare
1251 414 73 39 ali-

761 444 108 45 quod
829 444 136 45 ldolum
924 444 190 45 distinctum
1073 444 81 45 ab
1114 444 108 45 actu
1168 444 149 45 sentiendi

751 475 73 44 in
787 475 85 44 quo
836 475 181 44 cognoscitur
981 475 85 44 res
1029 475 145 44 sensata,
1138 475 109 44 sicut
1210 475 109 44 patet
1271 475 48 44 in

753 508 152 43 somnijs,
868 508 102 43 ergo
931 508 64 43 &
957 508 76 43 in
995 508 178 43 intellectu
1134 508 102 43 erit
1198 508 102 43 dare
1249 508 76 43 ali-

760 548 95 40 quid
820 548 95 40 tale
879 548 143 40 realiter
986 548 167 40 distinctum
1117 548 71 40 ab
1153 548 95 40 actu
1201 548 119 40 intelli-

753 574 127 49 gendi,
842 574 64 49 &
868 574 89 49 hoc
918 574 89 49 non
969 574 127 49 potest
1058 574 102 49 esse
1122 574 102 49 nisi
1185 574 114 49 talis
1249 574 76 49 con-

751 614 136 52 ceptus
847 614 95 52 per
901 614 123 52 actum
983 614 191 52 productus,
1120 614 95 52 ergo.

787 651 108 34 lste
855 651 108 34 ergo
923 651 95 34 est
977 651 135 34 sensus
1072 651 95 34 qui
1126 651 122 34 datur
1194 651 135 34 opinioni

753 684 176 42 praefatae.
891 684 138 42 Videtur
992 684 113 42 tamen
1067 684 113 42 mihi,
1142 684 100 42 quod
1205 684 88 42 sit
1243 684 75 42 omni

747 715 89 56 no
792 715 149 56 contra
896 715 223 56 intentionem
1075 715 208 56 opinantium
1224 715 89 56 pro-

754 751 93 41 pter
801 751 81 41 tria.

789 768 128 64 Primo,
879 768 103 64 quia
943 768 192 64 sequeretur,
1097 768 103 64 quod
1148 768 180 64 intellectus.

751 813 131 39 noster
843 813 92 39 per
895 813 92 39 se,
948 813 66 39 &
974 813 144 39 directe
1079 813 118 39 esset
1157 813 157 39 actiuus,
1262 813 66 39 cu-

746 848 100 46 ius
803 848 200 46 contrarium
960 848 185 46 intendunt
1102 848 185 46 Positores
1230 848 86 46 opi-

749 887 146 38 nionis,
855 887 213 38 Consequentia
1028 887 160 38 apparet,
1148 887 106 38 quia
1215 887 133 38 illud,

756 914 105 48 quod
822 914 158 48 competit
940 914 198 48 intellectui
1098 914 92 48 per
1151 914 105 48 suum
1204 914 105 48 actum,

752 953 140 53 competit
857 953 70 53 ei
892 953 82 53 per
939 953 82 53 se,
986 953 58 53 &
1009 953 140 53 directe,
1114 953 70 53 vt
1149 953 82 53 est
1184 953 117 53 actiuus.

787 982 167 42 Secundo,
912 982 194 42 sequeretur
1065 982 125 42 actum
1134 982 181 42 intellectus

750 1017 192 52 definientis
904 1017 102 52 esse
968 1017 179 52 practicum,
1108 1017 102 52 quod
1172 1017 115 52 patet
1236 1017 77 52 esse

750 1053 135 45 falsum,
848 1053 98 45 quia
910 1053 98 45 tunc
971 1053 111 45 omnis
1045 1053 148 45 scientia
1156 1053 111 45 esset
1218 1053 98 45 practi

754 1094 86 35 ca,
803 1094 197 35 Consequentia
963 1094 147 35 apparet,
1073 1094 98 35 quia
1135 1094 98 35 ille
1196 1094 111 35 actus
1258 1094 61 35 in-

750 1121 177 42 tellectus,
889 1121 88 42 qui
940 1121 114 42 habet
1016 1121 88 42 pro
1066 1121 114 42 fine,
1142 1121 63 42 &
1167 1121 139 42 termino
1256 1121 63 42 ali

747 1159 101 42 quid
810 1159 63 42 a
836 1159 76 42 se
874 1159 164 42 operatum,
1000 1159 63 42 &
1025 1159 63 42 a
1050 1159 76 42 se
1088 1159 164 42 productum
1214 1159 88 42 est
1252 1159 63 42 pra

754 1190 135 47 cticus,
852 1190 86 47 sed
901 1190 111 47 actus
975 1190 184 47 intellectus
1122 1190 184 47 definientis
1258 1190 61 47 est

744 1222 179 50 huiusmodi
882 1222 179 50 (secundum
1020 1222 124 50 istam
1103 1222 124 50 viam)
1172 1222 96 50 ergo.

786 1255 137 42 Tertio,
885 1255 174 42 sequeretur
1022 1255 99 42 quod
1084 1255 186 42 intellectus
1221 1255 99 42 fieret

747 1295 174 41 practicus
881 1295 107 41 sine
947 1295 107 41 omni
1014 1295 134 41 ordine
1108 1295 80 41 ad
1135 1295 174 41 voluntatem,

757 1320 102 52 quod
821 1320 89 52 est
872 1320 127 52 falsum
961 1320 76 52 ex
999 1320 127 52 tertio
1088 1320 76 52 de
1126 1320 127 52 anima;
1202 1320 102 52 Conse-

748 1358 137 49 quentia
847 1358 149 49 apparet,
959 1358 99 49 quia
1021 1358 186 49 intellectus
1170 1358 124 49 format
1245 1358 62 49 ta-

753 1390 93 49 lem
806 1390 173 49 conceptum
939 1390 80 49 in
979 1390 160 49 quolibet
1100 1390 93 49 suo
1153 1390 107 49 actu
1206 1390 107 49 (secun

758 1423 91 42 dum
810 1423 207 42 expositionem
978 1423 155 42 istorum)
1095 1423 168 42 Praeterea
1224 1423 78 42 si
1250 1423 65 42 di-

760 1457 78 44 cta
804 1457 111 44 opinio
882 1457 100 44 esset
949 1457 189 44 intelligenda,
1104 1457 67 44 vt
1137 1457 89 44 isti
1193 1457 144 44 exponunt,

755 1493 95 38 tunc
814 1493 154 38 rationes,
933 1493 95 38 quae
992 1493 106 38 fiunt
1063 1493 71 38 ab
1098 1493 106 38 alijs
1169 1493 118 38 contra
1240 1493 71 38 eam,

745 1523 210 57 sufficienter
916 1523 223 57 concluderent,
1100 1523 66 57 &
1126 1523 171 57 veritatem
1244 1523 66 57 at

733 1561 168 51 tingerent.

786 1582 160 67 Arguunt
903 1582 116 67 enim
975 1582 145 67 quidam
1077 1582 145 67 contra
1178 1582 102 67 eam
1222 1582 87 67 tri

748 1626 115 49 pliciter,

778 1642 118 65 Primo,
861 1642 94 65 quia
920 1642 71 65 si
955 1642 106 65 esset
1026 1642 94 65 dare
1085 1642 71 65 in
1120 1642 165 65 intellectu
1238 1642 71 65 ali-

750 1699 113 40 quem
821 1699 184 40 conceptum
963 1699 184 40 oroductum
1104 1699 99 40 per
1161 1699 128 40 actum
1232 1699 71 40 in-

749 1728 176 39 telligendi,
890 1728 94 39 tunc
948 1728 105 39 nulla
1018 1728 105 39 esset
1089 1728 152 39 operatio,
1206 1728 94 39 quae
1252 1728 59 39 non

752 1763 151 49 haberet
862 1763 151 49 aliquem
972 1763 137 49 actum,
1068 1763 69 49 &
1096 1763 96 49 per
1137 1763 165 49 consequens

753 1803 109 35 nulla
825 1803 145 35 operatio
934 1803 109 35 esset
1007 1803 109 35 finis
1079 1803 169 35 operantis,
1212 1803 97 35 quod
1261 1803 48 35 to

749 1832 90 53 tum
801 1832 90 53 est
852 1832 129 53 contra
943 1832 129 53 Arist.
1033 1832 65 53 &
1059 1832 103 53 Com.
1123 1832 77 53 in
1162 1832 77 53 9.
1188 1832 116 53 Metaph-

758 1866 69 46 vt
792 1866 69 46 de
826 1866 69 46 se
849 1866 92 46 patet.

780 1880 156 65 Secundo
893 1880 199 65 sequeretur
1050 1880 114 65 quod
1120 1880 128 65 talis
1191 1880 114 65 conce-

754 1929 100 47 ptus
816 1929 112 47 prius
891 1929 112 47 esset
966 1929 162 47 cognitus,
1091 1929 100 47 quam
1153 1929 175 47 productus,

759 1964 97 50 quod
819 1964 109 50 patet
892 1964 97 50 esse
952 1964 133 50 falsum,
1049 1964 97 50 quia
1109 1964 97 50 tunc
1157 1964 157 50 intellectus

761 1996 170 54 roduceret
892 1996 144 54 aliquid
997 1996 79 54 in
1036 1996 79 54 se
1075 1996 92 54 per
1128 1996 131 54 artem,
1206 1996 105 54 Conse-

757 2038 130 38 uentia
848 2038 170 38 probatur,
979 2038 104 38 quia
1044 2038 157 38 videmus,
1161 2038 104 38 quod
1214 2038 91 38 arti-

741 2067 92 55 fex
793 2067 92 55 cum
846 2067 158 55 producit
964 2067 145 55 aliquam
1069 2067 158 55 imaginem
1175 2067 131 55 exterio
