1500 2303
171 206 168 75 formen,
293 206 183 75 secundum
430 206 153 75 mentem
537 206 198 75 Augustini
674 206 61 75 vt

151 268 129 40 credo.

206 276 150 69 Quarto,
316 276 150 69 ponimus
425 276 96 69 ibi
480 276 123 69 actum
548 276 191 69 intelligendi

174 326 226 44 inquisitiuum;
360 326 93 44 Nam
413 326 106 44 quia
479 326 106 44 iste
546 326 173 44 conceptus
666 326 66 44 in-

175 362 132 52 formis
267 362 198 52 representat
426 362 158 52 obiectum
544 362 92 52 sub
597 362 132 52 quodam
676 362 53 52 es

178 396 73 51 se
214 396 218 51 indeterminato,
396 396 61 51 &
421 396 158 51 volibili;
542 396 133 51 idcirco
627 396 109 51 intelle

178 429 99 50 ctus
240 429 174 50 informatus
376 429 99 50 tali
438 429 149 50 conceptu
550 429 99 50 erit
612 429 74 50 in
649 429 112 50 actum

169 469 209 44 intelligendi
339 469 222 44 inquisitiuum,
522 469 78 44 vt
561 469 170 44 perueniat
679 469 52 44 ad

174 505 185 42 conceptum
316 505 171 42 vltimum,
444 505 71 42 &
472 505 199 42 perfectum,
629 505 85 42 in
657 505 71 42 quo

177 530 86 50 sua
226 530 173 50 inquisitio
350 530 161 50 terminatur.

204 549 82 66 Et
245 549 109 66 ideo
314 549 219 66 imaginabimur
492 549 178 66 ibiQuinto
615 549 123 66 quendam

174 598 174 51 conceptum
307 598 200 51 explicitum,
468 598 67 51 &
494 598 174 51 formatum,
628 598 94 51 qui
668 598 67 51 est

174 631 144 48 terminus
282 631 108 48 dicti
354 631 108 48 actus
426 631 192 48 inquisitiui;
582 631 84 48 non
630 631 96 48 quod
678 631 60 48 sit

168 666 180 48 productus
307 666 97 48 per
362 666 139 48 dictum
459 666 139 48 actum,
556 666 83 48 vt
584 666 152 48 dicebatur

175 703 184 50 superius;
316 703 113 50 immo
387 703 198 50 producetur
543 703 85 50 ab
585 703 127 50 eadem
656 703 85 50 cau-

174 732 86 49 sa,
223 732 61 49 a
247 732 86 49 qua
296 732 172 49 producitur
431 732 123 49 dictus
517 732 123 49 actus;
603 732 86 49 ita
639 732 86 49 tamen

178 762 101 52 quod
242 762 139 52 praeuio
343 762 101 52 tali
406 762 114 52 actu;
482 762 63 52 &
507 762 101 52 ideo
570 762 139 52 dicitur
659 762 88 52 termi

177 799 92 56 nus
229 799 118 56 eius;
308 799 105 56 iste
374 799 118 56 autem
452 799 171 56 conceptus
584 799 92 56 est
623 799 118 56 verbum,

176 836 83 47 de
218 836 97 47 quo
273 836 111 47 modo
328 836 166 47 loquituur.

209 848 126 68 Sexto,
297 848 151 68 imaginab
410 848 100 68 imur
473 848 88 68 ibi
523 848 113 68 actum
586 848 151 68 intelligen

175 903 76 52 di
213 903 177 52 explicitum
353 903 63 52 &
378 903 177 52 perfectum,
518 903 114 52 cuius
581 903 152 52 principium

170 937 86 45 est
219 937 160 45 perfectus
342 937 172 45 conceptus,
477 937 74 45 vt
514 937 111 45 supra
588 937 172 45 dicebatur,

154 971 97 44 qui
210 971 139 44 quidem
307 971 181 44 conceptus
446 971 139 44 merito
543 971 139 44 potest
627 971 111 44 appel

168 1001 99 49 lari
230 1001 111 49 forma
304 1001 185 49 specularis,
452 1001 99 49 quia
513 1001 74 49 in
550 1001 86 49 eo,
599 1001 136 49 tanquam
686 1001 49 49 in

179 1039 139 45 apeculo,
283 1039 139 45 intuemur
387 1039 127 45 naturam
480 1039 81 45 rei
526 1039 173 45 explicitae,
653 1039 81 45 quasi

180 1067 91 54 per
232 1067 130 54 partum
323 1067 195 54 manifestum,
479 1067 104 54 quae
544 1067 117 54 prius
622 1067 91 54 sub
661 1067 78 54 con-

184 1099 110 56 ceptu
257 1099 146 56 simplici
367 1099 97 56 erat
427 1099 171 56 implicita,
561 1099 61 56 &
574 1099 158 56 abscondita;

177 1133 109 53 sicut
249 1133 97 53 ergo
310 1133 73 53 se
346 1133 109 53 habet
419 1133 133 53 species
515 1133 73 53 ad
552 1133 109 53 actum
612 1133 121 53 intelli-

184 1167 114 48 gendi
260 1167 177 48 simplicem,
400 1167 63 48 &
425 1167 165 48 cogitatio
552 1167 152 48 informis
666 1167 76 48 ad
691 1167 51 48 a-

179 1204 105 49 ctum
244 1204 210 49 intelligendi
415 1204 171 49 perfectum
533 1204 197 49 inquisitiuum;

181 1236 86 53 ita
230 1236 98 53 iste
291 1236 160 53 conceptus
414 1236 74 53 ad
451 1236 111 53 actum
525 1236 197 53 intelligendi
673 1236 61 53 por

178 1271 124 49 fectu,
264 1271 62 49 &
289 1271 99 49 ideo
351 1271 112 49 sicut
426 1271 124 49 dictum
513 1271 87 49 est
562 1271 74 49 de
600 1271 99 49 isto
649 1271 87 49 conce

176 1304 103 51 ptu,
240 1304 103 51 quod
305 1304 90 51 est
356 1304 141 51 quaedam
459 1304 116 51 forma
536 1304 180 51 specularis
664 1304 77 51 per-

183 1332 122 49 fecta,
268 1332 73 49 in
305 1332 85 49 qua
354 1332 146 49 intuemur
463 1332 134 49 naturam
561 1332 85 49 rei
598 1332 146 49 explicite;

183 1372 86 49 ita
232 1372 148 49 possumus
343 1372 123 49 dicere
429 1372 74 49 de
467 1372 136 49 specle,
565 1372 99 49 quod
627 1372 86 49 est
664 1372 74 49 quae

180 1405 88 50 dam
231 1405 113 50 forma
306 1405 175 50 specularis
444 1405 188 50 imperfecta,
594 1405 75 50 in
632 1405 88 50 qua
669 1405 63 50 in-

177 1433 133 53 tuemur
270 1433 146 53 naturam
376 1433 107 53 rei;
443 1433 93 53 sic
496 1433 120 53 etiam
576 1433 67 53 &
590 1433 146 53 cogitatio

176 1475 156 46 informis
293 1475 91 46 est
345 1475 130 46 quedam
436 1475 117 46 forma
513 1475 182 46 specularis
643 1475 91 46 imper

182 1503 129 54 fecta,
273 1503 78 54 in
311 1503 91 54 qua
363 1503 155 54 intuemur
479 1503 142 54 naturam
583 1503 91 54 rei
622 1503 116 54 volupta

178 1542 129 47 biliter
260 1542 152 47 discursiue-

217 1549 57 75 1
239 1549 126 75 Species
331 1549 207 75 intelligibilis
503 1549 138 75 realiter
607 1549 69 75 ab
641 1549 92 75 actu
687 1549 46 75 di

208 1620 65 73 2
234 1620 117 73 Actus
312 1620 208 73 intelligendi
480 1620 143 73 rectus,
584 1620 156 73 simplex,
688 1620 39 73 &

165 1608 104 47 stinta

165 1677 181 45 imperfectus.

209 1685 69 74 3
237 1685 181 74 Conceptus
376 1685 264 74 indeterminatus,
598 1685 97 74 qui
640 1685 97 74 voca-

180 1744 86 47 tur
229 1744 160 47 cogitatio
339 1744 123 47 informis

214 1755 62 70 4
238 1755 111 70 Actus
312 1755 197 70 intelligendi
473 1755 210 70 inquisitiuus,

213 1812 66 48 3
239 1812 172 48 Conceptus
372 1812 199 48 explicitus,
531 1812 66 48 &
557 1812 172 48 formatus,
677 1812 66 48 qui

181 1842 88 54 est
232 1842 151 54 terminus
345 1842 113 54 actus
421 1842 189 54 inquisitiui
572 1842 139 54 dicitur
660 1842 76 54 ver

145 1881 122 43 bum

208 1888 63 73 8
234 1888 113 73 Actus
309 1888 201 73 intelligendi
473 1888 189 73 explicitus,
624 1888 63 73 &
636 1888 101 73 perfe-

181 1949 108 43 ctus,
253 1949 84 43 qui
301 1949 132 43 dicitur
397 1949 108 43 forma
457 1949 144 43 specularis

197 1962 100 63 Quia
259 1962 112 63 tamen
333 1962 112 63 omnia
408 1962 112 63 ista,
483 1962 100 63 quae
545 1962 112 63 dicta
620 1962 112 63 sunt,
682 1962 62 63 vi-

177 2010 126 50 dentur
266 2010 152 50 narrata,
380 2010 63 50 &
405 2010 88 50 non
455 2010 152 50 probata;
569 2010 139 50 idcirco
658 2010 88 50 redu-

181 2046 77 43 co
220 2046 116 43 omnia
297 2046 155 43 praefata
413 2046 77 43 ad
452 2046 142 43 quatuor
542 2046 194 43 conclusiones,

185 2072 120 50 quarum
269 2072 96 50 duae
329 2072 144 50 superius
437 2072 96 50 sunt
496 2072 156 50 probatae,
616 2072 108 50 aliae
676 2072 60 50 ve-

186 2110 75 54 ro
224 2110 101 54 duae
287 2110 101 54 nunc
350 2110 138 54 restant
438 2110 151 54 probandae.

778 215 126 51 Prima
862 215 112 51 ergo
931 215 181 51 conclusio
1071 215 112 51 est,
1141 215 112 51 quod
1196 215 112 51 verbum

746 253 118 57 mentis
829 253 130 57 nostrae
923 253 82 57 non
970 253 82 57 est
1017 253 130 57 species
1100 253 200 57 intelligibilis.

756 293 59 57 &
780 293 95 57 ista
839 293 95 57 fuit
899 293 131 57 probata
993 293 71 57 in
1029 293 154 57 principio
1148 293 107 57 huius
1207 293 95 57 articu

748 328 75 49 li
785 328 75 49 ex
822 328 200 49 improbatione
985 328 125 49 primae
1059 328 150 49 opinionis.

774 352 152 51 Secunda
885 352 179 51 conclusio
1022 352 110 51 est,
1091 352 110 51 quod
1160 352 138 51 verbum
1243 352 69 51 non

755 389 81 55 est
802 389 104 55 prima
871 389 174 55 intellectio
1010 389 150 55 actualis;
1126 389 58 55 &
1149 389 93 55 ista
1207 389 93 55 fuit
1253 389 58 55 su-

760 423 132 62 perius
852 423 145 62 probata
958 423 79 62 ex
997 423 211 62 improbatione
1169 423 158 62 secundae
1274 423 66 62 opi

742 461 109 52 nionis,

790 483 122 62 Tertia
875 483 159 62 conclusio
998 483 98 62 est,
1059 483 98 62 quod
1120 483 110 62 nulla
1181 483 110 62 intelli

751 516 99 59 ctio
813 516 149 59 actualis
924 516 87 59 est
974 516 137 59 verbum,
1073 516 62 59 &
1098 516 99 59 ista
1160 516 124 59 restat
1235 516 74 59 nunc

759 562 166 50 probanda;
887 562 115 50 Probo
963 562 102 50 ergo
1027 562 89 50 eam
1078 562 89 50 vna
1129 562 153 50 ratione,
1231 562 77 50 quae

754 595 83 52 est
801 595 118 52 talis.
884 595 106 52 Sicut
955 595 71 52 se
990 595 106 52 habet
1061 595 118 52 verbum
1144 595 118 52 vocale
1226 595 71 52 ad
1250 595 59 52 ip-

750 630 101 46 sam
807 630 216 46 auditionem,
980 630 101 46 ita
1038 630 144 46 uerbum
1138 630 158 46 mentale
1239 630 101 46 adip-

755 662 98 51 sam
811 662 169 51 actualem
938 662 267 51 intellectionem,
1162 662 98 51 sed
1205 662 112 51 verbum

756 695 114 43 vocale
835 695 80 43 est
881 695 137 43 realiter
983 695 159 43 distinctum
1108 695 68 43 ab
1142 695 159 43 auditione,
1256 695 57 43 er-

745 729 79 45 go
784 729 132 45 uerbum
877 729 146 45 mentale
983 729 106 45 erit
1049 729 119 45 etiam
1128 729 159 45 realiter
1234 729 106 45 distin

750 769 112 42 ctum
820 769 84 42 ab
862 769 112 42 omni
933 769 155 42 actuali
1045 769 253 42 intellectione:
1242 769 98 42 Maior

758 798 91 49 est
810 798 116 49 nota;
887 798 142 49 Minorem
991 798 129 49 probo,
1081 798 103 49 quia
1146 798 116 49 sicut
1224 798 91 49 per
1262 798 78 49 ver-

756 830 85 42 bum
804 830 121 42 uocale
889 830 97 42 quis
950 830 146 42 loquitur
1059 830 121 42 alteri
1144 830 158 42 audienti;
1253 830 61 42 ita

759 860 92 52 per
812 860 132 52 verbum
904 860 145 52 mentale
1010 860 106 52 quis
1076 860 159 52 loquitur
1195 860 106 52 sibi
1261 860 106 52 ipsi

750 901 214 45 intelligenti.
926 901 113 45 Sicut
1002 901 101 45 ergo
1065 901 75 45 se
1102 901 113 45 habet
1178 901 138 45 auditio
1266 901 75 45 cor-

755 930 143 47 potalis
859 930 78 47 ad
898 930 130 47 uerbum
989 930 143 47 vocale,
1093 930 91 47 ita
1145 930 195 47 intellectio
1288 930 52 47 a-

754 964 156 51 ctualis,
871 964 143 51 tanquam
975 964 143 51 quaedam
1080 964 143 51 auditio
1171 964 169 51 spiritualis

754 1001 83 40 ad
796 1001 139 40 verbum
879 1001 139 40 mentale-

795 1028 124 56 Quarta
881 1028 161 56 conclusio
1005 1028 99 56 est,
1067 1028 99 56 quod
1129 1028 174 56 supposito,
1266 1028 99 56 quod

749 1057 92 50 sit
801 1057 131 50 ponere
893 1057 145 50 speciem
998 1057 158 50 realiter
1117 1057 184 50 distinctam
1261 1057 79 50 ab
1287 1057 53 50 a-

750 1100 105 45 ctu,
815 1100 118 45 sicut
894 1100 131 45 plures
986 1100 144 45 ponunt,
1091 1100 144 45 necesse
1196 1100 92 45 est
1235 1100 105 45 ponere

757 1135 74 37 in
794 1135 173 37 intellectu
930 1135 99 37 duas
992 1135 111 37 alias
1066 1135 124 37 formas
1153 1135 186 37 speculares,

758 1171 127 47 quarum
847 1171 89 47 una
898 1171 89 47 est
948 1171 164 47 cogitatio
1075 1171 164 47 informis,
1201 1171 101 47 quae
1252 1171 63 47 est

750 1200 174 46 principium
886 1200 112 46 actus
961 1200 199 46 inquisitiui;
1123 1200 124 46 altera
1210 1200 100 46 vero
1260 1200 62 46 est

753 1235 174 43 conceptus
886 1235 174 43 formatus,
1020 1235 94 43 qui
1073 1235 94 43 est
1127 1235 147 43 verbum,
1234 1235 67 43 &
1247 1235 67 43 est

763 1270 171 47 principium
897 1270 110 47 actus
958 1270 135 47 perfecti.

786 1300 122 53 lstam
868 1300 109 53 ergo
936 1300 217 53 conclusionem
1112 1300 122 53 primo
1194 1300 122 53 probo
1262 1300 54 53 ra

756 1325 124 49 tione,
843 1325 137 49 secundo
942 1325 199 49 auctoritate;
1104 1325 137 49 ratione
1203 1325 99 49 sic.
1253 1325 62 49 Non

755 1369 117 49 minus
833 1369 156 49 dependet
950 1369 117 49 actus
1028 1369 208 49 intelligendi
1183 1369 130 49 inquisi-

757 1401 124 39 tiuus,
843 1401 62 39 &
868 1401 112 39 actus
943 1401 199 39 intelligendi
1104 1401 174 39 explicitus
1241 1401 74 39 ab
1265 1401 50 39 o-

750 1435 134 40 biecto,
848 1435 98 40 quam
909 1435 110 40 actus
982 1435 196 40 intelligendi
1141 1435 147 40 simplex,
1251 1435 86 40 sed

752 1476 118 41 actus
831 1476 210 41 intelligendi
1002 1476 145 41 simplex
1107 1476 92 41 ita
1159 1476 158 41 dependet
1264 1476 53 41 ab

754 1499 158 53 obiecto,
872 1499 105 53 quod
938 1499 145 53 indiget
1044 1499 132 53 aliquo
1136 1499 171 53 supplente
1255 1499 79 53 vice

756 1536 143 47 obiecti,
863 1536 119 47 vtpote
947 1536 131 47 specie,
1043 1536 95 47 ergo
1102 1536 60 47 &
1126 1536 107 47 actus
1186 1536 143 47 intellige-

751 1569 73 42 di
787 1569 195 42 inquisitiuus
946 1569 159 42 indigebit
1068 1569 122 42 aliquo
1154 1569 98 42 tali
1203 1569 122 42 represen

751 1609 146 44 tatiuo,
857 1609 106 44 quod
923 1609 132 44 quidem
1016 1609 119 44 habet
1095 1609 119 44 talem
1161 1609 159 44 proportio-

758 1633 88 50 nem
809 1633 76 50 ad
847 1633 113 50 actum
922 1633 214 50 inquisitiuum,
1098 1633 126 50 qualem
1187 1633 113 50 habet
1249 1633 76 50 spec

754 1665 96 44 cies
814 1665 216 44 intelligibilis
994 1665 72 44 ad
1030 1665 108 44 actum
1103 1665 192 44 intelligendi
1247 1665 72 44 sim-

761 1704 145 42 plicem,
866 1704 106 42 tale
932 1704 119 42 autem
1012 1704 251 42 representatiuum
1223 1704 92 42 non
1262 1704 53 42 po

755 1738 89 45 test
810 1738 100 45 esse,
877 1738 89 45 nisi
932 1738 144 45 cogitatio
1043 1738 144 45 informis,
1154 1738 89 45 quia
1209 1738 89 45 ipsa
1254 1738 55 45 re-

759 1769 167 38 presentat
888 1769 154 38 obiectum
1003 1769 90 38 sub
1055 1769 129 38 quodam
1145 1769 103 38 esse
1196 1769 116 38 variabi

754 1806 82 41 li,
801 1806 58 41 &
824 1806 163 41 iactabili,
953 1806 128 41 ratione
1046 1806 105 41 cuius
1104 1806 210 41 representationis

753 1838 186 44 intellectus
902 1838 99 44 exit
964 1838 75 44 in
1001 1838 112 44 actum
1076 1838 199 44 intelligendi
1225 1838 87 44 inqui

753 1871 146 45 sitiuum,
863 1871 61 45 &
887 1871 98 45 pari
948 1871 134 45 ratione
1046 1871 110 45 actus
1119 1871 195 45 intelligendi
1265 1871 49 45 ex

761 1903 163 51 plicitus,
887 1903 63 51 &
912 1903 163 51 perfectus
1037 1903 163 51 indigebit
1163 1903 125 51 quodam
1238 1903 75 51 alio

757 1939 241 41 representatiuo,
960 1939 76 41 si
998 1939 228 41 proportionatum
1188 1939 114 41 exit,
1252 1939 63 41 hoc

757 1972 87 37 non
806 1972 124 37 potest
893 1972 99 37 esse
954 1972 99 37 nisi
1016 1972 161 37 conceptus
1140 1972 161 37 formatus,
1251 1972 62 37 qui

759 2003 87 40 est
808 2003 124 40 verbum
895 2003 149 40 realiter
1006 2003 173 40 distinctum
1143 2003 74 40 ab
1180 2003 99 40 actu
1229 2003 87 40 intel

759 2042 148 50 ligendi,
870 2042 99 50 ergo
919 2042 62 50 &c.

794 2062 161 50 Confirmo
914 2062 147 50 secundo
1021 2062 107 50 hanc
1088 2062 214 50 conclusionem
1249 2062 67 50 au-

755 2104 163 55 ctoritate
881 2104 75 55 P.
919 2104 101 55 Aug.
982 2104 101 55 Nam,
1045 2104 101 55 quod
1107 2104 88 55 sit
1158 2104 138 55 necesse
1246 2104 75 55 pone
