1500 2340
133 161 77 60 re
172 161 115 60 talem
249 161 205 60 cogitationem
415 161 154 60 informem
530 161 154 60 realiter
633 161 64 60 di-

138 209 147 48 stinctam
248 209 73 48 ab
284 209 98 48 actu
346 209 196 48 intelligendi
504 209 159 48 praecipue
614 209 86 48 colli

146 248 108 42 gitur
218 248 72 42 ex
254 248 84 42 15.
301 248 72 42 de
337 248 108 42 Trin.
409 248 96 42 c:15
469 248 84 42 vbi
517 248 132 42 loquens
612 248 72 42 de
636 248 72 42 ista

138 282 179 46 cognitione
279 282 141 46 informi
381 282 128 46 dicit.
471 282 102 46 Quid
535 282 102 46 est,
586 282 115 46 inquam,

136 317 102 42 hoc
195 317 146 42 formab
297 317 88 42 le
341 317 190 42 nondumque
488 317 190 42 formatum,
619 317 88 42 nisi

143 349 99 48 quid
205 349 87 48 iam
254 349 124 48 mentis
341 349 149 48 nostrae,
453 349 99 48 quod
515 349 99 48 hac,
577 349 112 48 atque
639 349 62 48 hac

139 381 179 44 volubili
274 381 149 44 quadam
378 381 164 44 motione
498 381 194 44 iactamus,
632 381 75 44 cum

145 416 63 34 a
171 416 114 34 nobis
247 416 102 34 nunc
310 416 102 34 hoc,
374 416 102 34 nunc
437 416 114 34 illud
514 416 114 34 sicut
577 416 127 34 inuentum

151 448 131 41 fuerit,
246 448 83 41 vel
294 448 167 41 occurrerit
425 448 167 41 cogiratur:
556 448 131 41 Constat
639 448 60 41 au-

146 489 90 35 tem
198 489 103 35 quod
262 489 129 35 illud,
353 489 103 35 quod
417 489 103 35 tali
482 489 155 35 uolubili
585 489 116 35 motione

136 517 163 41 iactamus,
262 517 88 41 non
312 517 88 41 est
362 517 100 41 ipsa
425 517 150 41 actualis
525 517 175 41 intellectio;

139 550 100 42 quia
201 550 100 42 ipsa
263 550 100 42 est,
325 550 100 42 quae
388 550 112 42 facit
462 550 112 42 istam
525 550 174 42 iactationem,

151 591 187 41 Quapropter
298 591 214 41 relinquetur,
471 591 107 41 quod
538 591 93 41 sit
578 591 120 41 aliquid

139 620 148 39 realiter
249 620 172 39 distinctum
385 620 74 39 ab
422 620 135 39 actuali
508 620 184 39 intellectione

156 651 182 44 Praeterea,
299 651 104 44 quod
364 651 91 44 sit
416 651 143 44 necesse
521 651 130 44 ponere
612 651 117 44 talem

141 694 173 37 conceptum
274 694 173 37 formatum,
407 694 93 37 qui
460 694 93 37 est
514 694 133 37 verbum
593 694 107 37 reali-

134 724 90 45 ter
186 724 180 45 distinctum
327 724 77 45 ab
366 724 103 45 actu
430 724 219 45 intelligendi,
598 724 103 45 potest

137 755 159 35 apparere
256 755 132 35 maxime
348 755 79 35 ex
388 755 79 35 7.
428 755 79 35 de
467 755 106 35 Trin
533 755 106 35 cap.
599 755 93 35 12:
639 755 66 35 vbi

142 789 107 42 vult,
213 789 95 42 quod
272 789 118 42 patere
355 789 95 42 apud
415 789 190 42 intellectum,
569 789 95 42 idem
628 789 95 42 sit,

139 825 101 40 quod
202 825 139 40 parere,
303 825 88 40 vel
353 825 164 40 deperire,
479 825 63 40 &
505 825 88 40 hoc
555 825 88 40 est
605 825 101 40 quod
656 825 50 40 di

140 864 103 36 cit:
205 864 155 36 Notitia,
320 864 90 36 iam
372 864 155 36 inuentum
488 864 103 36 est,
552 864 103 36 quod
604 864 103 36 partum

139 891 92 42 uel
192 891 158 42 repertum
310 891 158 42 dicitur,
428 891 105 42 quod
494 891 119 42 saepe
560 891 145 42 praecedat

140 928 180 43 inquisitio,
284 928 72 43 eo
320 928 96 43 fine
380 928 156 43 quietura.
500 928 72 43 Ex
536 928 120 43 quibus
608 928 96 43 verbis

144 957 132 45 apparet
240 957 169 45 manifeste,
373 957 96 45 quod
433 957 120 45 partus
517 957 120 45 mentis
602 957 84 45 est
638 957 60 45 ter

144 996 111 40 minus
218 996 223 40 inquisitionis,
404 996 62 40 &
429 996 99 40 ideo
490 996 124 40 statim
565 996 136 40 subiugit;

137 1028 97 46 Nam
192 1028 193 46 inquisitio
344 1028 97 46 est
399 1028 179 46 appetitus
524 1028 179 46 inueniendi;

140 1060 98 47 quod
201 1060 98 47 idem
262 1060 110 47 ualet
336 1060 74 47 si
373 1060 123 47 dicas,
459 1060 184 47 reperiendi;
606 1060 98 47 quae
655 1060 49 47 au

143 1093 89 40 tem
194 1093 203 40 reperiuntur,
359 1093 114 40 quasi
435 1093 177 40 pariuntur,
574 1093 101 40 vnde
625 1093 76 40 pro-

142 1130 71 37 li
178 1130 130 37 similia
272 1130 106 37 sunt,
343 1130 142 37 vbinisi,
450 1130 71 37 in
485 1130 95 37 ipsa
544 1130 130 37 notitia
639 1130 59 37 :
651 1130 47 37 ib

137 1165 108 40 enim
204 1165 121 40 quasi
284 1165 161 40 expressa
405 1165 188 40 formantur:
553 1165 108 40 Haec
607 1165 94 40 autem

141 1197 157 43 notitia,
259 1197 79 43 da
298 1197 92 43 qui
350 1197 105 43 modo
416 1197 157 43 loquitur
534 1197 105 43 Aug.
599 1197 92 43 non
639 1197 65 43 po-

144 1234 92 35 test
202 1234 92 35 esse
260 1234 92 35 ipsa
317 1234 138 35 actualis
421 1234 173 35 intellectio
560 1234 127 35 propter
640 1234 58 35 duo

141 1266 120 45 Primo,
225 1266 96 45 quia
285 1266 108 45 talis
357 1266 132 45 notitia
453 1266 84 45 est
501 1266 132 45 reperta
597 1266 84 45 per
633 1266 72 45 actu

137 1301 223 35 inquisitionis,
323 1301 62 35 &
347 1301 87 35 per
397 1301 174 35 consequens
533 1301 87 35 per
583 1301 87 35 se,
633 1301 62 35 &
645 1301 62 35 di-

135 1335 111 40 recte
209 1335 148 40 cognita,
319 1335 148 40 actualis
430 1335 111 40 autem
504 1335 185 40 intellectio
639 1335 62 40 non

136 1367 119 45 potest
219 1367 95 45 esse
278 1367 83 45 per
326 1367 83 45 se,
373 1367 59 45 &
397 1367 130 45 directe
492 1367 142 45 cognita,
598 1367 71 45 vt
634 1367 71 45 de
658 1367 47 45 se

144 1408 132 34 patet,.
240 1408 145 34 Secundo,
349 1408 96 34 quia
409 1408 108 34 dicta
481 1408 132 34 notitia
578 1408 84 34 non
626 1408 84 34 est
662 1408 48 34 a-

140 1437 115 39 liud,
217 1437 102 39 quam
281 1437 141 39 quaedam
383 1437 166 39 cogitatio
511 1437 153 39 formata,
626 1437 77 39 vt
652 1437 51 39 ap

141 1474 121 43 paret
221 1474 81 43 ex
262 1474 108 43 modo
329 1474 162 43 loquendi
451 1474 94 43 Aug
505 1474 121 43 sicut
586 1474 108 43 ergo
640 1474 67 43 co-

144 1501 134 48 gitatio
241 1501 146 48 informis
350 1501 158 48 ponebatur
472 1501 158 48 distincta
581 1501 122 48 realiter

145 1535 78 46 ab
184 1535 144 46 actuali
289 1535 235 46 intellectione:
485 1535 92 46 ita
537 1535 144 46 videtur
629 1535 78 46 quod

148 1574 95 43 pari
208 1574 131 43 ratione
303 1574 119 43 debeat
387 1574 95 43 dici
446 1574 72 43 de
482 1574 95 43 ista
542 1574 143 43 notitia,
637 1574 72 43 quae

146 1602 88 49 est
197 1602 163 49 cogitatio
310 1602 125 49 formata.

180 1641 148 39 Apparet
287 1641 108 39 ergo
354 1641 108 39 quid
422 1641 161 39 videatur
543 1641 108 39 mihi
596 1641 108 39 dicen-

145 1672 103 38 dum
204 1672 162 38 quantum
322 1672 89 38 ad
367 1672 133 38 istum
455 1672 207 38 Articulum.
603 1672 103 38 Appa-

142 1705 84 44 ret
190 1705 143 44 insuper,
297 1705 96 44 quod
357 1705 143 44 rationes
465 1705 143 44 illorum,
572 1705 84 44 qui
608 1705 96 44 volunt

147 1740 102 42 dare
211 1740 115 42 alium
287 1740 191 42 intellectum
440 1740 102 42 isti
504 1740 166 42 opinioni,
632 1740 102 42 quam

147 1774 117 39 datus
225 1774 104 39 sit,
290 1774 91 39 non
343 1774 183 39 concludant
486 1774 144 39 quantum
591 1774 78 39 ad
617 1774 91 39 istum

142 1811 144 37 modum,
243 1811 115 37 quem
315 1811 202 37 intendunt.
473 1811 101 37 Nam
531 1811 144 37 primae
617 1811 87 37 duae

141 1841 164 38 rationes,
267 1841 101 38 quae
330 1841 151 38 probant,
444 1841 101 38 quod
507 1841 126 38 verbum
595 1841 88 38 sit
633 1841 63 38 ter

138 1876 111 41 minus
212 1876 223 41 intellectualis
398 1876 198 41 operationis,
558 1876 136 41 quamuis
645 1876 62 41 con

140 1914 157 34 cludant
254 1914 142 34 verum,
353 1914 157 34 quantum
467 1914 85 34 ad
510 1914 100 34 hoc
567 1914 114 34 quod
624 1914 85 34 pro-

146 1944 111 37 bant,
219 1944 123 37 verbum
305 1944 98 37 esse
367 1944 147 37 terminum
478 1944 221 37 intellectualis
662 1944 74 37 o

141 1980 180 47 perationis,
285 1980 60 47 &
309 1980 144 47 realiter
417 1980 168 47 distinctum
549 1980 72 47 ab
585 1980 84 47 ea:
621 1980 84 47 nullo

142 2012 132 44 tamen
230 2012 117 44 modo
304 2012 220 44 concludunt,
480 2012 191 44 inquantum
612 2012 103 44 proba

144 2052 107 36 tur,
210 2052 107 36 quod
277 2052 93 36 sit
330 2052 173 36 productum
463 2052 93 36 per
517 2052 107 36 eam,
583 2052 107 36 immo
636 2052 67 36 pec

147 2077 106 49 cant
213 2077 93 49 per
266 2077 173 49 fallaciam
399 2077 226 49 consequentis,
585 2077 106 49 quia
638 2077 80 49 pro

716 165 129 59 cedunt
806 165 65 59 a
832 165 155 59 pluribus
948 165 129 59 causis
1039 165 168 59 veritatis
1168 165 77 59 ad
1194 165 90 59 vnam.

721 214 103 37 Nam,
785 214 103 37 quod
850 214 141 37 aliquid
953 214 90 37 sit
1004 214 154 37 terminus
1120 214 154 37 alicuius
1223 214 51 37 a-

715 251 105 44 ctus,
785 251 82 44 hoc
832 251 117 44 potest
914 251 152 44 prouenire
1031 251 82 44 vel
1077 251 70 44 ex
1112 251 82 44 eo,
1159 251 93 44 quod
1206 251 70 44 pro-

718 285 144 43 ducitur
823 285 92 43 per
875 285 118 43 talem
954 285 131 43 actum,
1045 285 92 43 vel
1098 285 79 43 ex
1137 285 79 43 eo
1176 285 105 43 quod
1229 285 52 43 na

715 322 132 38 turali
807 322 132 38 ordine
899 322 158 38 suceedit
1018 322 92 38 ei;
1070 322 66 38 &
1097 322 105 38 ambo
1149 322 132 38 producun

723 354 90 34 tur
775 354 77 34 ab
813 354 116 34 eadem
890 354 128 34 causa,
980 354 64 34 &
1006 354 103 34 ideo
1070 354 116 34 velle
1134 354 141 34 procedere

716 382 76 43 ab
754 382 88 43 vna
805 382 139 43 istarum
905 382 164 43 causarum,
1031 382 88 43 est
1082 382 139 43 peccare
1182 382 88 43 per
1220 382 63 43 fal

712 419 123 42 laciam
798 419 209 42 consequentis.
970 419 98 42 Tres
1031 419 111 42 aliae
1105 419 147 42 rationes
1203 419 74 42 defi

718 450 109 44 ciunt
790 450 72 44 in
826 450 133 44 tribus.

749 479 141 54 Primo,
847 479 112 54 quia
918 479 155 54 quamuis
1030 479 169 54 probent,
1157 479 112 54 quod
1213 479 70 54 sit

720 517 142 50 necesse
824 517 104 50 date
888 517 142 50 aliquem
992 517 168 50 conceptum
1122 517 155 50 realiter
1225 517 52 50 di

713 554 166 43 stinctum
837 554 83 43 ab
879 554 110 43 actu
948 554 235 43 intelligendi;
1141 554 97 43 non
1182 554 97 43 tamen

721 589 141 42 probant,
827 589 94 42 quod
886 589 94 42 ille
945 589 106 42 talis
1016 589 153 42 conceptus
1134 589 82 42 sit
1169 589 106 42 verbum;

715 622 101 38 immo
778 622 113 38 magis
854 622 151 38 probant,
967 622 101 38 quod
1030 622 88 38 sit
1080 622 163 38 cogitatio
1193 622 88 38 infor

716 660 97 41 mis,
777 660 97 41 quia
838 660 134 41 dicunt,
935 660 97 41 quod
996 660 85 41 cum
1045 660 97 41 tali
1106 660 146 41 conceptu
1203 660 73 41 stat

715 690 116 42 actus
792 690 206 42 intelligendi
960 690 142 42 dubius,
1063 690 90 42 cum
1115 690 155 42 conceptu
1218 690 64 42 au-

720 723 99 40 tem,
782 723 87 40 qui
831 723 87 40 est
881 723 137 40 verbum,
980 723 87 40 non
1030 723 99 40 stat
1092 723 112 40 actus
1154 723 124 40 intelli-

720 762 115 44 gendi
797 762 140 44 dubius,
899 762 89 44 cum
950 762 102 44 iste
1014 762 166 44 conceptus
1142 762 89 44 sit
1180 762 102 44 maxime

704 787 154 46 explicitus;

745 827 138 42 Secundo
846 827 176 42 deficiunt,
985 827 101 42 quia
1047 827 88 42 non
1098 827 151 42 probant,
1198 827 76 42 quod

714 861 116 43 talis
791 861 167 43 conceptus
920 861 90 43 sit
971 861 167 43 productus
1100 861 90 43 per
1151 861 116 43 actum
1216 861 64 43 in-

721 892 195 46 telligendi,
877 892 104 46 immo
942 892 169 46 supponunt
1073 892 91 46 hoc
1125 892 143 46 tanquam
1216 892 65 46 no-

715 930 112 37 tum,
785 930 98 37 cum
841 930 125 37 tamen
924 930 98 37 sit
980 930 125 37 valde
1050 930 125 37 dubium.

745 958 138 43 Tertio,
846 958 101 43 quia
909 958 88 43 non
959 958 138 43 possunt
1060 958 126 43 vitare
1136 958 138 43 rationes,

724 994 102 41 quae
788 994 76 41 ab
826 994 115 41 aliis
903 994 115 41 fiunt
979 994 127 41 contra
1068 994 115 41 istam
1132 994 153 41 opinionem;

720 1027 92 41 nec
773 1027 119 41 etiam
852 1027 132 41 illas,
944 1027 106 41 quas
1010 1027 92 41 ego
1063 1027 158 41 superius
1168 1027 119 41 adduxi.

721 1064 115 36 Patet
798 1064 102 36 ergo
862 1064 102 36 quod
926 1064 128 36 verbum
1015 1064 77 36 in
1053 1064 115 36 nobis
1130 1064 89 36 est
1168 1064 115 36 aliquid

723 1095 142 45 nhaerens
830 1095 189 45 intellectui,
983 1095 59 45 &
1007 1095 142 45 realiter
1113 1095 71 45 ab
1149 1095 95 45 actu
1196 1095 83 45 intel

722 1129 141 46 ligendi
812 1129 167 46 distinctum.

745 1190 394 46 ARTICVLVS
1017 1190 273 46 TERTIVS

755 1265 134 39 Vtrum
845 1265 149 39 verbum
949 1265 89 39 in
994 1265 164 39 diuinis
1113 1265 164 39 dicatur
1217 1265 75 39 no

876 1298 417 46 tionaliter.

764 1427 105 61 VDi
824 1427 194 61 sciendum,
973 1427 120 61 quod
1048 1427 149 61 quidam
1138 1427 149 61 supponen

796 1470 93 39 tes
849 1470 133 39 verbum
942 1470 133 39 mentis
1035 1470 146 39 nostrae
1141 1470 93 39 non
1194 1470 106 39 esse
1247 1470 53 39 a-

717 1501 119 41 liud,
796 1501 106 41 quam
862 1501 119 41 actum
941 1501 211 41 intelligendi
1113 1501 145 41 dicunt,
1205 1501 79 41 quod

722 1537 115 38 etiam
799 1537 77 38 in
837 1537 141 38 diuinis
940 1537 128 38 verbum
1029 1537 90 38 non
1080 1537 90 38 est
1132 1537 128 38 aliud;
1208 1537 77 38 quam

717 1570 199 46 intellectio,
878 1570 99 46 quae
940 1570 87 46 est
990 1570 149 46 communis
1102 1570 124 46 tribus
1177 1570 99 46 perso-

724 1602 106 50 nis;
790 1602 66 50 &
816 1602 106 50 ideo
882 1602 211 50 simpliciter,
1054 1602 66 50 &
1080 1602 145 50 proprie
1172 1602 119 50 loquen-

723 1636 80 37 do
763 1636 147 37 nominat
870 1636 147 37 aliquid
977 1636 200 37 essentiale,
1137 1636 147 37 quamuis
1231 1636 53 37 ex

725 1671 184 47 appropriato
872 1671 147 47 trahatur
982 1671 74 47 in
1019 1671 159 47 personale
1142 1671 123 47 filij;
1215 1671 74 47 quem

721 1710 146 38 admodum
827 1710 186 38 sapientia,
974 1710 107 38 quia
1040 1710 107 38 sibi
1094 1710 186 38 appropriatur

717 1740 128 35 modus
802 1740 199 35 procedendi
958 1740 99 35 per
1015 1740 128 35 modum
1086 1740 199 35 intellectus.

726 1775 92 36 Non
778 1775 144 36 oportet
883 1775 118 36 autem
962 1775 157 36 immorari
1079 1775 118 36 circa
1158 1775 118 36 istam
1223 1775 79 36 opi-

724 1807 144 40 nionem,
828 1807 104 40 quia
894 1807 104 40 fuit
959 1807 157 40 superius
1076 1807 170 40 recitata,
1207 1807 65 40 &
1220 1807 65 40 im-

729 1838 139 41 probata
830 1838 76 41 in
868 1838 76 41 ro
906 1838 202 41 distinctione
1070 1838 152 41 Ostensum
1184 1838 88 41 est
1222 1838 63 41 in-

723 1880 118 36 super
802 1880 79 36 in
841 1880 197 36 praecedenti
999 1880 171 36 articulo,
1130 1880 105 36 quod
1183 1880 105 36 uerbum

720 1911 73 36 in
756 1911 109 36 nobis
829 1911 85 36 est
877 1911 145 36 realiter
986 1911 169 36 distinctum
1119 1911 73 36 ab
1155 1911 97 36 actu
1203 1911 85 36 intel

725 1942 159 38 ligendi;
844 1942 80 38 Et
884 1942 106 38 ideo
950 1942 199 38 fundamentum
1110 1942 119 38 super
1189 1942 93 38 quo
1229 1942 53 38 su

726 1977 165 40 stentatur,
856 1977 130 40 videtur
950 1977 94 40 esse
1009 1977 130 40 falsum.
1103 1977 141 40 Vlterius
1198 1977 82 40 etiam

721 2014 173 45 manifeste
854 2014 93 45 est
907 2014 133 45 contra
1000 2014 199 45 intentionem
1146 2014 133 45 Augusti-

727 2041 81 48 ni,
774 2041 70 48 ut
809 2041 139 48 inferius
901 2041 116 48 patebit.

754 2078 79 54 Et
793 2078 106 54 ideo
859 2078 132 54 quidam
952 2078 119 54 alii,
1031 2078 132 54 quauis
1123 2078 145 54 ponant,
1216 2078 79 54 quod
