1500 2281
153 161 126 57 ducere
242 161 101 57 duas
305 161 151 57 rationes
418 161 139 57 sumptas
519 161 76 57 ex
556 161 101 57 iis,
619 161 101 57 quae
670 161 50 57 de

160 211 137 48 claraui
259 211 74 48 in
296 211 186 48 praecedenti
445 211 161 48 articulo:
569 211 124 48 quarum
644 211 74 48 pri-

161 237 80 52 ma
201 237 147 52 sumitur
308 237 80 52 ex
348 237 80 52 eo
388 237 107 52 quod
455 237 134 52 dictum
548 237 120 52 fuit,
615 237 107 52 verbum

162 275 72 43 in
198 275 108 43 nobis
270 275 155 43 procedere
389 275 72 43 ab
425 275 203 43 intelligente,
592 275 84 43 non
640 275 72 43 ut
664 275 48 43 a-

171 311 134 42 ctualis
268 311 194 42 intellectio,
426 311 85 42 sed
474 311 73 42 vt
511 311 158 42 conceptus
620 311 97 42 forma-

165 343 99 43 tus,
227 343 62 43 &
251 343 87 43 per
301 343 174 43 consequens
437 343 74 43 de
474 343 87 43 sua
524 343 174 43 intrinseca
648 343 62 43 ra-

162 371 110 40 tione
235 371 98 40 est,
297 371 98 40 quod
358 371 86 40 sit
407 371 147 40 terminus
517 371 147 40 alicuius
615 371 98 40 produ-

170 407 147 46 ctionis:
280 407 74 46 si
317 407 98 46 ergo
378 407 74 46 in
415 407 135 46 diuinis
513 407 147 46 reperitu
611 407 110 46 Iverbum

168 439 156 42 secundum
285 439 156 42 propriam
402 439 156 42 rationem
520 439 130 42 verbi,
598 439 117 42 necessa

167 479 84 41 rio
215 479 132 41 habebit
311 479 96 41 esse
371 479 168 41 productum,
504 479 60 41 &
528 479 96 41 quia
588 479 108 41 illa,
648 479 72 41 quae

166 508 78 47 ad
205 508 209 47 productionem
375 508 170 47 pertinent
506 508 105 47 sunt
571 508 105 47 mere
623 508 92 47 notio

166 538 130 46 nalia,
257 538 195 46 relinquitur
413 538 104 46 quod
479 538 130 46 verbum
570 538 78 46 in
596 538 117 46 diuinis

166 573 143 46 sumatur
270 573 104 46 mere
335 573 221 46 notionaliter.
516 573 143 46 Secunda
607 573 104 46 ratio.

163 605 142 49 sumitur
266 605 77 49 ex
305 605 90 49 eo,
356 605 103 49 quod
421 605 129 49 verbum
511 605 90 49 est
562 605 142 49 quaedam
653 605 64 49 for

167 638 72 51 ma
203 638 169 51 specularis
336 638 145 51 perfecte
444 638 181 51 representas
589 638 120 51 illud,
661 638 60 51 cu-

168 673 89 47 ius
219 673 89 47 est
270 673 140 47 verbum,
372 673 77 47 vt
411 673 128 47 patuit
500 673 128 47 supra,
589 673 64 47 &
615 673 102 47 ideo
666 673 51 47 de

163 703 76 50 sua
207 703 153 50 intrinseca
327 703 120 50 ratione
414 703 87 50 est,
468 703 87 50 quod
523 703 76 50 sit
566 703 120 50 quaedam
643 703 76 50 forma

163 737 80 46 lis
208 737 68 46 ex
242 737 125 46 pressio
333 737 125 46 ipsius,
424 737 57 46 &
447 737 182 46 prconsequens
595 737 114 46 habeat
663 737 46 46 al

167 771 65 48 eo
200 771 109 48 realem
276 771 196 48 distinctionem:
440 771 65 48 si
472 771 87 48 ergo
527 771 65 48 in
560 771 120 48 diuinis
636 771 87 48 inueni

163 806 83 47 tur
210 806 71 47 ab
246 806 106 47 intra
317 806 106 47 ratio
388 806 106 47 verbi
459 806 130 47 proprie
553 806 118 47 dicta,
636 806 71 47 ut
660 806 59 47 po-

164 834 80 50 nit
209 834 103 50 Sacra
278 834 161 50 Scriptura,
405 834 103 50 sicut
474 834 103 50 patet
543 834 80 50 1o.
589 834 69 50 1.
612 834 103 50 necessa

157 871 89 46 rio
208 871 127 46 faciet
297 871 89 46 ibi
348 871 127 46 realem
437 871 229 46 distinctionem,
628 871 64 46 &
641 871 76 46 quia

167 907 85 43 ea,
215 907 97 43 quae
276 907 133 43 faciunt
372 907 121 43 realem
457 907 206 43 distinctionem
626 907 73 43 in
650 907 73 43 diui

160 940 90 44 nis
212 940 103 44 sunt
276 940 103 44 mere
341 940 194 44 notionalia,
496 940 194 44 relinquitur
638 940 77 44 quod

169 973 125 45 verbum
256 973 137 45 sumatur
356 973 100 45 mere
418 973 212 45 notionaliter:
592 973 112 45 patet
655 973 62 45 er-

161 1004 77 46 go
200 1004 103 46 quid
264 1004 154 46 videatur
380 1004 154 46 dicendum
495 1004 141 46 quantum
598 1004 77 46 ad
624 1004 90 46 istum

162 1042 160 40 articulum
285 1042 123 40 Posset
371 1042 136 40 insuper
470 1042 173 40 confirmari
606 1042 99 40 ista
655 1042 62 40 con

172 1071 109 46 clusio
248 1071 76 46 per
292 1071 87 46 Aug.
346 1071 65 46 in
378 1071 130 46 diuersis
476 1071 109 46 locis,
552 1071 87 46 vult
606 1071 87 46 enim
650 1071 65 46 quod

170 1106 107 44 solus
241 1106 118 44 filius
324 1106 130 44 dicatur
419 1106 130 44 verbum,
514 1106 59 44 &
537 1106 83 44 per
573 1106 142 44 consequens

158 1138 117 44 ratio
236 1138 117 44 verbi
314 1138 78 44 in
353 1138 143 44 diuinis
457 1138 169 44 notionali
587 1138 78 44 ar
613 1138 104 44 metur;

163 1167 82 43 ita
210 1167 94 43 enim
269 1167 106 43 dicit
340 1167 71 43 8.
375 1167 71 43 de
411 1167 106 43 Trin.
481 1167 82 43 ap.
528 1167 59 43 1
552 1167 118 43 Patei,
623 1167 94 43 inqua,

162 1204 63 51 &
188 1204 126 51 Filius
276 1204 88 51 non
327 1204 114 51 simul
402 1204 139 51 verbum,
503 1204 88 51 sed
554 1204 114 51 solus
617 1204 101 51 Filius

164 1231 149 49 verbum.
273 1231 136 49 Iterum
368 1231 81 49 in
409 1231 122 49 eodem
490 1231 109 49 loco
558 1231 136 49 dicit,
640 1231 81 49 quod

162 1261 109 49 Pater
235 1261 109 49 verbo
308 1261 146 49 aequali,
417 1261 109 49 atque
490 1261 170 49 immutabili
612 1261 109 49 seipsum

162 1301 127 42 dicit,
251 1301 89 42 non
302 1301 114 42 tamen
378 1301 102 42 ipse
442 1301 89 42 est
492 1301 140 42 verbum,
594 1301 114 42 sicut
658 1301 63 42 nec

168 1338 131 40 Filius,
263 1338 83 40 nec
311 1338 119 40 imago.
394 1338 119 40 Iterum
477 1338 71 40 7.
513 1338 71 40 de
549 1338 107 40 Trin.
620 1338 95 40 cap.
667 1338 48 40 2.

172 1371 104 41 dicit
242 1371 92 41 quod
299 1371 127 41 Filius,
391 1371 69 41 eo
426 1371 127 41 verbum,
518 1371 81 41 quo
564 1371 127 41 Filius.
645 1371 69 41 Ite-

167 1399 88 49 rum
218 1399 75 49 13
255 1399 75 49 de
293 1399 100 49 Trin
355 1399 100 49 cap.
418 1399 88 49 17.
468 1399 125 49 dicit,
556 1399 100 49 quod
619 1399 88 49 non
656 1399 63 49 fru

162 1438 99 47 stra
223 1438 74 47 in
261 1438 87 47 hac
310 1438 161 47 Trinitate
434 1438 87 47 non
483 1438 136 47 dicitur
582 1438 124 47 verbum
656 1438 62 47 ni-

172 1467 59 52 si
202 1467 108 52 Filius.

197 1480 123 63 Potest
283 1480 111 63 etiam
357 1480 74 63 ex
394 1480 86 63 his
443 1480 99 63 quae
505 1480 111 63 dicta
579 1480 99 63 sunt
628 1480 86 63 pate-

165 1539 88 40 re,
216 1539 100 40 quid
278 1539 88 40 sit
328 1539 150 40 dicendum
441 1539 75 40 ad
479 1539 188 40 quaestionem
617 1539 100 40 princi

168 1565 137 43 palem,
264 1565 96 43 qua
319 1565 205 43 quaerebatur
483 1565 123 43 vtrum
565 1565 137 43 verbum
648 1565 68 43 men

169 1606 83 42 tis
216 1606 130 42 nostrae
311 1606 130 42 haberet
406 1606 130 42 aliquam
500 1606 201 42 similitudinem
654 1606 59 42 cum

169 1638 83 49 ver
217 1638 71 49 bo
252 1638 154 49 increato.
371 1638 83 49 Nam
418 1638 83 49 iam
465 1638 71 49 ex
501 1638 118 49 dictis
584 1638 118 49 potest
655 1638 59 49 col

162 1663 100 52 ligi
224 1663 175 52 aliqualis,
362 1663 175 52 similitudo
499 1663 138 52 quantum
599 1663 75 52 ad
624 1663 75 52 duo.

200 1698 125 43 Primo,
287 1698 100 43 quia
349 1698 112 43 sicut
424 1698 125 43 verbum
511 1698 75 43 in
548 1698 112 43 nobis
610 1698 100 43 proce-

168 1731 84 51 dit
216 1731 72 51 ab
252 1731 205 51 intelligente,
421 1731 84 51 non
469 1731 133 51 tanquam
553 1731 157 51 intellectua

161 1764 89 43 lis
212 1764 165 43 operatio,
339 1764 89 43 sed
390 1764 140 43 tanquam
492 1764 153 43 terminus
594 1764 114 43 produm-

157 1793 118 54 ctus;
235 1793 92 54 ita
288 1793 118 54 etiam
366 1793 92 54 suo
419 1793 105 54 modo
484 1793 79 54 in
524 1793 144 54 diuinis
615 1793 105 54 verbum

161 1836 119 40 emanat
245 1836 60 40 a
268 1836 119 40 patre,
352 1836 84 40 non
400 1836 107 40 sicut
471 1836 95 40 eius
519 1836 191 40 intellectualis

160 1868 176 41 operatio,
295 1868 95 41 sed
349 1868 149 41 tanquam
457 1868 162 41 terminus
565 1868 149 41 productus

162 1900 86 45 per
211 1900 159 45 actionem,
333 1900 98 45 quae
395 1900 86 45 est
444 1900 135 45 dicere,
542 1900 86 45 vel
591 1900 86 45 est
627 1900 86 45 gene

152 1938 91 41 rare.

196 1941 156 69 Secundo,
313 1941 104 69 quia
378 1941 117 69 sicut
456 1941 130 69 verbum
546 1941 78 69 in
585 1941 117 69 nobis
650 1941 65 69 est

167 2003 137 44 quaedam
266 2003 150 44 formalis
378 2003 162 44 expressio
503 2003 112 44 eius,
578 2003 100 44 quod
628 2003 87 44 conti

163 2030 112 58 netur
237 2030 75 58 in
275 2030 125 58 nostra
362 2030 150 58 memoria,
475 2030 87 58 ita
525 2030 125 58 verbum
612 2030 75 58 in
637 2030 75 58 diui

738 170 83 55 nis
786 170 83 55 est
833 170 131 55 quaedam
929 170 143 55 formalis
1036 170 155 55 expressio
1155 170 107 55 eius,
1215 170 71 55 quod

734 212 166 50 continetur
864 212 71 50 in
900 212 118 50 patris
983 212 154 50 scientia,
1101 212 83 50 hoc
1148 212 118 50 potest
1219 212 71 50 pate

733 242 77 50 re
772 242 89 50 per
823 242 89 50 Aug
874 242 77 50 in
912 242 153 50 pluribus
1027 242 128 50 locis.
1116 242 128 50 Posset
1193 242 89 50 etiam

735 279 95 41 addi
794 279 130 41 tertius
889 279 106 41 modus
960 279 213 41 similitudinis,
1137 279 130 41 vtpote,
1220 279 71 41 quia

738 310 114 38 sicut
814 310 126 38 verbum
902 310 88 38 est
953 310 114 38 nobis
1029 310 139 38 intimum
1130 310 63 38 a
1155 310 114 38 nobis
1218 310 63 38 non

740 339 170 46 recedens;
870 339 91 46 ita
923 339 91 46 suo
975 339 104 46 modo
1040 339 130 46 verbum
1131 339 144 46 diuinum
1223 339 65 46 est

733 374 138 53 intimum
833 374 100 53 ipsi
895 374 113 53 patri
970 374 75 53 ab
1008 374 75 53 eo
1045 374 88 53 non
1095 374 175 53 recedendo,
1220 374 75 53 quia

735 407 119 43 semper
818 407 83 43 est
866 407 71 43 in
902 407 95 43 sinu
961 407 131 43 patris,
1056 407 131 43 quamuis
1151 407 95 43 ista
1199 407 83 43 inti-

738 440 115 49 mitas
815 440 90 49 sit
866 440 231 49 comparabiliter
1058 440 77 49 in
1097 440 115 49 nobis
1174 440 102 49 modo
1225 440 64 49 im-

733 475 215 49 perfectiori,
907 475 108 49 quia
975 475 135 49 verbum
1069 475 148 49 nostrum
1163 475 121 49 intima-

734 508 92 39 tur
787 508 119 39 nobis
866 508 198 39 inhaerendo;
1024 508 132 39 verbum
1116 508 105 39 vero
1168 508 119 39 diuinum

741 541 85 40 non
789 541 158 40 intimatur
911 541 109 40 patri
984 541 170 40 inherendo,
1117 541 85 40 sed
1166 541 73 40 in
1190 541 97 40 seipso

745 580 202 43 perfectissime
912 580 191 43 subsistendo.
1067 580 119 43 Plures
1150 580 95 43 euam
1198 580 83 43 aliae

737 608 244 55 dissimilitudines
944 608 134 55 possent
1041 608 158 55 inueniri,
1163 608 73 55 de
1188 608 97 55 quibus

733 640 112 46 nihil
807 640 75 46 ad
832 640 125 46 praesens

761 653 85 70 P
795 653 136 70 ATET
880 653 136 70 ergo
965 653 187 70 quomodo
1101 653 170 70 verbum
1203 653 85 70 men

732 706 91 45 tis
784 706 143 45 nostrae
888 706 130 45 habeat
979 706 169 45 aliqualem
1096 706 195 45 similitudinem

733 739 99 56 cum
789 739 127 56 verbo
874 739 184 56 increato,
1016 739 155 56 quamuis
1129 739 170 56 modicam,
1242 739 42 56 &

718 772 170 51 diminutam.

760 786 117 71 AD
819 786 235 71 AATIONES
975 786 274 71 PRINCIPALES.

804 832 75 54 D
834 832 149 54 primam
938 832 194 54 dicendum,
1088 832 119 54 quod
1163 832 105 54 est
1207 832 75 54 iam

738 850 144 77 soluta
838 850 101 77 per
896 850 144 77 illud,
996 850 115 77 quod
1068 850 144 77 dictum
1169 850 115 77 fuit
1226 850 58 77 in

734 907 107 43 primo
805 907 154 43 articulo.

768 922 81 66 Ad
808 922 162 66 secundam
929 922 108 66 vero
996 922 175 66 dicendum,
1131 922 108 66 quod
1185 922 94 66 lices

732 970 138 54 verbum
829 970 152 54 nostrum
939 970 97 54 non
994 970 138 54 habeat
1077 970 207 54 similitudinem

734 1005 94 52 cum
787 1005 121 52 verbo
868 1005 161 52 increato
988 1005 147 52 quantum
1095 1005 80 52 ad
1122 1005 161 52 inhaerere,

736 1041 118 53 habet
815 1041 118 53 tamen
893 1041 223 53 similitudinem
1077 1041 144 53 quantum
1182 1041 79 53 ad
1208 1041 79 53 quae

730 1071 83 51 dam
778 1071 107 51 alia,
849 1071 71 51 ut
885 1071 119 51 patuit
968 1071 71 51 in
1003 1071 131 51 secundo
1086 1071 131 51 articulo.

765 1094 85 59 Ad
807 1094 156 59 tertiam
921 1094 184 59 dicendum,
1062 1094 113 59 quod
1133 1094 99 59 Aug
1190 1094 99 59 non
1232 1094 57 59 ac

730 1137 107 53 cipit
801 1137 83 53 ibi
849 1137 143 53 notitiam
956 1137 83 53 pro
1004 1137 178 53 cognitione,
1146 1137 83 53 sed
1194 1137 83 53 pro
1230 1137 59 53 con

742 1168 97 54 eptu
803 1168 134 54 formato
900 1168 134 54 praeuia
997 1168 182 54 cognitione,
1143 1168 97 54 quia
1204 1168 73 54 in
1228 1168 61 54 non

732 1201 87 54 bis
781 1201 137 54 saevper
881 1201 87 54 est
931 1201 137 54 praeuia
1031 1201 150 54 cognitio
1130 1201 150 54 formationi

739 1235 120 54 verbi,
823 1235 132 54 quamuis
919 1235 72 54 in
955 1235 144 54 diuinis,
1063 1235 108 54 simul
1135 1235 84 54 sit
1171 1235 120 54 cognitio

735 1271 84 54 cum
783 1271 108 54 verbi
855 1271 191 54 productione,
1010 1271 72 54 vt
1046 1271 120 54 patuit
1130 1271 72 54 in
1165 1271 72 54 o.
1189 1271 96 54 distin

685 1304 279 56 ctione.

733 1344 454 80 DISTINCTIONIS
1080 1344 187 80 NRVuI

747 1408 109 54 ctiluo:
816 1408 109 54 2nli7tat.

781 1415 346 79 RVAESTIO
1012 1415 202 79 VNICA

755 1489 107 67 Vtrum
826 1489 213 67 innascibilitas
1004 1489 71 67 in
1039 1489 142 67 diuinis,
1146 1489 107 67 dicat
1205 1489 59 67 ra-

882 1535 135 46 tionem
962 1535 162 46 positiuam.

746 1645 329 73 ARGVITVR
993 1645 165 73 AD
1047 1645 220 73 PARTEM

915 1700 162 48 affirmantem.

786 1711 86 73 Dem
835 1711 86 73 est
884 1711 160 73 ingenitum
1008 1711 111 73 esse,
1082 1711 99 73 quod
1143 1711 99 73 esse
1205 1711 62 73 a
1217 1711 62 73 se;

754 1762 98 49 Rsed
815 1762 98 49 esse
876 1762 61 49 a
901 1762 73 49 se
937 1762 110 49 dicit
1011 1762 135 49 aliquam
1109 1762 147 49 rationem
1207 1762 73 49 posi

733 1804 131 45 tiuam,
824 1804 105 45 ergo
890 1804 92 45 &c.
942 1804 118 45 Maior
1021 1804 144 45 videtur
1125 1804 118 45 nota,
1204 1804 65 45 &
1217 1804 65 45 Mi-

734 1840 81 46 nor
781 1840 151 46 probatur,
897 1840 93 46 quia
955 1840 93 46 esse
1013 1840 58 46 a
1036 1840 70 46 se
1071 1840 104 46 dicit
1141 1840 128 46 aliquam
1222 1840 58 46 con

730 1870 159 46 ditionem
849 1870 198 46 pertinentem
1007 1870 79 46 ad
1047 1870 198 46 dignitatem,
1192 1870 93 46 quem-

730 1899 140 48 admodum
832 1899 114 48 etiam
908 1899 102 48 esse
972 1899 89 48 per
1022 1899 89 48 se;
1073 1899 63 48 &
1099 1899 89 48 per
1137 1899 152 48 consequens

731 1933 115 50 dicit
808 1933 141 50 aliquam
911 1933 154 50 rationem
1013 1933 154 50 positiuam.

758 1948 60 69 2
782 1948 72 69 Si
818 1948 215 69 innascibilitas
997 1948 131 69 diceret
1093 1948 131 69 aliquam
1176 1948 108 69 negatio

731 1999 86 51 nem
780 1999 99 51 illa
842 1999 86 51 vel
891 1999 173 51 fundaretur
1027 1999 111 51 super
1101 1999 173 51 essentiam,
1224 1999 62 51 vel

729 2032 121 54 super
809 2032 148 54 aliquam
917 2032 175 54 personam;
1051 2032 94 54 non
1105 2032 121 54 super
1172 2032 108 54 essen
