1500 2305
165 171 111 61 elusae
243 171 78 61 per
287 171 100 61 tales
354 171 133 61 rationes
454 171 133 61 firmiter
554 171 145 61 assentit,
654 171 67 61 quod

165 219 88 41 non
216 219 126 41 possit
304 219 126 41 aliter
392 219 75 41 se
430 219 126 41 habere
518 219 75 41 ad
555 219 113 41 modum
618 219 101 41 scien-

172 254 113 34 tiae.
248 254 151 34 Vlterius
361 254 139 34 quamuis
462 254 88 34 non
512 254 151 34 procedat
626 254 76 34 ad
651 254 63 34 mo-

157 287 105 46 ddum
222 287 170 46 scientiae
353 287 157 46 probando
471 287 170 46 veritatem
589 287 131 46 conside-

165 323 123 38 ratam,
251 323 148 38 procedit
362 323 111 38 tamen
436 323 74 38 vt
473 323 160 38 scientia,
584 323 136 38 praefatam

163 359 178 33 veritatem
300 359 206 33 defendendo,
465 359 69 33 &
492 359 110 33 ideo
561 359 151 33 propter
657 359 69 33 ma-

165 383 107 47 gnam
231 383 240 47 similitudinem,
431 383 107 47 quam
498 383 120 47 habet
578 383 107 47 iste
632 383 93 47 habi-

171 422 86 36 tus
220 422 86 36 cum
269 422 147 36 scientia
379 422 135 36 proprie
478 422 123 36 dicta,
563 422 160 36 loquuntur
674 422 49 36 Do

171 456 113 38 ctores
250 456 68 38 de
283 456 90 38 isto
340 456 124 38 habitu,
430 456 68 38 ac
463 456 68 38 si
497 456 101 38 esset
565 456 135 38 scientia
655 456 68 38 pro-

169 488 98 42 prie
230 488 123 42 dicta:
316 488 86 42 non
365 488 159 42 intendunt
487 488 110 42 tamen
561 488 98 42 illi
610 488 110 42 adscri-

168 518 102 44 bere
232 518 114 44 omnes
308 518 190 44 conditiones
460 518 165 44 scientiae
587 518 140 44 proprie
676 518 51 44 di

171 552 117 40 cte,
245 552 176 40 secundum
377 552 117 40 quod
450 552 88 40 de
494 552 88 40 ea
538 552 176 40 loquutus
656 552 73 40 est

161 588 181 41 Aristoteles

204 621 76 38 Ad
242 621 152 38 vltimam,
356 621 88 38 cum
406 621 152 38 dicitur,
520 621 114 38 inter
596 621 88 38 duo
634 621 88 38 extre

179 652 74 41 ma
216 652 124 41 maxime
303 652 161 41 distantia
427 652 124 41 potest
513 652 99 41 dari
575 652 136 41 medium,
662 652 62 41 &c.

170 687 185 39 Dicendum,
312 687 114 39 quod
383 687 100 39 non
440 687 100 39 est
497 687 142 39 verum,
597 687 100 39 nam
640 687 85 39 exem

174 724 107 39 plum
241 724 148 39 positum
348 724 134 39 probat
442 724 201 39 contrarium,
603 724 107 39 quia
657 724 67 39 cum

174 756 81 37 fit
221 756 151 37 transitus
337 756 58 37 a
360 756 116 37 noctis
441 756 174 37 obscuritate
581 756 70 37 ad
616 756 93 37 luce
662 756 58 37 au-

168 791 114 41 rore,
244 791 101 41 vere
308 791 177 41 obscuritas
447 791 127 41 noctis
535 791 202 41 corrumpitur,
687 791 38 41 p

172 826 116 34 tanto
250 826 116 34 tamen
327 826 91 34 non
379 826 142 34 videtur
482 826 168 34 corrumpi,
612 826 103 34 quia
663 826 65 34 lux

172 848 131 50 aurorae
267 848 83 50 sic
315 848 83 50 est
363 848 143 50 debilis,
470 848 95 50 quod
529 848 167 50 participat
661 848 71 50 de
684 848 48 50 il

173 882 76 47 la
211 882 202 47 obscuritate,
376 882 190 47 quemadmodum
528 882 76 47 si
566 882 101 47 fiat
616 882 114 47 transi-

177 917 89 43 tus
228 917 77 43 ab
267 917 102 43 albo
330 917 77 43 in
369 917 140 43 fuscum,
471 917 140 43 quamuis
573 917 115 43 album
637 917 89 43 vera-

173 962 120 31 citer
252 962 213 31 corrumpatur,
425 962 146 31 videtur
532 962 120 31 tamen
611 962 93 31 non
651 962 80 31 cor-

172 992 141 44 rumpi,
271 992 113 44 quia
341 992 141 44 fuscum
440 992 197 44 participat
595 992 85 44 de
623 992 113 44 natura

157 1021 106 44 albi.

212 1046 82 52 Ad
253 1046 220 52 auctoritatem
432 1046 151 52 Ricardi
542 1046 124 52 quale
624 1046 96 52 sit
665 1046 69 52 me-

178 1092 114 35 dium,
254 1092 114 35 patet
330 1092 89 35 per
381 1092 139 35 regulam
483 1092 152 35 superius
597 1092 127 35 datam,
673 1092 63 35 nec

177 1118 96 40 est
232 1118 220 40 imaginandum,
411 1118 110 40 quod
480 1118 96 40 per
521 1118 207 40 propositiones

178 1161 199 33 necessarias,
339 1161 87 33 per
389 1161 99 33 quas
451 1161 162 33 promittit
575 1161 75 33 in
613 1161 112 33 primo
675 1161 62 33 ca-

176 1186 99 47 pite
237 1186 111 47 velle
311 1186 160 47 inquirere
434 1186 160 47 veritates
558 1186 197 47 Theologicas,

178 1225 175 41 intelligat
316 1225 113 41 veras
392 1225 251 41 demonstrationes;
605 1225 88 41 Sed
642 1225 88 41 intel

173 1249 113 44 ligit
249 1249 151 44 rationes
362 1249 113 44 valde
438 1249 189 44 probabiles,
589 1249 101 44 quae
640 1249 88 44 forti

177 1290 101 38 sunt
241 1290 114 38 magis
316 1290 164 38 efficaces
443 1290 76 38 ad
480 1290 164 38 probandam
594 1290 139 38 veritaten

175 1318 132 48 fidei;
267 1318 105 48 quam
333 1318 171 48 oppositae
465 1318 158 48 rationes
583 1318 79 48 ad
623 1318 92 48 eam
662 1318 66 48 im

152 1354 204 48 pugnandam

228 1414 303 50 ARTICVLVS
437 1414 233 50 TERTIVS.

198 1481 74 47 An
235 1481 99 47 Deus
296 1481 123 47 possit
383 1481 99 47 dare
444 1481 136 47 viatori
543 1481 160 47 scientiam
654 1481 62 47 ab-

215 1521 171 47 stractiuam
349 1521 159 47 essentiae
471 1521 134 47 diuine,
569 1521 98 47 quae
618 1521 85 47 simul

299 1552 99 43 stet
361 1552 87 43 cum
410 1552 99 43 fide
472 1552 74 43 in
497 1552 124 43 viatore.

260 1783 68 43 D
288 1783 95 43 hoc
342 1783 190 43 respondent
491 1783 136 43 quidam
573 1783 163 43 affirmati-

186 1795 106 68 ue,
247 1795 76 68 &
277 1795 91 68 vt
322 1795 152 68 melius
429 1795 182 68 habeatur
565 1795 137 68 eorum
641 1795 91 68 opi-

186 1859 97 37 nio,
247 1859 85 37 est
295 1859 219 37 praemittendum,
478 1859 97 37 quid
539 1859 183 37 intelligant
673 1859 61 37 per

177 1884 196 47 cognitionem
334 1884 222 47 abstractiuam,
516 1884 65 47 &
542 1884 104 47 quid
608 1884 91 47 per
647 1884 91 47 intui

185 1925 120 38 tiuam,
269 1925 96 38 quae
330 1925 145 38 videntur
438 1925 72 38 ex
474 1925 145 38 opposito
570 1925 133 38 diuersae.

218 1951 86 47 Per
267 1951 184 47 cognitionem
414 1951 172 47 intuitiuam
550 1951 184 47 intelligunt
685 1951 49 47 il

188 1983 99 38 lam,
250 1983 99 38 quae
312 1983 136 38 habetur
411 1983 74 38 de
448 1983 74 38 re
485 1983 149 38 secundum
597 1983 99 38 suam
646 1983 87 38 actua

187 2017 146 44 litatem,
296 2017 61 44 &
321 2017 268 44 praesentialitatem.
552 2017 85 44 Per
588 2017 146 44 abstracti-

179 2053 88 49 uam
230 2053 101 49 vero
293 2053 189 49 intelligunt
444 2053 126 49 illam,
532 2053 101 49 quae
595 2053 139 49 habetur
684 2053 50 49 de

739 174 172 57 quidditate
874 174 86 57 rei
923 174 184 57 abstrahendo
1070 174 98 57 illa
1131 174 74 57 ab
1168 174 98 57 eius
1217 174 86 57 actua

746 223 129 43 litate,
840 223 58 43 &
863 223 246 43 praesentialitate,
1074 223 105 43 sicut
1144 223 129 43 exempli
1226 223 70 43 gra-

747 254 84 44 tia
795 254 143 44 cognitio
902 254 107 44 visus
974 254 119 44 semper
1057 254 84 44 est
1105 254 167 44 intuitiua,
1224 254 72 44 quia

741 290 195 37 terminatur
894 290 84 37 ad
936 290 98 37 rem
992 290 167 37 secundum
1118 290 112 37 suam
1173 290 126 37 presen-

747 322 179 36 tialitatem,
891 322 143 36 cognitio
998 322 96 36 vero
1058 322 203 36 imaginationis
1213 322 84 36 vide-

744 357 90 37 tur
796 357 206 37 abstractiua,
963 357 103 37 quia
1028 357 129 37 semper
1118 357 181 37 terminatur
1247 357 52 37 ad

742 384 92 51 rem
794 384 171 51 absentem,
926 384 197 51 abstrahendo
1083 384 92 51 eam
1136 384 118 51 quasi
1214 384 66 51 a
1227 384 66 51 sua

737 417 215 48 praesentialitate.

774 458 80 36 Ad
814 458 187 36 propositum
961 458 147 36 dicunt,
1068 458 107 36 quod
1135 458 107 36 Deus
1188 458 107 36 posset

746 490 197 38 communicare
903 490 144 38 viatori
1008 490 197 38 cognitionem
1153 490 144 38 abstracti

746 522 92 41 uam
799 522 79 41 de
838 522 158 41 essentia
957 522 105 41 sua,
1022 522 92 41 qua
1075 522 184 41 cognitione
1207 522 92 41 commu

748 551 127 50 nicata
837 551 127 50 posset
926 551 127 50 viator
1015 551 190 50 scientifice
1155 551 152 50 cognoscere

742 582 119 52 omnes
821 582 172 52 veritates
940 582 185 52 Theologicas,

777 613 77 51 In
816 613 128 51 quibus
905 613 128 51 dictis
995 613 103 51 duae
1059 613 103 51 sunt
1111 613 192 51 conclusiones,

749 655 98 41 quae
810 655 159 41 probantur
933 655 74 41 ex
969 655 123 41 verbis
1055 655 147 41 ipsorum.
1165 655 110 41 Prima
1227 655 61 41 est

753 689 106 39 quod
819 689 106 39 Deus
885 689 133 39 possit
978 689 199 39 communicare
1137 689 146 39 viatori
1230 689 66 39 co-

752 730 151 41 gnitionem
868 730 185 41 abstractiuam
1019 730 151 41 essentiae
1135 730 139 41 diuinae,
1227 730 70 41 quae

750 749 193 43 probatur
879 749 209 43 dupliciter.

780 786 157 42 Quicquid
898 786 118 42 facit
976 786 105 42 Deus
1042 786 79 42 ad
1081 786 118 42 extra
1147 786 144 42 immediati

746 818 88 45 per
797 818 100 45 suam
859 818 175 45 essentiam,
997 818 125 45 potest
1084 818 125 45 facere
1172 818 88 45 per
1209 818 88 45 solam

745 854 210 49 voluntatem,
913 854 98 49 sed
969 854 112 49 Deus
1039 854 140 49 causat
1123 854 182 49 cognitionem

750 882 159 46 essentiae
872 882 98 46 suae
933 882 159 46 immediate
1055 882 85 46 per
1104 882 98 46 eam,
1165 882 122 46 quando
1238 882 61 46 est

757 926 145 38 praesens
866 926 72 38 in
902 926 133 38 ratione
998 926 145 38 obiecti,
1107 926 97 38 ergo
1167 926 133 38 poterit
1252 926 48 38 de

751 948 117 47 eadem
829 948 155 47 essentia
945 948 142 47 absente
1049 948 91 47 per
1101 948 117 47 solam
1166 948 142 47 voluntate

745 984 188 49 cognitionem
896 984 151 49 causare,
1009 984 100 49 quae
1072 984 151 49 cognitio
1185 984 88 49 non
1223 984 75 49 erit

746 1016 180 48 intuitiua,
888 1016 90 48 sed
939 1016 206 48 abstractiua.
1106 1016 116 48 Minor
1183 1016 90 48 est
1222 1016 77 48 nota

755 1050 120 48 Maior
835 1050 173 48 probatur,
968 1050 106 48 quia
1034 1050 160 48 voluntas
1154 1050 133 48 diuina
1234 1050 67 48 est

759 1090 187 41 principalis
908 1090 112 41 causa
983 1090 112 41 omnis
1058 1090 150 41 motionis
1170 1090 75 41 ad
1195 1090 100 41 extra,

754 1118 63 42 &
780 1118 202 42 consequenter
944 1118 126 42 potest
1032 1118 151 42 supplere
1146 1118 114 42 vicem
1209 1118 88 42 alte-

750 1153 99 42 rius
799 1153 111 42 causae.

785 1188 211 40 Confirmatur,
957 1188 106 40 quia
1023 1188 159 40 voluntas
1141 1188 132 40 nostra
1221 1188 79 40 cau-

751 1220 85 43 sat
800 1220 146 43 assensum
909 1220 73 43 in
946 1220 171 43 intellectu
1080 1220 73 43 de
1117 1220 98 43 his,
1178 1220 98 43 quae
1227 1220 73 43 sunt

754 1252 135 45 Fidei,
849 1252 68 45 &
876 1252 122 45 tamen
958 1252 108 45 Deus
1025 1252 108 45 sine
1093 1252 108 45 tali
1147 1252 149 45 voluntate

754 1292 124 38 potest
841 1292 137 38 causare
940 1292 149 38 assensum
1052 1292 75 38 de
1089 1292 124 38 eisdem
1163 1292 137 38 veritati-

753 1324 90 35 bus
805 1324 90 35 per
856 1324 116 35 solam
934 1324 181 35 voluntatem
1076 1324 116 35 suam,
1153 1324 65 35 &
1179 1324 90 35 per
1218 1324 77 35 con-

746 1356 132 38 sequens
842 1356 108 38 talis
915 1356 145 38 assensus
1023 1356 96 38 erit
1083 1356 72 38 ex
1119 1356 157 38 euidentia
1228 1356 72 38 rei,

758 1385 96 49 quod
818 1385 84 49 non
866 1385 120 49 potest
950 1385 108 49 esse,
1022 1385 96 49 nisi
1082 1385 144 49 habeatur
1178 1385 120 49 scientia

736 1421 180 42 abstractiua

781 1453 146 39 Secundo
887 1453 159 39 probatur
1006 1453 119 39 eadem
1085 1453 185 39 conclusio.
1218 1453 79 39 Deus

757 1489 137 39 potest
853 1489 205 39 communicare
1017 1489 151 39 viatori
1127 1489 123 39 omnem
1195 1489 110 39 cogni-

753 1525 141 40 tionem,
856 1525 102 40 quae
920 1525 90 40 non
971 1525 128 40 trahit
1061 1525 115 40 illum
1137 1525 115 40 extra
1202 1525 102 40 statum

751 1557 94 47 viae
810 1557 59 47 :
834 1557 82 47 sed
881 1557 141 47 cognitio
986 1557 176 47 abstractiua
1128 1557 82 47 non
1175 1557 118 47 trahit
1245 1557 59 47 ip-

751 1588 91 46 sum
803 1588 117 46 extra
881 1588 130 46 statum
972 1588 117 46 viae,
1051 1588 104 46 ergo
1116 1588 91 46 &c.
1168 1588 117 46 Maior
1233 1588 65 46 est

755 1623 110 37 nota.
828 1623 110 37 Minor
902 1623 160 37 probatur,
1025 1623 98 37 quia
1086 1623 98 37 sola
1147 1623 147 37 cognitio
1246 1623 61 37 in-

758 1657 122 40 tuitiua
846 1657 133 40 quietat,
946 1657 55 40 &
968 1657 166 40 beatificat,
1101 1657 144 40 trahitque
1212 1657 111 40 viato

751 1687 84 47 rem
799 1687 108 47 extra
871 1687 120 47 statum
954 1687 96 47 viae
1014 1687 60 47 :
1038 1687 143 47 cognitio
1146 1687 96 47 vero
1193 1687 108 47 abstra-

754 1719 134 44 ctiua
829 1719 179 44 nequaquam.

786 1745 146 53 Secunda
892 1745 186 53 conclusio.
1038 1745 146 53 Viator,
1144 1745 93 53 cui
1184 1745 119 53 communi

750 1790 129 39 caretur
844 1790 94 39 haec
903 1790 141 39 notitia,
1008 1790 176 39 scientifice
1149 1790 117 39 posset
1219 1790 82 39 cogno

748 1822 111 41 scere
822 1822 161 41 veritates
933 1822 161 41 Theologiae.

790 1851 174 41 Probatur.
923 1851 174 41 Quicunque
1057 1851 174 41 cognoscit
1178 1851 120 41 aliquod

756 1879 159 45 subiectum
878 1879 86 45 sub
927 1879 147 45 propria,
1038 1879 61 45 &
1062 1879 196 45 quidditatiua
1209 1879 86 45 ratio

758 1921 87 36 ne,
807 1921 162 36 cognoscit
932 1921 112 36 omnes
1006 1921 174 36 veritates,
1143 1921 100 36 quae
1205 1921 100 36 sunt
1255 1921 50 36 de

756 1949 118 44 illo:
834 1949 92 44 sed
887 1949 131 44 habens
978 1949 196 44 cognitionem
1122 1949 183 44 abstractiuam

756 1985 126 44 diuinae
847 1985 160 44 essentiae,
973 1985 103 44 illam
1042 1985 149 44 cognoscit
1145 1985 149 44 quidditati-

757 2022 94 38 ue,
810 2022 108 38 ergo
878 2022 94 38 &c.
932 2022 121 38 Minor
1013 2022 121 38 patet
1094 2022 94 38 per
1148 2022 108 38 eos.
1202 2022 94 38 Maior

749 2056 170 50 probatur,
879 2056 104 50 quia
945 2056 196 50 cognoscendo
1101 2056 170 50 subiectum
1219 2056 78 50 quid
