1500 2300
226 155 440 66 DISTINCTIONIS
563 155 155 66 2xx.

252 212 341 76 QVAESTIO
479 212 199 76 VNICA

202 274 119 77 Vtrum
281 274 184 77 relationes
426 274 132 77 dictae
518 274 79 77 de
557 274 92 77 Deo
610 274 79 77 ex
636 274 119 77 tempore

400 329 97 50 sint
449 329 110 50 reales,

207 483 330 68 ARGVITVR
454 483 193 68 PRO
537 483 193 68 PARTE

385 524 194 53 affirmatiua.

202 537 62 81 1
226 537 112 81 QIcut
301 537 150 81 creatura
413 537 150 81 realiter
526 537 87 81 est
575 537 162 81 producta,
688 537 62 81 ita

218 596 121 47 ADeus
298 596 162 47 realiter
419 596 94 47 est
473 596 188 47 producens,
621 596 94 47 sed
662 596 94 47 crea-

206 638 94 39 tura
265 638 71 39 ex
301 638 71 39 eo
336 638 94 39 quod
395 638 142 39 realiter
501 638 83 39 est
548 638 153 39 producta,
655 638 94 39 refer-

208 662 90 45 tur
259 662 115 45 reali
336 662 167 45 relatione
464 662 77 45 ad
503 662 115 45 Deum,
580 662 102 45 ergo
644 662 115 45 Deus,
708 662 51 45 ex

207 694 70 54 eo
242 694 93 54 quod
300 694 81 54 est
346 694 139 54 realiter
451 694 162 54 producens,
578 694 139 54 realiter
671 694 81 54 etiam

202 733 151 47 refertur
316 733 76 47 ad
341 733 139 47 creaturas

246 743 64 66 2
272 743 76 66 Si
310 743 140 66 relatio
412 743 89 66 Dei
463 743 76 66 ad
501 743 166 66 creaturam
629 743 89 66 non
667 743 89 66 esset

204 790 137 54 realis,
303 790 187 54 sequeretur,
453 790 100 54 quod
515 790 112 54 esset
590 790 150 54 secundum
690 790 62 54 ra-

207 830 156 47 tionem,
320 830 71 47 &
349 830 99 47 per
405 830 199 47 consequens
561 830 99 47 non
604 830 156 47 denomina-

201 873 92 36 ret
254 873 105 36 Deum
319 873 171 36 realiter,
451 873 184 36 Consequens
596 873 92 36 est
635 873 119 36 falsum,

202 904 104 37 ergo
267 904 65 37 &
293 904 182 37 antecedens
436 904 156 37 Falsitas
553 904 208 37 consequentis
709 904 52 37 pa

206 931 105 47 tet,
271 931 105 47 quia
337 931 105 47 Deus
402 931 196 47 denominatur
559 931 157 47 realiter
663 931 92 47 Crea-

202 961 103 52 tor,
266 961 64 52 &
292 961 154 52 realiter
408 961 154 52 Dominus,
523 961 167 52 Sequellam
639 961 103 52 probo.

201 996 103 51 quia
265 996 193 51 denominatio
420 996 154 51 relatiua
535 996 154 51 supponit
638 996 116 51 existen

194 1033 98 46 tiam
255 1033 183 46 relationis,
402 1033 73 46 si
438 1033 98 46 ergo
499 1033 147 46 relatio,
609 1033 86 46 qua
658 1033 98 46 Deus
707 1033 49 46 de

204 1069 166 43 nominatur
332 1069 153 43 Dominus,
446 1069 64 43 &
472 1069 153 43 creator,
586 1069 89 43 non
637 1069 115 43 esset
701 1069 51 43 in

208 1101 90 45 Deo
260 1101 168 45 realiter,
389 1101 90 45 sed
440 1101 116 45 solum
518 1101 155 45 secundum
621 1101 129 45 rationem

203 1130 207 50 denominaret
368 1130 110 50 Deum
437 1130 96 50 non
479 1130 151 50 realiter,

227 1155 317 62 ARGVITVR
465 1155 185 62 PRO
544 1155 185 62 PARTE

407 1196 144 46 negatina.

304 1213 124 63 Agister
394 1213 68 63 in
428 1213 113 63 litera
507 1213 102 63 vult,
574 1213 102 63 quod,
642 1213 102 63 nulla
699 1213 56 63 re-

204 1254 152 58 LLlatio
315 1254 111 58 noua
384 1254 97 58 Deo
439 1254 180 58 adueniat,
577 1254 97 58 sed
633 1254 111 58 sola
688 1254 69 58 ap-

203 1301 146 51 pellatio
300 1301 122 51 relatiua

243 1306 194 73 Confirmatur,
401 1306 97 73 quia
461 1306 73 73 si
498 1306 109 73 talis
571 1306 134 73 relatio
656 1306 97 73 tempo-

199 1361 109 45 ralis
271 1361 109 45 esset
344 1361 133 45 realis,
440 1361 157 45 adueniret
561 1361 84 45 Deo
609 1361 133 45 aliquid
694 1361 60 45 ea-

202 1400 77 47 le
241 1400 77 47 de
279 1400 116 47 nouo,
356 1400 64 47 &
382 1400 90 47 per
433 1400 193 47 consequens,
587 1400 128 47 fieret
677 1400 77 47 in
703 1400 51 47 eo

198 1431 126 47 aliqua
287 1431 152 47 mutatio,
401 1431 101 47 quod
464 1431 88 47 est
502 1431 164 47 impossibile

235 1461 118 54 RES
302 1461 185 54 PONDEO:
437 1461 101 54 In
487 1461 134 54 ista
554 1461 202 54 quaestione

206 1497 102 49 duo
264 1497 116 49 sunt
322 1497 131 49 videnda

266 1511 78 74 An
305 1511 181 74 relationes
447 1511 129 74 dictae
537 1511 78 74 de
576 1511 90 74 Deo
615 1511 142 74 temporali

197 1562 92 56 ter
249 1562 105 56 sint
302 1562 105 56 reales

236 1579 73 72 2
266 1579 88 72 An
309 1579 117 72 sint
383 1579 88 72 in
426 1579 102 72 Deo
485 1579 175 72 secundum
602 1579 146 72 rationem

173 1644 149 41 tantum.

256 1678 311 76 ARTICVLVS
472 1678 215 76 PRIMVS.

201 1740 119 75 Vtrum
280 1740 185 75 relationes
425 1740 132 75 dictae
517 1740 79 75 de
557 1740 92 75 Deo
597 1740 158 75 temporali-

381 1795 84 48 ter
429 1795 97 48 sint
477 1795 97 48 reales

254 1879 106 61 IVic
320 1879 158 61 articulo
438 1879 132 61 quidam
531 1879 145 61 dicunt,
636 1879 106 61 quod
689 1879 66 61 re-

234 1923 160 56 lationes
354 1923 187 56 temporales
501 1923 133 56 dictae
594 1923 80 56 de
634 1923 93 56 Deo
674 1923 80 56 sunt

202 1959 134 51 reales,
299 1959 85 51 non
348 1959 109 51 solum
421 1959 73 51 ex
457 1959 109 51 parte
530 1959 170 51 creaturae,
664 1959 85 51 sed
700 1959 49 51 et

203 1994 74 47 ex
240 1994 111 47 parte
314 1994 99 47 Dei;
376 1994 99 47 quia
438 1994 87 47 non
487 1994 111 47 solum
561 1994 148 47 creatura
660 1994 87 47 refei

206 2026 87 51 tur
255 2026 149 51 realiter
367 2026 74 51 ad
404 2026 112 51 Deum,
478 2026 87 51 sed
528 2026 112 51 etiam
602 2026 99 51 Deus
652 2026 99 51 refer

769 145 94 64 tur
822 145 161 64 realiter
943 145 81 64 ad
984 145 188 64 creaturam,
1132 145 94 64 non
1186 145 121 64 tamen
1253 145 94 64 eodem

769 203 122 37 modo,
851 203 109 37 quia
919 203 163 37 creatura
1041 203 163 37 refertur
1163 203 82 37 ad
1204 203 109 37 Deum
1258 203 82 37 rea-

777 227 112 48 liter
851 227 112 48 sicut
926 227 200 48 fundamentum,
1088 227 87 48 vel
1138 227 162 48 subiectum
1263 227 100 48 rela

783 265 132 42 tionis;
879 265 96 42 Deus
940 265 96 42 vero
1000 265 145 42 refertur
1108 265 145 42 realiter
1217 265 72 42 ad
1241 265 96 42 creatu

774 297 94 46 ram,
833 297 106 46 sicut
903 297 141 46 terminus
1009 297 176 46 relationis,
1150 297 94 46 haec
1209 297 106 46 autem
1267 297 59 46 con

776 329 117 45 clusio
858 329 117 45 potest
941 329 129 45 probari
1023 329 164 45 tripliciter.

805 363 63 43 1
831 363 113 43 Primo
906 363 100 43 sic:
968 363 113 43 Sicut
1044 363 75 43 se
1081 363 113 43 habet
1156 363 138 43 relatio
1244 363 88 43 tempo

774 390 103 53 ralis
842 390 69 53 ad
877 390 149 53 creaturam
991 390 69 53 in
1026 390 126 53 ratione
1118 390 149 53 subiecti,
1232 390 80 53 vel
1267 390 57 53 fun

776 425 151 46 damenti,
890 425 88 46 ita
940 425 75 46 ad
978 425 164 46 creatorem
1104 425 75 46 in
1141 425 138 46 ratione
1229 425 101 46 termi-

772 460 85 48 ni,
821 460 85 48 sed
869 460 85 48 ita
918 460 73 48 se
955 460 110 48 habet
1028 460 73 48 ad
1065 460 171 48 creaturam,
1199 460 98 48 quod
1248 460 85 48 facit

770 501 89 40 eam
821 501 152 40 realiter
935 501 139 40 referri
1036 501 127 40 taquam
1125 501 177 40 subiectum,
1252 501 76 40 ergo

771 527 86 53 ita
820 527 74 53 se
857 527 136 53 habebit
956 527 74 53 ad
993 527 173 53 creatorem,
1129 527 99 53 quod
1190 527 123 53 faciet
1264 527 62 53 eum

774 561 163 44 realiter
897 561 149 44 referri
1005 561 149 44 tanquam
1114 561 176 44 terminum;
1236 561 95 44 Minor

776 598 89 45 est
827 598 114 45 vera;
903 598 114 45 Maior
979 598 165 45 probatur,
1106 598 102 45 quia
1170 598 152 45 secundum
1272 598 63 45 Sim

776 633 139 44 plicium
877 633 76 44 in
915 633 239 44 Praedicamentis,
1117 633 126 44 semper
1192 633 139 44 habitudo,

776 664 90 49 quae
832 664 79 49 est
877 664 68 49 in
911 664 147 49 pluribus,
1024 664 79 49 est
1069 664 68 49 in
1103 664 90 49 vno,
1160 664 102 49 sicut
1227 664 68 49 in
1250 664 79 49 subie

777 696 95 43 cto,
837 696 60 43 &
861 696 72 43 in
896 696 107 43 alio,
968 696 107 43 sicut
1040 696 72 43 in
1075 696 143 43 termino,
1183 696 60 43 &
1207 696 95 43 ideo
1254 696 72 43 habi

771 729 93 46 tudo
829 729 93 46 quae
887 729 81 46 est
933 729 139 46 relatio,
1038 729 104 46 sicut
1107 729 69 46 se
1142 729 104 46 habet
1211 729 69 46 ad
1234 729 93 46 subie-

781 764 107 48 ctum,
852 764 71 48 in
888 764 131 48 ratione
983 764 154 48 subiecti,
1102 764 83 48 sic
1149 764 71 48 ad
1185 764 142 48 terminum
1280 764 47 48 in

778 796 141 51 ratione
868 796 128 51 termini.

806 829 67 44 2
832 829 121 44 Illa,
913 829 108 44 quae
980 829 215 44 denominantur
1155 829 161 44 relatiua
1263 829 67 44 ea-

781 862 87 44 dem
830 862 162 44 relatione
955 862 125 44 reali,
1042 862 75 44 si
1080 862 100 44 vnum
1142 862 112 44 eorum
1204 862 125 44 refertur

770 899 162 42 realiter,
894 899 62 42 &
919 899 149 42 alterum,
1031 899 87 42 sed
1080 899 149 42 creator,
1192 899 62 42 &
1205 899 124 42 creatura

771 933 206 42 denominantur
939 933 155 42 relatiua
1055 933 116 42 eadem
1132 933 168 42 relatione
1249 933 77 42 rea-

775 960 83 45 li,
823 960 95 45 ergo
882 960 107 45 sicut
954 960 155 45 creaturae
1073 960 83 45 per
1121 960 107 45 illam
1180 960 143 45 relationem

776 997 121 43 realem
861 997 146 43 realiter
970 997 170 43 referuntur
1104 997 73 43 ad
1140 997 170 43 creatorem,
1261 997 61 43 se-

773 1037 145 38 quitur,
878 1037 106 38 quod
944 1037 145 38 creator
1050 1037 92 38 per
1103 1037 119 38 eadem
1169 1037 158 38 relationem

778 1061 155 49 referatur
898 1061 143 49 realiter
1005 1061 72 49 ad
1041 1061 120 49 ipsas,
1125 1061 84 49 non
1173 1061 120 49 quidem
1244 1061 72 49 tan-

777 1094 101 45 quam
840 1094 164 45 subiectum
967 1094 189 45 relationis,
1118 1094 88 45 sed
1169 1094 139 45 tanquam
1257 1094 63 45 ter

770 1138 118 41 minus
848 1138 78 41 vt
888 1138 131 41 dictum
979 1138 105 41 est;
1044 1138 118 41 Maior
1123 1138 92 41 est
1175 1138 118 41 nota,
1241 1138 78 41 quia

778 1168 92 40 qua
830 1168 144 40 ratione
935 1168 131 40 aliqua
1026 1168 92 40 duo
1079 1168 209 40 denominantur
1235 1168 92 40 reali

772 1203 87 39 ter
821 1203 149 39 relatiua
933 1203 87 39 per
983 1203 100 39 vnam
1045 1203 174 39 relationem
1182 1203 137 39 realem,
1269 1203 50 39 pa

777 1232 75 38 ri
814 1232 137 38 ratione
914 1232 87 38 per
964 1232 125 38 eandem
1051 1232 175 38 relationem
1189 1232 125 38 realem
1264 1232 62 38 rea

771 1266 112 39 liter
845 1266 186 39 referuntur;
994 1266 112 39 Minor
1068 1266 124 39 potest
1155 1266 137 39 probari
1255 1266 74 39 ex
1279 1266 50 39 in

771 1299 153 43 tentione
886 1299 153 43 Magistri
1000 1299 76 43 in
1038 1299 102 43 ista
1102 1299 216 43 distinctione,
1267 1299 64 43 vbi

769 1330 116 48 vult,
846 1330 103 48 quod
911 1330 103 48 Deus
975 1330 77 48 ex
1014 1330 142 48 tempore
1117 1330 167 48 inceperit
1233 1330 77 48 esse

771 1366 158 38 Dominus,
890 1366 92 38 non
942 1366 145 38 propter
1048 1366 158 38 aliquid,
1167 1366 106 38 quod
1233 1366 79 38 de
1259 1366 66 38 non

770 1396 74 44 uo
807 1396 99 44 sibi
868 1396 172 44 acciderit,
1004 1396 86 44 sed
1053 1396 136 44 propter
1152 1396 148 44 aliquid,
1250 1396 74 44 quod

772 1435 140 39 accidit
874 1435 179 39 creaturae,
1015 1435 102 39 quae
1079 1435 77 39 ex
1117 1435 140 39 tempore
1206 1435 115 39 incepit

776 1468 92 39 esse
833 1468 69 39 ei
867 1468 149 39 subiecta,
982 1468 80 39 quo
1028 1468 115 39 stante
1108 1468 138 39 sequitur
1200 1468 115 39 necessa-

769 1500 112 44 rio,
839 1500 112 44 quod
909 1500 112 44 Deus
980 1500 211 44 denominetur
1148 1500 155 44 Dominus
1247 1500 70 44 per

762 1537 106 41 solam
833 1537 176 41 relationem,
974 1537 94 41 quae
1032 1537 82 41 est
1079 1537 70 41 in
1114 1537 153 41 creatura,
1232 1537 70 41 ac
1255 1537 59 41 por

764 1566 170 40 consequens
897 1566 109 40 sicut
970 1566 97 40 illa
1030 1566 145 40 relatio,
1139 1566 85 40 cum
1188 1566 85 40 sit
1224 1566 97 40 realis

764 1600 82 44 est
811 1600 105 44 ratio
881 1600 93 44 ipsi
939 1600 152 44 creaturae
1056 1600 93 44 quod
1115 1600 140 44 realiter
1208 1600 105 44 denomi-

764 1634 132 37 netur,
856 1634 66 37 &
883 1634 172 37 referatur
1015 1634 145 37 tanquam
1120 1634 185 37 subiectum;
1252 1634 66 37 ita

765 1671 100 37 erit
827 1671 112 37 ratio
902 1671 100 37 ipsi
964 1671 87 37 Deo
1014 1671 100 37 quod
1076 1671 150 37 realiter
1176 1671 137 37 denomine-

764 1705 92 37 tur
816 1705 157 37 dominus,
934 1705 66 37 &
961 1705 157 37 realiter
1079 1705 171 37 referatur
1197 1705 118 37 tanquam

753 1734 156 44 terminus.

790 1756 61 59 3
814 1756 122 59 Illud,
899 1756 97 59 quod
960 1756 146 59 refertur
1070 1756 73 59 ad
1106 1756 110 59 aliud
1179 1756 73 59 in
1216 1756 122 59 ratio

765 1799 76 41 ne
803 1799 164 41 mensurae,
930 1799 152 41 refertur
1044 1799 152 41 realiter
1158 1799 139 41 tanquam
1246 1799 76 41 ter-

768 1837 115 40 minus
845 1837 192 40 relationis,
999 1837 64 40 &
1024 1837 90 40 non
1076 1837 141 40 tanquam
1165 1837 154 40 subiectum;

767 1867 91 43 sed
819 1867 104 43 Deus
884 1867 156 43 refertur
1001 1867 78 43 ad
1040 1867 169 43 creaturam
1171 1867 78 43 in
1197 1867 117 43 ratione

766 1900 157 43 mensurae,
887 1900 97 43 ergo
947 1900 145 43 refertur
1056 1900 72 43 ad
1092 1900 84 43 eam
1140 1900 157 43 realiter,
1249 1900 60 43 tan

766 1934 100 42 quam
828 1934 162 42 terminus;
953 1934 112 42 Minor
1028 1934 87 42 est
1078 1934 100 42 nota
1140 1934 75 42 ex
1178 1934 75 42 x.
1203 1934 112 42 Metaph-

771 1964 119 46 Maior
850 1964 171 46 probatur,
982 1964 79 46 ex
1021 1964 132 46 quinto
1113 1964 132 46 Metaph
1206 1964 105 46 cap.
1258 1964 53 46 de

770 2000 73 40 ad
806 2000 147 40 aliquid,
917 2000 86 40 vbi
965 2000 98 40 vult
1027 2000 196 40 Aristoteles,
1186 2000 98 40 quod
1235 2000 73 40 men-

771 2030 146 45 urabile,
880 2030 61 45 &
905 2030 146 45 scibile,
1014 2030 61 45 &
1039 2030 219 45 intellectuale,
1222 2030 61 45 &
1234 2030 85 45 omnia
