1500 2282
206 171 77 43 ex
245 171 102 43 sola
309 171 205 43 appellatione
475 171 166 43 relatiua,
603 171 102 43 quam
654 171 102 43 habent

202 209 150 43 extrinsece

251 232 159 49 VIDETVR
366 232 116 49 ergo
439 232 145 49 aliter
540 232 116 49 esse
598 232 159 49 dicendum,

210 274 67 38 &
236 274 146 38 idcirco
343 274 120 38 scire
423 274 160 38 oportet,
542 274 106 38 quod
595 274 160 38 communiter

210 310 121 34 omnes
290 310 162 34 Doctores
412 310 81 34 in
452 310 94 34 hoc
506 310 162 34 videntur
614 310 135 34 concorda

215 336 90 48 re,
267 336 103 48 quod
331 336 103 48 Deus
395 336 90 48 non
447 336 167 48 referatur
575 336 77 48 ad
614 336 167 48 creaturam

212 374 105 36 alqua
282 374 152 36 relatione
399 374 117 36 reali,
481 374 58 36 &
505 374 94 36 ideo
563 374 140 36 Magister
668 374 58 36 i
680 374 70 36 ista

217 405 186 36 distinctione
369 405 116 36 dicit,
450 405 93 36 quod
508 405 163 36 appellatio
637 405 105 36 illa,
695 405 58 36 qua

212 437 129 38 Creator
306 437 141 38 relatiue
412 437 129 38 dicitur
506 437 70 38 ad
541 437 164 38 creaturam,
658 437 94 38 relati

210 474 74 35 ua
247 474 123 35 quidem
332 474 98 35 est,
394 474 86 35 sed
443 474 123 35 nullam
528 474 110 35 notat
590 474 159 35 relationem,

216 504 89 40 quae
272 504 78 40 sit
316 504 67 40 in
349 504 145 40 creatore,
461 504 89 40 quae
516 504 100 40 autem
583 504 78 40 sit
628 504 100 40 causa
683 504 78 40 huius

214 538 129 37 videre
304 538 90 37 non
356 538 90 37 est
407 538 142 37 facile:
510 538 90 37 nam
562 538 155 37 Doctores
665 538 90 37 moder

209 567 87 38 ni,
258 567 87 38 qui
308 567 75 38 in
345 567 112 38 dicta
420 567 186 38 conclusione
569 567 186 38 concordant,
705 567 50 38 in

219 602 137 39 redendo
318 602 112 39 tamen
393 602 124 39 causam
480 602 124 39 dicti,
567 602 112 39 multo
629 602 124 39 diuersi

200 634 131 42 ficantur

243 661 125 50 Dicunt
330 661 100 50 ergo
392 661 137 50 quidam,
492 661 100 50 quod
554 661 100 50 tota
616 661 125 50 causa,
691 661 62 50 qua

216 700 68 39 re
250 700 124 39 relatio
340 700 79 39 Dei
385 700 68 39 ad
419 700 147 39 creaturam
531 700 79 39 non
577 700 79 39 sit
622 700 124 39 realis,
701 700 56 39 est

212 735 144 36 sumenda
317 735 78 36 ex
356 735 118 36 parte
434 735 196 36 fundamenti;
591 735 92 36 nam
630 735 118 36 (secun-

210 769 84 35 dum
258 769 96 35 eos)
318 769 96 35 ista
379 769 84 35 est
427 769 120 35 regula
511 769 157 35 generalis
632 769 72 35 in
656 769 96 35 omnibs

216 800 195 44 relationibus,
376 800 149 44 scilicet,
491 800 92 44 quod
548 800 92 44 ideo
606 800 115 44 aliqua
675 800 80 44 rela-

215 833 84 40 tio
263 833 84 40 est
311 833 133 40 realis,
408 833 96 40 quia
468 833 108 40 habet
540 833 96 40 tale
588 833 169 40 fundamentum,

210 869 105 42 quod
276 869 79 42 ex
315 869 92 42 sui
368 869 132 42 natura
460 869 132 42 exigit
552 869 132 42 habere
631 869 119 42 alterum

203 901 171 38 terminum,
334 901 131 38 quando
426 901 105 38 vero
492 901 118 38 habet
571 901 105 38 tale
624 901 131 38 fundamen

211 934 103 38 tum,
275 934 103 38 quod
339 934 77 38 ex
378 934 90 38 sui
429 934 128 38 natura
519 934 90 38 non
570 934 128 38 exigit
647 934 103 38 habere

208 967 117 39 alium
286 967 169 39 terminum,
416 967 104 39 tunc
481 967 91 39 non
534 967 91 39 est
586 967 143 39 realis,
677 967 78 39 quod

212 998 103 37 autem
280 998 80 37 ita
326 998 80 37 sit
372 998 69 37 in
407 998 149 37 proposito
521 998 115 37 potest
602 998 126 37 probari
682 998 69 37 tri-

212 1025 147 50 pliciter
322 1025 73 50 ex
359 1025 122 50 dictis
432 1025 98 50 eorum.

242 1057 65 41 1
268 1057 129 41 Illud,
358 1057 103 41 quod
423 1057 181 41 innascitur
565 1057 194 41 intrinsecus
707 1057 52 41 ex

216 1095 98 45 ipso
277 1095 185 45 fundamento,
425 1095 123 45 habet,
511 1095 98 45 quod
572 1095 86 45 sit
622 1095 98 45 quid
671 1095 86 45 reale

211 1132 73 35 ex
247 1132 121 35 natura
332 1132 85 35 sui
380 1132 181 35 fundamenti,
525 1132 133 35 relatio
622 1132 85 35 est
658 1132 97 35 huius-

217 1162 104 43 modi,
287 1162 92 43 quia
344 1162 69 43 in
379 1162 81 43 hoc
425 1162 127 43 differt
517 1162 69 43 ab
552 1162 104 43 alijs
621 1162 81 43 sex
655 1162 104 43 praedi-

219 1192 147 48 camentis
329 1192 183 48 extrinsecus
476 1192 220 48 aduenientibus,
659 1192 98 48 ergo
708 1192 49 48 &c

250 1226 60 40 2
274 1226 107 40 Sicut
345 1226 72 40 se
381 1226 107 40 habet
453 1226 143 40 habitudo
560 1226 131 40 essendi
656 1226 72 40 in
679 1226 72 40 alio

212 1259 79 39 ad
251 1259 105 39 suum
317 1259 210 39 fundamentum,
487 1259 92 39 ita
539 1259 157 39 habitudo
644 1259 105 39 essen-

208 1294 72 34 di
244 1294 72 34 ad
280 1294 121 34 aliud,
365 1294 84 34 sed
413 1294 145 34 habitudo
522 1294 133 34 essendi
618 1294 72 34 in
654 1294 97 34 alio
703 1294 48 34 ad

211 1326 104 38 suum
276 1326 195 38 fundamentum
432 1326 104 38 est,
497 1326 104 38 quod
562 1326 78 38 si
601 1326 130 38 debeat
679 1326 78 38 esse

207 1358 131 39 realis,
302 1358 143 39 requirit
410 1358 167 39 necessario
541 1358 95 39 tale
588 1358 167 39 fundamentum,

216 1390 103 41 quod
280 1390 77 41 ex
319 1390 90 41 sui
370 1390 128 41 natura
460 1390 154 41 coexigat
575 1390 128 41 habere
652 1390 90 41 subie

218 1426 105 36 ctum,
289 1426 70 36 in
324 1426 82 36 quo
371 1426 141 36 realiter
476 1426 94 36 sit,
534 1426 94 36 ergo
593 1426 59 36 &
616 1426 141 36 habitudo
710 1426 47 36 es

213 1455 100 36 sendi
279 1455 67 36 ad
313 1455 100 36 aliud
379 1455 67 36 si
412 1455 78 36 sit
457 1455 122 36 realis,
545 1455 133 36 requirit
634 1455 111 36 necessa-

211 1491 92 33 rio
264 1491 106 33 tale
330 1491 211 33 fundamentum,
501 1491 106 33 quod
567 1491 79 33 ex
607 1491 132 33 natura
686 1491 66 33 sua

212 1523 159 46 coexigat
331 1523 132 46 habere
423 1523 145 46 alterum
529 1523 159 46 terminum
648 1523 79 46 ad
675 1523 79 46 quen

193 1552 129 42 dicatur.

237 1584 64 48 3
263 1584 178 48 Manifestum
403 1584 102 48 est,
466 1584 102 48 quod
530 1584 203 48 coexigentia,
682 1584 64 48 qua

211 1621 167 37 relatiuum
340 1621 154 37 secundum
455 1621 103 37 esse
520 1621 154 37 coexigit
635 1621 103 37 suum
687 1621 64 37 cor

212 1656 153 44 relatiuum
330 1656 82 44 est
377 1656 118 44 maior,
460 1656 94 44 quam
518 1656 106 44 illa,
589 1656 82 44 qua
624 1656 130 44 relatiuum

207 1686 159 39 secundum
326 1686 159 39 rationem
446 1686 159 39 coexigit
565 1686 106 39 suum
618 1686 133 39 correla-

213 1719 137 39 tiuum,
309 1719 96 39 sed
364 1719 179 39 relatiuum
502 1719 165 39 secundum
612 1719 137 39 rationem

210 1754 152 38 coexigit
324 1754 101 38 suum
387 1754 202 38 correlatiuum
551 1754 139 38 ratione
640 1754 101 38 respe-

210 1789 114 34 ctus,
287 1789 102 34 ergo
350 1789 165 34 relatiuum
477 1789 152 34 secundum
592 1789 89 34 rem
630 1789 114 34 conexi-

206 1820 83 44 git
254 1820 95 44 suum
313 1820 131 44 ratione
409 1820 179 44 fundamenti:
551 1820 167 44 applicando
671 1820 71 44 ergo

199 1855 91 36 hoc
251 1855 78 36 ad
290 1855 196 36 propositum,
447 1855 144 36 dicunt,
551 1855 104 36 quod
617 1855 104 36 quia
669 1855 78 36 Deus

208 1885 158 37 secundum
326 1885 92 37 sui
379 1885 144 37 naturam
484 1885 118 37 nullo
562 1885 105 37 modo
615 1885 131 37 coexigit

211 1919 161 47 creaturam,
338 1919 127 47 idcirco
431 1919 115 47 omnino
511 1919 92 47 sibi
569 1919 150 47 repugnat,
673 1919 69 47 quid

206 1947 88 43 sit
257 1947 189 43 fundamentum
408 1947 126 43 realis
496 1947 176 43 relationis
634 1947 76 43 ad
659 1947 76 43 eam.

250 1984 129 47 Contra
340 1984 116 47 istam
417 1984 167 47 opinionem
546 1984 167 47 sequuntur
662 1984 90 47 quin-

214 2016 93 55 que
254 2016 226 55 inconuenientia.

802 157 62 66 1
826 157 112 66 Quia,
901 157 75 66 si
939 157 137 66 relatio
1038 157 112 66 habet
1113 157 100 66 quod
1175 157 87 66 sit
1213 157 112 66 realis.

770 201 79 52 ex
809 201 198 52 coexigentia
968 201 198 52 fundamenti,
1126 201 92 52 cum
1166 201 145 52 coexigen-

778 236 86 45 tia
827 236 86 45 sit
876 236 136 45 quaedam
975 236 148 45 relatio,
1086 236 86 45 non
1136 236 136 45 habebit
1235 236 86 45 hoc
1272 236 49 45 ex

770 274 182 38 fundamento,
916 274 73 38 vt
952 274 97 38 ipsi
1013 274 134 38 dicunt,
1110 274 85 38 sed
1159 274 73 38 ex
1183 274 134 38 relatione

775 308 194 37 fundamenti;
930 308 65 37 &
956 308 90 37 per
1007 308 181 37 consequens
1149 308 103 37 sibi
1201 308 116 37 contra-

769 338 164 47 dicerent,
896 338 76 47 ex
933 338 88 47 quo
984 338 114 47 etiam
1060 338 151 47 apparet,
1173 338 101 47 quod
1224 338 88 47 prima

772 372 104 37 ratio
842 372 81 37 pro
888 372 81 37 eis
934 372 127 37 inducta
1026 372 115 37 peccat
1107 372 81 37 per
1153 372 150 37 fallaciam
1256 372 58 37 con

780 400 158 42 sequentis,
904 400 56 42 a
926 400 135 42 pluribus
1028 400 113 42 causis
1107 400 147 42 veritatis
1220 400 68 42 ad
1242 400 79 42 vnam,

778 437 89 41 non
829 437 102 41 enim
893 437 166 41 sequitur,
1020 437 140 41 relatio
1122 437 115 41 habet
1198 437 102 41 quod
1249 437 64 41 sit

774 469 124 36 realis
860 469 74 36 ex
898 469 186 36 fundamento,
1046 469 87 36 cui
1096 469 186 36 intrinsecus
1232 469 87 36 adue-

770 499 95 43 nit,
829 499 95 43 ergo
888 499 106 43 habet
959 499 95 43 quod
1018 499 83 43 sit
1066 499 118 43 realis
1148 499 71 43 ab
1184 499 71 43 eo
1219 499 95 43 isto
1267 499 47 43 mo

773 535 80 47 do,
818 535 92 47 puta
876 535 126 47 ratione
968 535 172 47 exigentiae,
1105 535 92 47 quia
1163 535 115 47 potest
1243 535 92 47 esse

771 571 106 34 alio
837 571 119 34 modo,
916 571 66 34 &
943 571 132 34 maxime
1035 571 106 34 quia
1101 571 93 34 per
1154 571 93 34 hoc
1207 571 93 34 non
1247 571 66 34 ha-

780 600 104 45 petur
849 600 92 45 quod
906 600 81 45 sit
952 600 115 45 realis
1033 600 69 45 ex
1067 600 92 45 ipso
1125 600 173 45 fundamento,
1263 600 81 45 sed

774 633 75 48 ex
812 633 101 48 ipsa
862 633 164 48 coexigentia

802 658 58 49 2
826 658 104 49 Quia,
895 658 69 49 si
930 658 81 49 ita
976 658 69 49 se
1011 658 104 49 habet
1080 658 139 49 habitudo
1185 658 127 49 essendi
1266 658 46 49 ad

769 698 132 48 aliud
857 698 88 48 ad
901 698 117 48 suum
974 698 234 48 fundamentum,
1149 698 161 48 quemadmo-

771 729 93 42 dum
824 729 159 42 habitudo
943 729 146 42 essendi
1049 729 80 42 in
1089 729 106 42 alio
1155 729 80 42 ad
1195 729 119 42 suum,
1261 729 53 42 vt

770 767 95 36 ipsi
829 767 142 36 assumunt
936 767 71 36 in
971 767 130 36 secunda
1066 767 142 36 ratione,
1172 767 95 36 tunc
1231 767 106 36 sicut

769 800 155 37 habitudo
886 800 142 37 essendi
989 800 78 37 in
1028 800 117 37 alio,
1106 800 65 37 &
1132 800 104 37 suum
1183 800 130 37 fundamen

770 834 104 33 tum,
835 834 104 33 quod
900 834 91 33 est
952 834 156 33 accidens
1069 834 182 33 absolutum,
1212 834 91 33 non
1251 834 65 33 con

770 866 139 36 stituunt
875 866 127 36 diuersa
967 866 209 36 praedicamenta,
1141 866 81 36 ita
1188 866 104 36 etiam
1245 866 70 36 habi

778 899 102 38 tudo
842 899 141 38 essendi
945 899 77 38 ad
983 899 128 38 aliud,
1073 899 64 38 &
1098 899 102 38 suum
1150 899 166 38 fundamentum

770 931 83 44 non
818 931 202 44 constituerent
984 931 131 44 diuersa
1080 931 214 44 praedicamenta,
1247 931 71 44 quod

773 964 103 46 patet
841 964 92 46 esse
887 964 103 46 falsum.

798 992 61 52 3
822 992 110 52 Quia,
896 992 110 52 sicut
969 992 147 52 habitudo
1080 992 135 52 essendi
1178 992 74 52 in
1215 992 98 52 alio
1264 992 49 52 po

775 1029 96 41 test
835 1029 108 41 tolli
907 1029 60 41 a
932 1029 84 41 suo
980 1029 181 41 fundamento,
1124 1029 84 41 non
1172 1029 120 41 mutato
1245 1029 72 41 prae

771 1063 177 37 dicamento,
911 1063 76 37 vt
948 1063 114 37 patet
1024 1063 76 37 in
1062 1063 177 37 Sacramento
1189 1063 101 37 altari

779 1096 79 37 vbi
824 1096 135 37 tollitur
925 1096 135 37 habitudo
1026 1096 123 37 essendi
1115 1096 67 37 in
1149 1096 90 37 alio
1205 1096 56 37 a
1216 1096 90 37 quali-

778 1129 113 38 tate,
854 1129 88 38 non
904 1129 126 38 mutato
992 1129 214 38 praedicamento
1156 1129 151 38 qualitatis

778 1164 82 45 ita
825 1164 129 45 poterit
919 1164 106 45 tolli
990 1164 141 45 habitudo
1096 1164 129 45 essendi
1190 1164 71 45 ad
1225 1164 106 45 aliud
1284 1164 35 45 a

767 1196 186 37 fundamento
913 1196 93 37 suo
966 1196 133 37 mutato
1059 1196 226 37 praedicamento
1231 1196 80 37 rela

773 1228 127 40 tionis,
865 1228 92 40 quod
922 1228 104 40 patet
991 1228 92 40 esse
1049 1228 127 40 falsum,
1141 1228 58 40 &
1164 1228 69 40 ex
1198 1228 81 40 hoc
1233 1228 81 40 etiam

775 1266 133 41 apparet
872 1266 145 41 defectus
980 1266 145 41 secundae
1077 1266 121 41 rationis

796 1293 70 51 4
824 1293 84 51 Si
866 1293 183 51 relatiuum
1007 1293 169 51 secundum
1133 1293 98 51 rem
1175 1293 141 51 coexige-

766 1326 95 44 ret
821 1326 109 44 suum
889 1326 218 44 correlatiuum
1066 1326 95 44 non
1121 1326 123 44 solum
1189 1326 123 44 ratione

774 1360 172 45 respectus,
909 1360 86 45 sed
958 1360 111 45 etiam
1032 1360 135 45 ratione
1130 1360 185 45 fundamenti,
1266 1360 49 45 vt

770 1393 95 44 ipsi
829 1393 142 44 assumunt
936 1393 71 44 in
972 1393 118 44 vltima
1054 1393 142 44 ratione,
1161 1393 178 44 sequeretur,

777 1430 105 42 quod
843 1430 92 42 ibi
895 1430 118 42 esset
974 1430 131 42 duplex
1066 1430 210 42 coexigentia,
1236 1430 66 42 &
1249 1430 66 42 per

768 1457 186 51 consequens
914 1457 133 51 duplex
1007 1457 160 51 relatio,
1127 1457 106 51 immo
1180 1457 133 51 vlterius

767 1493 210 45 sequeretur,
935 1493 112 45 quod
1005 1493 140 45 nullum
1102 1493 210 45 fundamentum
1256 1493 56 45 re

774 1522 147 41 lationis
884 1522 110 41 esset
958 1522 98 41 quid
1019 1522 172 41 absolutum,
1154 1522 61 41 &
1178 1522 86 41 per
1215 1522 98 41 conse-

775 1558 107 48 quens
846 1558 107 48 esset
918 1558 71 48 in
953 1558 190 48 relationibus
1108 1558 155 48 processus
1227 1558 71 48 in
1251 1558 59 48 in

750 1590 136 40 finitum.

804 1614 62 48 3
828 1614 111 48 Quia,
903 1614 111 48 nulla
977 1614 136 48 relatio
1076 1614 74 48 de
1113 1614 124 48 primo,
1200 1614 62 48 &
1212 1614 99 48 secun-

766 1653 71 49 do
802 1653 95 49 modo
861 1653 95 49 erit
920 1653 130 49 relatio
1015 1653 130 49 realis;
1110 1653 83 49 nam
1157 1653 71 49 in
1181 1653 130 49 praefatis

764 1693 205 46 relationibus
931 1693 141 46 apparet
1033 1693 179 46 euidenter,
1174 1693 102 46 quod
1225 1693 90 46 nulla

769 1721 92 43 est
821 1721 92 43 ibi
874 1721 197 43 coexigentia
1031 1721 144 43 quantum
1136 1721 79 43 ad
1162 1721 144 43 fundamen-

763 1760 91 36 ta,
815 1760 143 36 videmus
919 1760 104 36 enim
984 1760 104 36 quod
1050 1760 117 36 nulla
1128 1760 91 36 est
1167 1760 143 36 exigentia

763 1790 118 36 inter
841 1790 210 36 quantitatem,
1012 1790 105 36 quae
1077 1790 131 36 fundat
1156 1790 157 36 relationem

773 1822 123 53 dupli,
859 1822 61 53 &
883 1822 196 53 quantitatem,
1043 1822 98 53 quae
1104 1822 123 53 fundat
1177 1822 123 53 relatio-

762 1856 106 40 nem
823 1856 167 40 dimidij
944 1856 167 40 quantum
1066 1856 91 40 ad
1111 1856 152 40 primum
1203 1856 106 40 modum

760 1889 186 36 relatiuorum.
911 1889 139 36 Vlterius
1016 1889 104 36 etiam
1085 1889 104 36 nulla
1155 1889 81 36 est
1190 1889 116 36 comnexi-

762 1925 130 38 gentia
853 1925 195 38 relatiuorum
1009 1925 143 38 secundi
1113 1925 117 38 modi,
1191 1925 78 38 vt
1217 1925 91 38 inter

768 1955 143 37 hominem
872 1955 91 37 qui
924 1955 130 37 fundat
1015 1955 182 37 relationem
1144 1955 156 37 paternita-

769 1989 102 35 tis;
833 1989 64 35 &
859 1989 153 35 hominem,
974 1989 89 35 qui
1025 1989 128 35 fundat
1114 1989 179 35 relationem
1242 1989 64 35 fi-

762 2020 164 54 liationis,
891 2020 59 54 &
915 2020 105 54 tamen
985 2020 141 54 constat,
1090 2020 94 54 quod
1149 2020 105 54 istae
1219 2020 94 54 sunt
1266 2020 47 54 re
