1500 2282
203 139 95 52 dam
258 139 217 52 perfectionem
434 139 81 52 ex
474 139 122 52 alio,
556 139 81 52 eo
596 139 108 52 quod
651 139 108 52 natura

212 184 99 38 suae
273 184 136 38 speciei
372 184 173 38 perfectior
509 184 87 38 est
558 184 74 38 in
595 184 74 38 eo
632 184 111 38 simul
694 184 62 38 cum

212 218 110 43 alio,
285 218 98 43 quam
347 218 74 43 in
383 218 74 43 eo
420 218 98 43 solo
481 218 98 43 sine
543 218 110 43 alio,
604 218 147 43 quapropter

211 252 121 36 dicunt
296 252 157 36 vlterius,
416 252 97 36 quod
477 252 109 36 prima
549 252 109 36 radix
610 252 145 36 relationis

210 284 126 43 realis
299 284 76 43 in
336 284 151 43 creatura
450 284 88 43 est
500 284 176 43 limitatio;
639 284 88 43 nam
676 284 76 43 quia

203 312 140 44 creatura
308 312 81 44 est
355 312 151 44 limitata,
471 312 93 44 ideo
529 312 174 44 imperfecta,
669 312 58 44 &
680 312 70 44 quia

207 348 192 44 imperfecta,
361 348 102 44 ideo
425 348 179 44 mutabilis,
565 348 64 44 &
591 348 102 44 quia
642 348 115 44 mutatur

195 386 75 41 Vt
233 386 188 41 perficiatur
384 386 88 41 per
434 386 138 41 aliquid
534 386 201 41 extrinsecum,
685 386 75 41 ideo

203 414 122 45 habet
285 414 136 45 realem
380 414 230 45 dependentiam,
569 414 68 45 &
596 414 136 45 realem
678 414 81 45 ordi

209 452 86 41 nem
258 452 73 41 ad
294 452 98 41 tale
356 452 196 41 extrinsecum:
515 452 73 41 ad
551 452 171 41 propositum
674 452 73 41 ergo

210 482 188 40 applicando,
361 482 100 40 quia
423 482 100 40 Deus
486 482 113 40 caret
561 482 100 40 omni
611 482 138 40 limitatio

207 519 93 40 ne,
260 519 67 40 &
287 519 93 40 per
340 519 187 40 consequens
487 519 107 40 omni
540 519 213 40 imperfectione,

206 549 62 36 &
230 549 209 36 mutabilitate,
403 549 135 36 idcirco
501 549 86 36 non
550 549 148 36 expectat
649 549 98 36 perfi-

206 582 75 43 ci
243 582 87 43 per
293 582 137 43 aliquid
392 582 187 43 extrinsecu,
541 582 62 43 &
566 582 87 43 per
604 582 149 43 consequens

209 618 89 37 non
260 618 126 37 potest
348 618 126 37 habere
437 618 126 37 realem
525 618 152 37 ordinem,
639 618 89 37 vel
677 618 76 37 rea-

212 647 88 38 lem
263 647 176 38 relationem
401 647 75 38 ad
439 647 138 38 aliquid
539 647 113 38 extra
615 647 88 38 se,
665 647 63 38 &
678 647 75 38 hinc

210 683 87 39 est
259 683 162 39 (secundum
384 683 100 39 eos)
446 683 100 39 quod
508 683 174 39 relationes
633 683 112 39 diuina-

205 717 96 44 rum
260 717 192 44 personarum
411 717 96 44 non
466 717 151 44 arguunt
576 717 151 44 aliquam
673 717 82 44 limi

204 747 166 40 tationem,
332 747 89 40 vel
383 747 242 40 imperfectionem,
587 747 89 40 nec
625 747 128 40 mutabili

206 784 130 36 tatem,
297 784 91 36 nec
349 784 221 36 dependentiam,
530 784 104 36 quia
595 784 91 36 non
647 784 104 36 sunt
699 784 52 36 ad

207 813 132 38 aliquid
303 813 120 38 extra;
387 813 168 38 relationes
519 813 108 38 autem
591 813 120 38 reales
663 813 84 38 crea-

205 849 141 44 turarum
308 849 129 44 semper
398 849 103 44 sunt
462 849 77 44 ad
488 849 103 44 extra.

236 881 95 37 HIC
291 881 122 37 autem
372 881 122 37 modus
453 881 149 37 dicendi
561 881 149 37 quamuis
656 881 95 37 quam-

211 911 81 48 tum
258 911 69 48 ad
292 911 127 48 aliquid
385 911 81 48 sit
431 911 104 48 satis
500 911 196 48 rationabilis,
650 911 104 48 videtur

200 947 123 44 tamen
282 947 164 44 deficere
405 947 82 44 in
432 947 123 44 duobus.

237 982 115 36 Primo,
317 982 92 36 quia
374 982 69 36 si
409 982 149 36 limitatio
523 982 103 36 esset
592 982 149 36 radicalis
696 982 57 36 cau

208 1014 65 37 sa
241 1014 152 37 relationis
360 1014 109 37 realis
436 1014 65 37 in
469 1014 141 37 creatura,
577 1014 76 37 non
621 1014 109 37 posset
686 1014 65 37 assi

206 1045 100 49 gnari
273 1045 111 49 ratio,
351 1045 100 49 quare
418 1045 123 49 relatio
507 1045 134 49 scibilis
607 1045 67 49 ad
629 1045 123 49 scientiam

203 1077 85 48 non
252 1077 85 48 sit
300 1077 134 48 realis,
398 1077 85 48 cum
446 1077 97 48 omne
507 1077 134 48 scibile
605 1077 134 48 creatum
690 1077 61 48 sit

197 1112 106 44 quid
263 1112 185 44 limitatum,
408 1112 66 44 &
422 1112 145 44 situatum.

227 1144 141 44 Secundo,
333 1144 94 44 quia
392 1144 71 44 si
428 1144 130 44 relatio
522 1144 118 44 realis
605 1144 71 44 in
628 1144 118 44 creatura

195 1178 127 43 semper
284 1178 127 43 arguit
373 1178 216 43 dependentiam,
551 1178 76 43 vt
589 1178 102 43 isti
640 1178 102 43 dicunt

200 1215 157 38 quaeratur
321 1215 73 38 ab
357 1215 97 38 eis,
418 1215 109 38 Vtrum
490 1215 97 38 ista
551 1215 181 38 dependentia
684 1215 60 38 sit

204 1247 127 37 aliquid
297 1247 115 37 aliud,
377 1247 92 37 quam
435 1247 127 37 ipsamet
527 1247 138 37 relatio,
631 1247 81 37 vel
665 1247 81 37 idem,

207 1281 75 41 non
250 1281 118 41 possunt
336 1281 107 41 dicere
410 1281 86 41 quod
464 1281 75 41 sit
507 1281 118 41 aliquid
592 1281 107 41 aliud,
656 1281 86 41 quaom-

206 1309 139 38 videmus
308 1309 177 38 manifeste,
447 1309 101 38 quod
510 1309 139 38 relatio
612 1309 89 38 non
650 1309 101 38 potest

204 1347 90 39 esse
260 1347 101 39 inter
328 1347 124 39 aliqua,
418 1347 79 39 vbi
463 1347 101 39 nulla
530 1347 79 39 sit
575 1347 124 39 praeuia
654 1347 90 39 depen-

200 1377 133 43 dentia;
296 1377 72 43 si
333 1377 97 43 vero
393 1377 121 43 dicant
477 1377 97 43 quod
538 1377 84 43 sit
586 1377 133 43 ipsamet
671 1377 72 43 rela

202 1410 103 41 tio,
267 1410 90 41 non
318 1410 129 41 habent
409 1410 194 41 propositum,
564 1410 103 41 quia
616 1410 129 41 dependen

198 1443 85 40 tia
246 1443 146 40 relatiua
356 1443 85 40 non
404 1443 134 40 videtur
501 1443 134 40 arguere
598 1443 134 40 aliquam
683 1443 61 40 ini

202 1482 196 42 perfectionem
361 1482 74 42 in
398 1482 184 42 dependente,
546 1482 98 42 nisi
607 1482 111 42 aliud
668 1482 74 42 dica

193 1512 102 42 tur,
257 1512 102 42 immo
321 1512 89 42 sic
372 1512 140 42 dicendo
474 1512 153 42 videntur
589 1512 128 42 perere
665 1512 77 42 prin

204 1543 124 36 eipium,
294 1543 90 36 quia
350 1543 79 36 nil
395 1543 101 36 aliud
463 1543 79 36 est
508 1543 124 36 dicere,
598 1543 124 36 relatio
676 1543 68 36 rea-

195 1577 88 48 lis
246 1577 125 48 arguit
333 1577 213 48 dependentiam,
509 1577 100 48 quam
572 1577 138 48 dicere,
659 1577 88 48 rela-

198 1611 86 43 tio
247 1611 123 43 arguit
320 1611 160 43 relationem.

232 1643 160 39 ESTergo
349 1643 131 39 adhuc
436 1643 131 39 alius
524 1643 131 39 modus
596 1643 146 39 dicendi,

199 1677 122 45 dicunt
284 1677 97 45 enim
345 1677 134 45 quidam,
442 1677 97 45 quod
503 1677 85 45 vbi
552 1677 85 45 est
601 1677 134 45 relatio
686 1677 61 45 rea

193 1711 80 39 lis
238 1711 69 39 ex
273 1711 103 39 parte
342 1711 149 39 vtriusque
456 1711 138 39 extremi,
560 1711 80 39 ibi
605 1711 126 39 oportet
686 1711 57 39 ne-

193 1741 149 42 cessario
304 1741 137 42 extrema
404 1741 99 42 esse
466 1741 137 42 eiusdem
565 1741 149 42 ordinis,
664 1741 75 42 Deus

190 1778 133 36 autem,
283 1778 93 36 cum
336 1778 93 36 sit
389 1778 120 36 extra
469 1778 120 36 totum
549 1778 146 36 ordinem
642 1778 107 36 creatu

197 1812 97 33 rae,
258 1812 85 33 non
306 1812 122 33 potest
392 1812 97 33 esse
453 1812 134 33 eiusdem
550 1812 134 33 ordinis
648 1812 85 33 cum
684 1812 61 33 ea,

193 1841 67 53 &
219 1841 94 53 per
273 1841 188 53 consequens
421 1841 94 53 non
475 1841 135 53 potest
569 1841 135 53 habere
663 1841 81 53 ad
690 1841 54 53 ea

197 1874 130 44 realem
275 1874 169 44 relationem,

222 1908 105 44 Haec
288 1908 118 44 autem
366 1908 131 44 opinio
458 1908 171 44 exponitur
590 1908 92 44 hoc
642 1908 105 44 modo
695 1908 39 44 a

193 1934 179 49 quibusdam,
334 1934 128 49 dicunt
424 1934 102 49 enim
488 1934 166 49 nonnulli,
616 1934 102 49 quod
667 1934 64 49 ex.

186 1972 110 38 trema
259 1972 172 38 relationis
394 1972 123 38 realis
480 1972 123 38 debent
566 1972 98 38 esse
627 1972 135 38 eiusdem

184 2007 149 57 ordinis,
295 2007 99 57 quia
357 2007 74 57 ex
394 2007 87 57 quo
444 2007 124 57 debent
530 2007 99 57 esse
592 2007 149 57 limitata
691 2007 50 57 ad

769 137 126 60 genus,
857 137 138 60 vtpote,
958 137 75 60 si
995 137 100 60 vnum
1058 137 151 60 extremum
1171 137 88 60 est
1209 137 113 60 species

768 188 150 32 limitata
881 188 75 32 ad
919 188 113 32 genus
994 188 188 32 relationis,
1144 188 63 32 &
1169 188 150 32 reliquum
1269 188 50 32 ex

770 214 126 49 tremum
858 214 100 49 sibi
921 214 88 49 con
971 214 188 49 respondens,
1122 214 113 49 debet
1197 214 100 49 esse
1248 214 75 49 spe-

775 247 94 39 cies
834 247 141 39 limitata
940 247 70 39 ad
975 247 106 39 genus
1045 247 176 39 relationis;
1186 247 94 39 Deus
1233 247 82 39 auten

779 282 152 37 respondet
896 282 164 37 relationi,
1025 282 94 37 quae
1084 282 82 37 est
1131 282 70 37 in
1166 282 152 37 creatura,
1271 282 47 37 vt

772 319 135 36 aliquid
870 319 172 36 excelleus,
1005 319 61 36 &
1029 319 196 36 illimitatum,
1189 319 61 36 &
1214 319 98 36 ideo
1263 319 61 36 nul

770 347 73 47 lo
806 347 97 47 modo
867 347 121 47 potest
952 347 73 47 ad
988 347 85 47 eam
1036 347 133 47 refetri
1133 347 157 47 relatione
1242 347 85 47 reali

804 383 136 37 Contra
900 383 123 37 autem
982 383 123 37 istam
1064 383 177 37 opinionem
1187 383 136 37 videntur

770 415 118 46 sequi
849 415 92 46 duo
888 415 224 46 inconuenientia.

804 446 138 41 Primum
901 446 110 41 est,
970 446 110 41 quia
1038 446 165 41 secundum
1162 446 124 41 istam
1231 446 83 41 viam

774 482 85 48 non
822 482 121 48 potest
907 482 157 48 assignari
1028 482 121 48 ratio,
1113 482 109 48 quare
1186 482 133 48 scibile
1270 482 61 48 non

779 515 115 45 habeat
860 515 115 45 realem
941 515 161 45 relationem
1068 515 69 45 ad
1102 515 161 45 scientiam,
1217 515 104 45 constat

771 549 127 39 namque
860 549 140 39 scibile
962 549 89 39 non
1012 549 216 39 correspondere
1177 549 140 39 relationi

771 589 93 39 quae
830 589 81 39 est
876 589 70 39 in
911 589 151 39 scientia,
1027 589 70 39 vt
1062 589 128 39 aliquid
1144 589 174 39 transcendens,

771 618 65 32 &
797 618 208 32 illimitatum,
966 618 65 32 &
992 618 208 32 confirmatur,
1162 618 104 32 quia
1214 618 104 32 potest

765 650 188 36 contingere
912 650 188 36 quandoque,
1059 650 107 36 quod
1126 650 121 36 etiam
1193 650 121 36 quantum

773 684 75 46 ad
810 684 149 46 obiectum
922 684 137 46 scibile
1021 684 87 46 sit
1071 684 137 46 eiusdem
1171 684 137 46 generis
1258 684 62 46 cum

771 713 148 52 scientia,
885 713 68 52 si
919 713 125 52 scibile
1010 713 80 52 sit
1056 713 125 52 aliquid
1147 713 68 52 de
1181 713 114 52 genere
1250 713 68 52 qua

763 747 90 47 litatis

797 774 156 55 Secundum
914 774 208 55 inconueniens
1084 774 104 55 est,
1149 774 104 55 quia
1214 774 78 55 si
1240 774 78 55 ideo

774 810 107 41 Deus
841 810 94 41 non
894 810 121 41 habet
975 810 134 41 realem
1068 810 188 41 relationem
1216 810 80 41 ad
1243 810 80 41 crea

764 850 126 41 turas,
853 850 101 41 quia
916 850 88 41 non
966 850 88 41 est
1017 850 139 41 eiusdem
1118 850 139 41 ordinis
1219 850 88 41 cum
1257 850 63 41 ea,

780 882 89 39 ari
831 882 140 39 ratione
933 882 153 39 creatura
1048 882 89 39 non
1099 882 140 39 habebit
1201 882 128 39 realem
1278 882 51 39 re

767 913 156 42 lationem
884 913 78 42 ad
923 913 117 42 Deum,
1001 913 104 42 quia
1067 913 91 42 non
1119 913 91 42 est
1171 913 143 42 eiusdem
1262 913 52 42 on

768 947 116 40 dinis
846 947 90 40 cum
897 947 90 40 eo,
949 947 90 40 hoc
1001 947 116 40 autem
1078 947 90 40 est
1117 947 194 40 inconueniens,

773 979 70 48 vt
808 979 70 48 de
844 979 70 48 se
879 979 117 48 patet,
949 979 82 48 ergo.

794 1004 134 54 Propter
891 1004 97 54 quae
952 1004 110 54 omnia
1025 1004 110 54 adhuc
1098 1004 85 54 est
1147 1004 97 54 alia
1208 1004 97 54 via,
1257 1004 73 54 quam

769 1045 132 36 tangit
861 1045 79 36 D.
901 1045 172 36 Aegidius,
1033 1045 119 36 dicit
1113 1045 119 36 enim,
1192 1045 106 36 quod
1245 1045 66 36 cum

765 1078 98 37 sint
826 1078 98 37 tria
887 1078 123 37 genera
973 1078 172 37 elationum,
1108 1078 74 37 vt
1145 1078 110 37 patet
1219 1078 74 37 ex
1243 1078 74 37 quin

766 1116 70 38 to
801 1116 117 38 Metaph
884 1116 164 38 relationes
1013 1116 117 38 tertij
1095 1116 106 38 modi,
1165 1116 141 38 scilicet
1259 1116 59 38 men

762 1145 121 39 surae,
847 1145 61 39 &
871 1145 157 39 mensurati
992 1145 85 39 non
1040 1145 97 39 sunt
1101 1145 121 39 reales
1186 1145 73 39 ex
1210 1145 109 39 vtraque

769 1179 120 49 parte,
853 1179 108 49 sicut
926 1179 108 49 patet
998 1179 72 49 ex
1034 1179 169 49 intentione
1166 1179 145 49 Aristot.
1263 1179 60 49 ibi

763 1208 112 49 enim,
837 1208 100 49 vult
900 1208 100 49 quod
962 1208 112 49 illa,
1037 1208 100 49 quae
1099 1208 162 49 pertinent
1224 1208 75 49 ad
1249 1208 62 49 ge-

767 1244 85 38 nus
815 1244 158 38 mensurae,
937 1244 85 38 non
986 1244 182 38 referantur,
1132 1244 97 38 nisi
1192 1244 97 38 quia
1241 1244 73 38 alia

766 1278 174 38 referuntur
902 1278 75 38 ad
939 1278 112 38 ipsa,
1014 1278 87 38 hoc
1064 1278 99 38 idem
1126 1278 112 38 etiam
1200 1278 99 38 vult
1250 1278 62 38 Com

765 1313 128 41 ibidem
855 1313 128 41 dicens
945 1313 103 41 quod
1009 1313 77 41 in
1047 1313 128 41 tertio
1137 1313 103 41 modo
1189 1313 115 41 relati-

766 1347 108 31 uorum
838 1347 132 31 relatio
934 1347 84 31 non
982 1347 84 31 est
1030 1347 72 31 in
1066 1347 168 31 substantia
1186 1347 108 31 vtriusd

763 1385 141 38 extremi,
869 1385 82 38 sed
916 1385 141 38 alterius
1022 1385 130 38 tantum,
1117 1385 141 38 scilicet
1211 1385 94 38 ipsius

766 1414 172 35 mensurati,
901 1414 74 35 ex
938 1414 86 35 quo
987 1414 172 35 colligitur
1122 1414 123 35 nullam
1195 1414 111 35 relatio

764 1444 89 43 nem
815 1444 76 43 de
853 1444 126 43 genere
941 1444 152 43 mensurae
1055 1444 101 43 esse
1118 1444 139 43 realem,
1220 1444 63 43 &
1232 1444 76 43 quia

762 1475 117 46 omnes
840 1475 182 46 relationes
983 1475 91 46 Dei
1035 1475 78 46 ad
1074 1475 169 46 creaturam
1204 1475 104 46 sunt
1256 1475 52 46 de

757 1516 129 38 genere
847 1516 167 38 mensurae,
976 1516 142 38 idcirco
1079 1516 155 38 sequitur
1182 1516 129 38 necessa-

765 1547 86 41 rio,
819 1547 86 41 quod
872 1547 96 41 nulla
937 1547 96 41 talis
1001 1547 118 41 relatio
1086 1547 75 41 sit
1129 1547 118 41 realis.
1215 1547 64 41 Si
1236 1547 75 41 auten

765 1580 147 41 arguatur
875 1580 122 41 contra
960 1580 85 41 eum
1009 1580 98 41 quod
1070 1580 98 41 Deus
1131 1580 147 41 respicit
1229 1580 73 41 crea

766 1613 128 43 turam,
856 1613 90 43 non
907 1613 115 43 solum
984 1613 77 43 in
1022 1613 141 43 ratione
1125 1613 166 43 mensurae,
1240 1613 64 43 sed

760 1645 112 44 etiam
834 1645 74 44 in
871 1645 136 44 ratione
970 1645 198 44 producentis,
1131 1645 149 44 secundum
1231 1645 74 44 quen

755 1675 127 51 modum
840 1675 170 51 pertinet
967 1675 85 51 ad
1009 1675 170 51 secundum
1136 1675 127 51 genus
1207 1675 99 51 rela

750 1707 135 41 tiuorum.

804 1741 195 44 Respondet,
957 1741 112 44 quod
1027 1741 153 44 relatio
1125 1741 181 44 producentis

758 1772 161 38 coincidit
881 1772 87 38 ibi
931 1772 87 38 cum
980 1772 161 38 relatione
1104 1772 161 38 mensurae,
1215 1772 87 38 cuius

758 1809 111 38 ratio
831 1809 86 38 est
881 1809 160 38 (secundum
1003 1809 98 38 eum)
1065 1809 98 38 quia
1126 1809 86 38 vbi
1175 1809 86 38 est
1212 1809 86 38 rela-

762 1844 85 34 tio
810 1844 181 34 producentis
955 1844 133 34 realis,
1052 1844 85 34 ibi
1100 1844 133 34 oportet
1197 1844 97 34 quod
1246 1844 60 34 sit

751 1879 120 32 facta,
835 1879 84 32 vel
883 1879 168 32 possibilis
1015 1879 108 32 fieri
1087 1879 132 32 mutatio
1183 1879 120 32 aliqua
1255 1879 48 32 in

761 1909 199 46 producente,
920 1909 66 46 &
946 1909 106 46 quia
1013 1909 80 46 in
1052 1909 93 46 Deo
1105 1909 186 46 producente
1238 1909 66 46 non

757 1946 79 33 est
802 1946 101 33 facta
869 1946 79 33 nec
914 1946 157 33 possibilis
1038 1946 101 33 fieri
1105 1946 112 33 aliqua
1184 1946 135 33 mutatio,

751 1975 142 43 idcirco
854 1975 206 43 relinquitur,
1022 1975 103 43 quod
1087 1975 116 43 eodem
1164 1975 103 43 modo
1216 1975 90 43 inci-

754 2012 96 50 piat
814 2012 72 50 in
850 2012 72 50 eo
886 2012 132 50 relatio
982 2012 192 50 producentis,
1137 2012 60 50 &
1161 2012 132 50 relatio
1245 2012 60 50 me
