1500 2292
159 169 69 53 2
187 169 124 53 lllae
269 169 206 53 relationes,
434 169 110 53 quae
502 169 178 53 fundantur
626 169 96 53 super

166 212 143 40 vnitatem
274 212 155 40 rationis,
393 212 84 40 non
441 212 96 40 sunt
501 212 132 40 reales,
596 212 84 40 sed
632 212 84 40 simi-

169 241 126 36 litudo,
260 241 57 36 &
283 241 172 36 aequalitas,
421 241 115 36 saltem
502 241 69 36 in
536 241 161 36 creaturis,
651 241 69 36 fun-

156 275 118 45 dantur
239 275 107 45 super
310 275 130 45 vnitate
405 275 166 45 specifica,
535 275 95 45 quae
595 275 83 45 est
630 275 83 45 vnita

162 312 157 40 rationis,
283 312 73 40 vt
319 312 73 40 ad
356 312 145 40 praesens
465 312 182 40 supponitur,
610 312 97 40 ergo
658 312 61 40 &c.

159 342 63 45 3
185 342 76 45 Si
222 342 126 45 essent
311 342 176 45 relationes
449 342 126 45 reales
538 342 151 45 dicerent
638 342 76 45 ali-

163 383 102 38 quid
227 383 154 38 posituum
343 383 77 38 in
381 383 102 38 Deo,
445 383 77 38 at
483 383 90 38 non
535 383 128 38 dicunt
612 383 102 38 alique

171 410 159 44 posituum:
293 410 86 44 Nam
342 410 110 44 dicit
416 410 147 44 Magister
526 410 74 44 in
563 410 135 44 litera,
649 410 74 44 quod

161 447 163 46 praedicta
287 447 125 46 nomina
374 447 75 46 in
412 447 138 46 diuinis
512 447 88 46 non
562 447 150 46 videntur
662 447 63 46 ali

169 477 103 43 quid
234 477 142 43 ponere,
337 477 90 43 sed
388 477 155 43 remouere
504 477 77 43 Et
543 477 206 43 confirmatur,

171 510 90 46 quia
227 510 68 46 si
261 510 113 46 essent
340 510 158 46 relationes
464 510 113 46 reales
543 510 68 46 in
577 510 136 46 diuinis,
668 510 56 46 se-

167 543 158 46 queretur,
289 543 97 46 quod
349 543 85 46 ibi
398 543 122 46 essent
483 543 170 46 relationes
617 543 134 46 plures,

162 577 112 42 quam
232 577 168 42 quatuor,
358 577 112 42 quod
428 577 140 42 quidem
527 577 154 42 videtur
625 577 98 42 pror-

160 612 101 39 sus
217 612 158 39 alienum
332 612 86 39 ab
376 612 202 39 intentione
534 612 158 39 communi
635 612 86 39 San

118 644 320 40 ctorum..

144 680 375 41 ARGVITVR
425 680 219 41 PRO
518 680 219 41 PARTE

251 711 302 44 affirmatiun.

183 720 182 70 Imilitudo,
326 720 65 70 &
352 720 182 70 aequalitas
494 720 104 70 sunt
559 720 169 70 passiones
676 720 52 70 re

173 777 94 45 rum
226 777 214 45 existentium,
400 777 80 45 vt
441 777 121 45 puta,
521 777 188 45 similitudo
655 777 67 45 est

172 818 115 37 passio
253 818 173 37 qualitatis,
391 818 58 37 &
414 818 161 37 aequalitas
541 818 115 37 passio
610 818 115 37 quantita

163 848 96 38 tis,
223 848 60 38 &
247 848 72 38 ex
283 848 180 38 consequenti
427 848 96 38 sunt
487 848 120 38 reales
571 848 180 38 relationes,

171 883 145 41 quoniam
276 883 92 41 ens
329 883 158 41 rationis
447 883 92 41 non
500 883 92 41 est
552 883 131 41 passio
631 883 92 41 entis

124 917 696 38 realis.

162 943 132 44 RES
237 943 207 44 PONDEO:
388 943 113 44 In
445 943 151 44 ista
520 943 207 44 questione

163 981 131 35 tria
244 981 213 35 occurrunt
408 981 147 35 nobis
506 981 245 35 examinanda.

164 1013 62 42 1
188 1013 75 42 An
226 1013 162 42 identitas
351 1013 87 42 sit
401 1013 137 42 relatio
500 1013 137 42 realis,
600 1013 87 42 vel
638 1013 87 42 solum

168 1047 177 42 secundum
286 1047 162 42 rationem.

202 1080 64 36 2
228 1080 77 36 An
266 1080 193 36 similitudo,
421 1080 64 36 &
446 1080 180 36 aequalitas
588 1080 77 36 in
613 1080 116 36 creatu-

165 1115 91 40 ris
217 1115 169 40 fundentur
347 1115 117 40 super
425 1115 156 40 vnitatem
529 1115 169 40 specificam.

199 1147 65 37 3
225 1147 78 37 An
264 1147 105 37 sint
330 1147 183 37 relationes
474 1147 131 37 reales
565 1147 78 37 in
604 1147 105 37 Deo,
657 1147 65 37 vel

166 1185 253 38 priuatiuae
365 1185 163 38 solum
455 1185 199 38 dicantur.

219 1247 323 43 ARTICVLVS
443 1247 224 43 PRIMVS.

195 1317 126 48 Vtrum
279 1317 181 48 Identitas
418 1317 98 48 sit
474 1317 153 48 relatio
572 1317 153 48 rationis.

250 1486 65 35 D
276 1486 91 35 hoc
328 1486 129 35 dicunt
418 1486 129 35 quidam
509 1486 91 35 non
561 1486 104 35 esse
613 1486 117 35 relatio

172 1492 107 68 nem
233 1492 198 68 rationis,
385 1492 107 68 sed
446 1492 168 68 realem:
568 1492 122 68 quam
629 1492 91 68 opi-

173 1553 151 34 nionem
279 1553 182 34 roborare
415 1553 182 34 niruntur
551 1553 151 34 duabus
642 1553 91 34 con-

170 1584 203 41 clusionibus,
335 1584 127 41 quarum
424 1584 114 41 prima
500 1584 102 41 est,
551 1584 178 41 ldentitatem.

175 1614 106 45 esse
241 1614 186 45 relationem
387 1614 146 45 realem.
493 1614 146 45 Secunda
599 1614 106 45 vero
652 1614 80 45 est,

171 1650 100 37 non
228 1650 115 37 esse
300 1650 201 37 relationem
458 1650 172 37 secundum
572 1650 158 37 rationem.

200 1681 156 46 PRIMAM
310 1681 172 46 probant
435 1681 235 46 dupliciter,
623 1681 78 46 &
638 1681 94 46 pri-

169 1718 91 44 mo
199 1718 91 44 sic.

197 1748 136 41 Quando
293 1748 136 41 aliqua
388 1748 95 41 duo
442 1748 109 41 sunt
510 1748 163 41 opposita
619 1748 109 41 contra

175 1788 93 37 rie,
234 1788 140 37 vtrunque
339 1788 128 37 illorum
432 1788 82 37 est
479 1788 93 37 quid
537 1788 117 37 reale,
619 1788 82 37 sed
654 1788 70 37 iden

183 1819 121 44 titas,
268 1819 61 44 &
292 1819 170 44 diuersitas
426 1819 97 44 sunt
486 1819 146 44 opposita
583 1819 146 44 contrarie,

181 1849 100 50 quia
244 1849 88 50 non
294 1849 238 50 contradictorie,
495 1849 88 50 nec
545 1849 175 50 priuatiue,
670 1849 63 50 nec

170 1885 177 43 relatiue,
307 1885 109 43 ergo
361 1885 55 43 &c

171 1917 214 43 Confirmant
339 1917 137 43 autem
430 1917 122 43 hanc
506 1917 198 43 rationem,
644 1917 92 43 quia

174 1952 78 35 si
213 1952 104 35 vnum
278 1952 208 35 contrariorum
447 1952 91 35 est
500 1952 104 35 quid
565 1952 130 35 reale,
656 1952 65 35 &
669 1952 65 35 re-

176 1984 128 40 liquum,
270 1984 82 40 sed
316 1984 164 40 diuersitas
445 1984 82 40 est
492 1984 128 40 relatio
585 1984 128 40 realis,
667 1984 70 40 ergo

151 2021 219 40 &
195 2021 482 40 Identitas

209 2050 124 46 llia,
292 2050 110 46 quae
360 2050 206 46 condiuidunt
525 2050 151 46 aliquod
621 2050 110 46 commu

739 167 74 47 ne
776 167 123 47 reale,
862 167 148 47 vtrunque
973 167 111 47 eorum
1047 167 86 47 est
1097 167 99 47 quid
1158 167 123 47 reale,
1232 167 62 47 sed

733 211 134 42 idem,
822 211 74 42 &
852 211 178 42 diuersum
985 211 178 42 diuidunt
1119 211 134 42 totum
1193 211 104 42 genus

736 247 157 37 entis
840 247 192 37 realis,
980 247 140 37 ergo
1050 247 87 37 &c.

761 276 216 43 SECVNDAM
923 276 198 43 probant
1066 276 234 43 deducendo
1228 276 72 43 ad

732 309 146 45 tria
805 309 309 45 inconuenientia.

742 342 123 45 Primum
828 342 99 45 est,
890 342 99 45 quia
951 342 74 45 si
988 342 160 45 identitas
1112 342 86 45 est
1161 342 136 45 relatio
1248 342 49 45 se

738 377 133 37 cundum
831 377 173 37 rationem,
964 377 173 37 sequitur,
1097 377 106 37 quod
1163 377 120 37 nihil
1230 377 66 37 sit

739 411 95 44 sibi
798 411 95 44 ipsi
857 411 95 44 idem
917 411 83 44 per
964 411 83 44 se:
1011 411 189 44 Consequentia
1165 411 154 44 probatur,

734 445 113 42 quia
805 445 113 42 omne
876 445 142 42 habens
975 445 213 42 identitatem
1131 445 170 42 includeret

736 486 85 32 ens
784 486 158 32 rationis,
906 486 61 32 &
930 486 97 32 quia
991 486 85 32 ens
1039 486 158 32 rationis,
1161 486 61 32 &
1185 486 85 32 ens
1221 486 73 32 rea-

739 511 80 35 le
779 511 146 35 faciunt
885 511 107 35 vnum
952 511 93 35 per
1005 511 173 35 accidens,
1138 511 107 35 omne
1191 511 107 35 habens

735 546 185 39 identitatem
882 546 111 39 esset
956 546 98 39 sibi
1018 546 98 39 ipsi
1079 546 98 39 idem
1141 546 86 39 per
1178 546 123 39 accidens

767 577 161 43 Secundum
887 577 107 43 est,
954 577 107 43 quia
1021 577 201 43 sequeretur,
1182 577 107 43 quod
1235 577 67 43 nul

746 612 79 47 lus
791 612 102 47 esset
859 612 90 47 sibi
915 612 90 47 ipsi
972 612 90 47 idem
1028 612 79 47 nec
1073 612 79 47 per
1118 612 79 47 se,
1164 612 79 47 nec
1209 612 79 47 per
1243 612 56 47 ac-

742 647 148 36 cidens,
849 647 216 36 Consequentia
1025 647 175 36 probatur,
1159 647 108 36 quia
1213 647 81 36 omne

747 679 83 46 per
795 679 142 46 accidens
901 679 154 46 reducitur
1020 679 71 46 ad
1056 679 83 46 per
1103 679 83 46 se,
1151 679 71 46 si
1186 679 95 46 ergo
1234 679 59 46 ni-

737 714 85 44 hil
786 714 85 44 est
834 714 97 44 sibi
895 714 97 44 ipsi
956 714 97 44 idem
1017 714 85 44 per
1066 714 85 44 se,
1114 714 158 44 sequitur,
1224 714 73 44 quod

733 750 175 33 nec
833 750 175 33 per
908 750 250 33 accidens

779 780 139 45 Tertium
881 780 202 45 inconueniens
1045 780 101 45 est,
1108 780 101 45 quia
1172 780 101 45 erit
1222 780 76 45 pro-

739 812 125 37 cessus
826 812 75 37 in
863 812 162 37 infinitum
988 812 75 37 in
1025 812 199 37 relationibus
1174 812 125 37 fecundum

741 847 177 45 rationem,
878 847 218 45 Consequentia
1055 847 177 45 probatur,
1191 847 109 45 quia
1246 847 55 45 si

738 883 81 36 ens
785 883 104 36 reale
854 883 81 36 est
900 883 93 36 sibi
958 883 93 36 ipsi
1016 883 93 36 idem
1074 883 150 36 relatione
1178 883 116 36 secundum

738 913 152 42 rationem,
855 913 94 42 pari
914 913 129 42 ratione
1007 913 59 42 &
1031 913 94 42 illa
1089 913 129 42 relatio
1183 913 94 42 erit
1230 913 70 42 sibi

745 947 116 41 eadem
823 947 103 41 alia
887 947 168 41 relatione
1017 947 155 41 secundum
1133 947 168 41 rationem,
1262 947 65 41 &

743 981 87 42 sic
792 981 198 42 procederetur
953 981 74 42 in
990 981 173 42 infinitum,
1127 981 87 42 hoc
1176 981 111 42 autem
1238 981 62 42 non

747 1012 150 38 potest
852 1012 135 38 dari,
941 1012 120 38 ergo
1001 1012 60 38 &c

770 1044 169 43 Opinionem
900 1044 104 43 hanc
965 1044 130 43 tribus
1056 1044 78 43 de
1095 1044 130 43 causis
1173 1044 130 43 reiitio.

777 1078 126 38 Primo,
866 1078 101 38 quia
929 1078 88 38 est
979 1078 126 38 contra
1067 1078 126 38 Arist.
1155 1078 76 38 5.
1181 1078 113 38 Metaph-

742 1109 86 44 vbi
791 1109 111 44 vult,
865 1109 99 44 quod
926 1109 74 44 in
963 1109 86 44 eo,
1013 1109 99 44 quod
1074 1109 86 44 est
1124 1109 99 44 sibi
1185 1109 111 44 idem,
1247 1109 49 44 si

752 1148 102 38 vnum
816 1148 178 38 accipiatur
955 1148 76 38 vt
993 1148 102 38 duo,
1057 1148 114 38 talis
1133 1148 152 38 acceptio
1235 1148 63 38 non

750 1180 117 36 possit
832 1180 94 36 esse
891 1180 94 36 nisi
949 1180 82 36 per
996 1180 105 36 actum
1066 1180 152 36 rationis,
1183 1180 58 36 &
1206 1180 82 36 sic
1242 1180 58 36 re-

746 1214 123 37 latio,
832 1214 98 37 quae
893 1214 148 37 sequitur
1004 1214 111 37 talem
1078 1214 197 37 acceptionem,
1225 1214 74 37 erit

660 1251 546 36 rationis.

743 1281 160 42 Secundo,
863 1281 107 42 quia
929 1281 93 42 est
983 1281 133 42 contra
1076 1281 200 42 intentionem
1223 1281 80 42 eius

742 1314 92 43 dem
794 1314 79 43 in
834 1314 250 43 Praedicamentis,
1044 1314 92 43 vbi
1097 1314 118 43 vult,
1176 1314 105 43 quod
1228 1314 79 43 tota

744 1349 106 42 ratio
815 1349 164 42 relationis
944 1349 153 42 consistat
1061 1349 70 42 in
1096 1349 70 42 ad
1132 1349 106 42 aliud
1202 1349 70 42 se
1226 1349 70 42 habe

746 1385 86 40 re,
795 1385 86 40 vbi
844 1385 99 40 ergo
906 1385 86 40 non
955 1385 86 40 est
1004 1385 123 40 aliud,
1091 1385 62 40 &
1115 1385 111 40 aliud
1177 1385 123 40 secundum

742 1413 105 46 rem,
807 1413 92 46 sed
860 1413 118 46 solum
938 1413 157 46 secundum
1056 1413 170 46 rationem,
1187 1413 92 46 ibi
1240 1413 92 46 non

750 1448 110 47 potest
827 1448 88 47 esse
882 1448 88 47 nisi
937 1448 121 47 relatio
1025 1448 143 47 rationis,
1134 1448 77 47 sed
1178 1448 77 47 ita
1222 1448 77 47 est
1255 1448 44 47 in

738 1482 360 38 identitate,
1026 1482 192 38 ergo
1122 1482 120 38 &c.

766 1514 136 48 Tertio,
864 1514 99 48 quia
926 1514 148 48 implicat
1037 1514 247 48 contradictionem,
1234 1514 62 48 con

747 1550 101 45 stat
811 1550 114 45 inim,
887 1550 101 45 quod
950 1550 139 45 relatio
1051 1550 89 45 est
1102 1550 127 45 quedam
1178 1550 114 45 opposit

748 1587 93 40 tio,
807 1587 58 40 &
830 1587 81 40 per
876 1587 163 40 consequens
1004 1587 116 40 realis
1086 1587 128 40 relatio
1179 1587 81 40 est
1214 1587 81 40 quae-

747 1613 87 43 dam
796 1613 125 43 realis
884 1613 162 43 opposito,
1008 1613 62 43 &
1033 1613 137 43 quaedam
1133 1613 125 43 realis
1208 1613 87 43 alie-

754 1651 93 38 tas;
812 1651 93 38 idem
870 1651 104 38 ergo,
939 1651 93 38 quod
997 1651 127 38 habebit
1090 1651 69 38 in
1125 1651 69 38 se
1148 1651 150 38 idenuitaten

749 1684 138 34 habebit
850 1684 75 34 in
887 1684 75 34 se
925 1684 125 34 realem
1012 1684 213 34 oppositionem,
1187 1684 63 34 &
1200 1684 100 34 realem

739 1719 178 41 alietatem,
879 1719 64 41 &
905 1719 89 41 per
956 1719 178 41 consequens
1095 1719 102 41 idem
1159 1719 102 41 erit
1210 1719 89 41 idem,

747 1750 78 44 &
779 1750 109 44 non
825 1750 109 44 idem.

759 1780 142 39 Motiua
858 1780 127 39 etiam
943 1780 170 39 superius
1070 1780 156 39 inducta
1184 1780 99 39 non
1226 1780 71 39 co

501 1816 798 41 unt.

776 1851 80 43 Ad
816 1851 133 43 primum
908 1851 106 43 dici
975 1851 146 43 potest,
1081 1851 106 43 quod
1134 1851 159 43 identitas,

739 1885 68 36 &
767 1885 191 36 diuersitas
917 1885 191 36 opponuntur
1066 1885 150 36 ratione
1162 1885 136 36 fundamen

740 1918 134 40 torum,
833 1918 94 40 vel
887 1918 147 40 ratione
994 1918 120 40 eorum
1074 1918 107 40 quae
1141 1918 107 40 sunt
1194 1918 107 40 annexa

728 1953 243 33 suis
849 1953 426 33 fundamentis.

757 1979 95 51 Vel
812 1979 136 51 posset
907 1979 122 51 dici,
988 1979 109 51 quod
1056 1979 95 51 non
1110 1979 190 51 opponuntur
1246 1979 68 51 com

745 2020 142 42 trarie,
848 2020 90 42 sed
900 2020 181 42 priuatiue,
1042 2020 194 42 quemadmodum
1197 2020 90 42 ens
1235 2020 65 42 rea

727 2054 202 49 le,
843 2054 144 49 &
900 2054 202 49 uns
987 2054 317 49 rationis.
