1500 2291
184 174 113 42 cdum
255 174 227 42 substantiam,
439 174 99 42 non
496 174 142 42 quidem
581 174 184 42 formaliter,

198 212 92 43 sed
250 212 262 43 fundamentaliter;
473 212 92 43 Nam
526 212 144 43 videmus
631 212 79 43 in
657 212 92 43 crea-

188 245 128 36 turis,
278 245 102 36 quod
342 245 192 36 similitudo,
495 245 64 36 &
521 245 179 36 aequalitas
649 245 102 36 semper

183 283 191 39 denominant
334 283 191 39 formaliter
484 283 191 39 fundamenta
635 283 109 39 sua,
703 283 68 39 &

189 314 132 40 faciunt
285 314 72 40 ea
321 314 143 40 realiter
428 314 143 40 referri;
536 314 132 40 dicimus
631 314 96 40 enim
679 314 72 40 quod

190 348 92 32 haec
247 348 149 32 quantitas
361 348 80 32 est
407 348 138 32 aequalis
510 348 103 32 illi,
579 348 57 32 &
602 348 138 32 realiter
694 348 57 32 re-

186 380 133 36 cfertur
282 380 72 36 ad
319 380 121 36 illam;
403 380 121 36 Siergo
488 380 121 36 diuina
572 380 169 36 substantia
693 380 60 36 est

179 413 198 34 fundamentum
337 413 224 34 aequalitatis,
522 413 66 34 &
548 413 185 34 aequalitas
680 413 66 34 est

186 445 129 40 relatio
280 445 117 40 realis
362 445 82 40 (vt
409 445 94 40 isti
467 445 129 40 dicunt)
561 445 140 40 sequitur
654 445 94 40 neces-

181 479 128 41 sario,
271 479 103 41 quod
335 479 128 41 diuina
425 479 180 41 substantia
566 479 77 41 in
605 479 116 41 Patre
669 479 77 41 deno

185 511 149 45 minetur
294 511 189 45 formaliter
442 511 176 45 aequalis,
577 511 68 45 &
604 511 108 45 quod
658 511 95 45 pater

189 545 164 42 referatur
316 545 152 42 realiter
429 545 152 42 secundum
543 545 202 42 substantiam.
694 545 51 42 ad

185 576 148 41 filium:
292 576 162 41 Rationes
414 576 121 41 autem
495 576 121 41 huius
576 576 175 41 opinionis
697 576 54 41 su

194 615 121 40 perius
278 615 145 40 inductae
387 615 84 40 non
435 615 133 40 cogunt,
532 615 72 40 vt
568 615 72 40 in
604 615 97 40 fine
652 615 97 40 istius

170 643 291 46 alticuli
364 643 242 46 patebit.

209 676 78 38 Et
248 676 104 38 ideo
313 676 91 38 est
364 676 104 38 alia
429 676 142 38 opinio,
533 676 104 38 quae
598 676 142 38 tenetur
688 676 52 38 ma

189 714 91 38 gis
241 714 195 38 communiter,
397 714 104 38 quod
462 714 117 38 istae
539 714 182 38 relationes
682 714 91 38 non

187 745 101 41 sint
251 745 139 41 reales:
352 745 101 41 haec
415 745 114 41 autem
491 745 127 41 opinio
580 745 152 41 probatur
693 745 63 41 a
706 745 38 41 D

188 775 155 43 Aegidio
300 775 98 43 hoc
357 775 126 43 modo;
441 775 126 43 Dicit
525 775 126 43 enim,
609 775 112 43 quod
666 775 84 43 sunt

183 811 159 37 quaedam
298 811 202 37 relationes
457 811 173 37 similium
587 811 159 37 nominum
688 811 58 37 ex

181 848 137 38 vtraque
280 848 124 38 parte,
367 848 112 38 puta,
442 848 112 38 illae
517 848 100 38 quae
579 848 162 38 fundantur
691 848 62 38 su-

185 879 89 42 per
236 879 89 42 vno
287 879 76 42 in
325 879 191 42 substantia,
478 879 191 42 quantitate,
631 879 64 42 &
643 879 102 42 quali-

188 915 102 39 tate,
256 915 137 39 scilicet
358 915 159 39 identitas,
483 915 171 39 aequalitas,
620 915 57 39 &
631 915 114 39 similitu

185 948 94 37 do:
238 948 147 37 quaedam
345 948 107 37 vero
412 948 107 37 sunt
479 948 201 37 dissimilium
626 948 121 37 nominum

180 977 70 41 &
208 977 126 41 istae
292 977 154 41 directe
404 977 196 41 diuiduntur
559 977 168 41 secundum
671 977 84 41 tres

167 1010 127 44 modos
252 1010 155 44 positos
365 1010 85 44 in
407 1010 85 44 5.
449 1010 141 44 Metaph
548 1010 141 44 vtpote
633 1010 113 44 secun-

190 1045 106 37 dum
250 1045 167 37 numerum
372 1045 167 37 quantum
493 1045 91 37 ad
539 1045 167 37 primum,
645 1045 106 37 secun

184 1080 98 44 dum
240 1080 183 44 potentiam
381 1080 169 44 actiuam,
507 1080 70 44 &
535 1080 169 44 passiuam
648 1080 98 44 quan-

185 1116 105 40 tum
245 1116 90 40 ad
290 1116 194 40 secundum:
439 1116 75 40 &
469 1116 179 40 secundum
604 1116 179 40 mensuram

195 1143 75 39 &
225 1143 224 39 mensuratum,
404 1143 164 39 quantum
523 1143 90 39 ad
568 1143 164 39 tertium
672 1143 75 39 mo-

196 1179 112 37 dum.
266 1179 196 37 Conueniunt
420 1179 126 37 autem
503 1179 196 37 relationes
643 1179 98 37 simi-

185 1206 108 41 lium
253 1206 149 41 nominum
361 1206 95 41 cum
415 1206 216 41 relationibus
578 1206 162 41 dissimiliu

186 1244 159 37 nominum:
305 1244 106 37 quia
371 1244 119 37 sicut
450 1244 185 37 relationes
582 1244 172 37 dissimilium

184 1278 154 45 nominum
296 1278 112 45 sunt
366 1278 140 45 reales
464 1278 154 45 quantum
576 1278 84 45 ad
618 1278 112 45 duos
674 1278 70 45 pri

178 1317 97 38 mos
233 1317 138 38 modos,
330 1317 110 38 sunt
399 1317 110 38 vero
468 1317 166 38 rationis
592 1317 152 38 quantum
689 1317 55 38 ad

187 1344 135 45 tertium
285 1344 110 45 modum
359 1344 123 45 saltem
444 1344 74 45 ex
481 1344 123 45 altera
567 1344 123 45 parte,
641 1344 98 45 scili-

176 1378 84 41 cet
224 1378 72 41 ex
260 1378 109 41 parte
333 1378 157 41 mensurae,
453 1378 84 41 sic
502 1378 109 41 etiam
574 1378 169 41 relationes
695 1378 48 41 si

183 1410 149 44 milium
287 1410 164 44 nominum
406 1410 119 44 sunt
481 1410 149 44 reales
585 1410 164 44 quantum
689 1410 60 44 ad

188 1444 104 45 duos
253 1444 130 45 modos,
344 1444 156 45 scilicet
461 1444 143 45 quantum
565 1444 78 45 ad
591 1444 156 45 aequalita-

188 1480 93 40 tem,
246 1480 58 40 &
270 1480 209 40 similitudinem,
443 1480 93 40 sunt
501 1480 93 40 vero
559 1480 151 40 rationis,
663 1480 70 40 quam

184 1514 100 33 tum
241 1514 85 33 ad
283 1514 114 33 vnum
355 1514 142 33 modum,
454 1514 171 33 scilicet
582 1514 157 33 quantum
682 1514 57 33 ad

186 1547 217 36 identitatem:
363 1547 190 36 Quapropter
512 1547 122 36 sicut
594 1547 149 36 videmus
689 1547 54 36 in

185 1581 206 41 relationibus
353 1581 193 41 dissimilium
507 1581 155 41 nominum,
623 1581 103 41 quod
675 1581 64 41 vbi

183 1614 136 40 relatio
282 1614 124 40 realis
368 1614 161 40 coincidit
492 1614 87 40 cum
541 1614 173 40 relatione,
665 1614 74 40 quae

179 1646 89 45 est
230 1646 153 45 secundum
345 1646 166 45 rationem,
472 1646 89 45 ibi
523 1646 89 45 non
574 1646 89 45 est
613 1646 127 45 vlterius

181 1677 113 43 realis
260 1677 136 43 relatio,
362 1677 102 43 sicut
430 1677 113 43 patuit
509 1677 136 43 superius
611 1677 68 43 in
634 1677 102 43 distin-

189 1712 118 38 ctione
272 1712 178 38 praecedente
414 1712 71 38 de
450 1712 154 38 relatione
556 1712 166 38 producentis.

186 1745 196 42 coincidente
343 1745 92 42 cum
395 1745 170 42 relatione
526 1745 157 42 mensurae
643 1745 78 42 in
670 1745 65 42 Deo

177 1782 153 40 respectu
292 1782 179 40 creaturae:
433 1782 90 40 ita
484 1782 141 40 videtur
587 1782 153 40 dicendum
689 1782 51 40 in

189 1808 161 52 proposito
312 1808 74 52 de
349 1808 198 52 relationibus
510 1808 148 52 similium
609 1808 124 52 nominum,

186 1849 141 36 scilicet
292 1849 94 36 quod
351 1849 82 36 vbi
398 1849 176 36 similitudo,
539 1849 59 36 &
563 1849 165 36 aequalitas
680 1849 59 36 co-

186 1879 150 36 indidunt
298 1879 87 36 cum
348 1879 187 36 identitate,
497 1879 87 36 ibi
547 1879 87 36 non
597 1879 100 36 sunt
647 1879 87 36 vlte-

189 1913 97 43 rius
249 1913 121 43 reales
334 1913 181 43 relationes,
479 1913 85 43 sed
527 1913 109 43 solum
600 1913 133 43 secudum
685 1913 48 43 ra

178 1944 149 46 tionem,
286 1944 203 46 quemadmodum
448 1944 189 46 identitas;
596 1944 68 46 &
623 1944 108 46 quia
677 1944 54 46 in

176 1981 87 43 Deo
225 1981 175 43 coincidunt
363 1981 87 43 cum
413 1981 162 43 relatione
537 1981 200 43 identitatis,
687 1981 50 43 id

176 2011 118 39 circo
254 2011 170 39 sequitur,
385 2011 105 39 quod
450 2011 92 39 non
503 2011 105 39 sint
568 2011 144 39 reales.
660 2011 78 39 Quod

185 2049 115 45 autem
262 2049 178 45 coincidant
402 2049 89 45 cum
453 2049 178 45 identitate
580 2049 153 45 probatiste

742 169 129 50 Doctor
833 169 194 50 dupliciter;
988 169 129 50 Primo,
1078 169 103 50 quia
1143 169 168 50 identitas
1259 169 52 50 se

757 214 122 44 quitar
842 214 196 44 substantiam,
1001 214 61 44 &
1026 214 171 44 aequalitas
1148 214 171 44 quantitatem,

767 246 62 38 &
791 246 100 38 ideo
854 246 112 38 sicut
929 246 162 38 qualitas,
1053 246 62 38 &
1078 246 162 38 quantitas
1203 246 75 38 in
1228 246 87 38 diui-

764 285 91 33 nis
816 285 168 33 transeunt
945 285 78 33 in
984 285 207 33 substantiam,
1153 285 65 33 &
1179 285 91 33 non
1230 285 65 33 e
1243 285 78 33 con-

762 310 116 44 uerso;
844 310 81 44 ita
890 310 174 44 similitudo,
1029 310 58 44 &
1052 310 162 44 aequalitas
1180 310 116 44 habent
1249 310 70 44 tram

765 345 99 41 sire
826 345 74 41 in
864 345 173 41 relationem
1000 345 198 41 identitatis,
1160 345 62 41 &
1185 345 87 41 non
1234 345 62 41 e
1247 345 74 41 con

620 384 632 35 uerso.

757 414 160 38 Secundo,
877 414 107 38 quia
944 414 200 38 similitudo,
1104 414 67 38 &
1131 414 187 38 aequalitas
1265 414 53 38 re

761 446 140 36 quirunt
863 446 165 36 distincta
990 446 178 36 fundamenta
1130 446 165 36 absoluta,
1244 446 76 36 iden

761 480 128 40 titas
846 480 114 40 vero
918 480 114 40 vnum
989 480 128 40 solum
1074 480 214 40 fundamentum
1231 480 100 40 abso.

765 509 131 44 lutum,
856 509 65 44 &
883 509 105 44 quia
948 509 78 44 in
987 509 144 44 diuinis
1092 509 92 44 non
1144 509 105 44 sunt
1209 509 118 44 plura
1275 509 52 44 ab

766 544 144 36 soluta,
870 544 91 36 sed
923 544 104 36 vnum
988 544 144 36 tantum,
1092 544 144 36 idcirco
1183 544 144 36 similitu-

758 577 88 38 do,
809 577 63 38 &
834 577 177 38 aequalitas
973 577 88 38 non
1024 577 139 38 possunt
1125 577 88 38 ibi
1175 577 126 38 manere
1251 577 63 38 se-

754 616 144 36 cundum
855 616 173 36 propriam
984 616 187 36 rationem,
1129 616 72 36 &
1157 616 101 36 per
1201 616 115 36 conse-

763 648 111 37 quens
837 648 185 37 similitudo,
984 648 62 37 &
1009 648 172 37 aequalitas
1145 648 172 37 transibunt
1268 648 49 37 in

759 679 181 36 relationem
901 679 206 36 identitatis,
1069 679 65 36 &
1095 679 90 36 non
1146 679 65 36 e
1159 679 142 36 conuerso.

754 714 171 45 Arguunt
879 714 140 45 tamen
972 714 155 45 quidam
1081 714 187 45 dicentes
1205 714 109 45 modum

769 747 108 44 stum
837 747 149 44 ponendi
945 747 243 44 quadrupliciter
1134 747 149 44 deficere.

790 778 131 48 Primo,
882 778 105 48 quia
947 778 183 48 similitudo
1091 778 157 48 assumpta
1209 778 92 48 non
1248 778 66 48 ess

749 809 134 46 probata

793 847 160 40 Secundo,
913 847 107 40 quia
980 847 187 40 similitudo
1127 847 94 40 non
1180 847 94 40 est
1220 847 94 40 bona;

766 879 88 39 nam
817 879 138 39 quamuis
917 879 175 39 relationes
1054 879 125 39 tertij
1142 879 100 39 modi
1204 879 88 39 non
1242 879 75 39 sint

765 915 136 38 reales
861 915 82 38 ex
901 915 122 38 parte
983 915 150 38 amborum
1092 915 204 38 extremorum,
1241 915 82 38 sunt

765 947 117 46 tamen
843 947 130 46 reales
933 947 78 46 ex
972 947 117 46 parte
1050 947 117 46 vnius
1128 947 155 46 extremi;
1244 947 104 46 quod

762 985 83 36 non
810 985 119 36 potest
893 985 95 36 dici
952 985 71 36 de
988 985 190 36 relationibus
1131 985 166 36 identitatis.

798 1014 137 40 Tertio,
897 1014 100 40 quia
960 1014 187 40 aequalitas,
1109 1014 62 40 &
1134 1014 174 40 similitudo
1259 1014 62 40 non

770 1044 96 45 sunt
830 1044 120 45 reales
914 1044 168 45 relationes
1046 1044 72 45 in
1081 1044 168 45 creaturis,
1213 1044 84 45 cum
1249 1044 72 45 fun-

762 1078 126 46 dentur
850 1078 113 46 super
926 1078 138 46 vnitate
1014 1078 151 46 specifica.

756 1117 152 40 Quarto,
867 1117 111 40 quia
936 1117 83 40 si
978 1117 152 40 sumatur
1089 1117 194 40 identitas,
1227 1117 97 40 prout

764 1148 81 39 vna
811 1148 139 39 persona,
915 1148 81 39 est
961 1148 93 39 idem
1019 1148 116 39 alteri
1100 1148 69 39 in
1135 1148 150 39 essentia;
1251 1148 93 39 ldem

763 1177 124 46 dubium
849 1177 137 46 videtur
949 1177 99 46 esse
1011 1177 74 46 de
1048 1177 186 46 identitate,
1197 1177 112 46 vtrum
1259 1177 62 46 sit

764 1217 127 43 relatio
857 1217 127 43 realis,
949 1217 92 43 quod
1006 1217 81 43 est
1052 1217 69 43 de
1087 1217 196 43 similitudine,
1248 1217 58 43 &
1259 1217 58 43 ae

727 1244 270 49 qualitate.

798 1254 75 68 Et
836 1254 101 68 ideo
899 1254 101 68 isti
962 1254 138 68 probant
1063 1254 126 68 eandem
1138 1254 176 68 conclusionem

762 1313 113 47 alio
832 1313 127 47 modo.
917 1313 141 47 Dicunt
1016 1313 113 47 enim
1086 1313 113 47 quod
1143 1313 169 47 relationes

764 1347 144 38 originis
872 1347 96 38 ideo
932 1347 96 38 sunt
992 1347 132 38 reales,
1088 1347 96 38 quia
1148 1347 156 38 fundantur
1256 1347 60 38 su-

767 1381 93 39 per
820 1381 187 39 essentiam,
967 1381 80 39 vt
1007 1381 93 39 est
1060 1381 174 39 foecunda,
1181 1381 134 39 secundum

759 1413 103 40 quem
824 1413 116 40 modum
901 1413 129 40 exigit
991 1413 180 40 necessario
1133 1413 103 40 esse
1197 1413 77 40 in
1223 1413 90 40 pluri

757 1445 103 49 bus,
821 1445 103 49 ergo
886 1445 90 49 per
937 1445 180 49 oppositum,
1079 1445 193 49 similitudo,
1233 1445 64 49 &
1246 1445 64 49 ae-

766 1473 161 47 qualitas,
890 1473 87 47 cum
939 1473 161 47 fundentur
1064 1473 112 47 super
1138 1473 174 47 essentiam,
1262 1473 50 47 vt

754 1515 97 46 est
810 1515 111 46 vna,
879 1515 167 46 secundum
1005 1515 111 46 quem
1074 1515 125 46 modum
1158 1515 97 46 non
1200 1515 111 46 exigit

758 1543 92 42 esse
816 1543 69 42 in
851 1543 150 42 pluribus,
966 1543 81 42 non
1012 1543 104 42 erunt
1070 1543 104 42 reales.

785 1580 110 42 lsta
854 1580 124 42 tamen
936 1580 124 42 dicta
1019 1580 124 42 nullo
1101 1580 110 42 modo
1156 1580 151 42 impediunt

770 1615 131 34 primum
862 1615 118 34 modum
941 1615 158 34 ponendi,
1059 1615 105 34 immo
1124 1615 131 34 necrio
1216 1615 79 34 in
1242 1615 66 34 ip-

757 1645 84 42 sum
805 1645 156 42 incidunt,
925 1645 96 42 quia
985 1645 108 42 ratio
1057 1645 156 42 immediate
1177 1645 120 42 facta.
1249 1645 60 42 pro

762 1680 164 39 principali
891 1680 175 39 conclusione
1031 1680 82 39 non
1078 1680 164 39 concludit,
1206 1680 94 39 nisi
1253 1680 47 39 in

761 1717 152 36 quantum
872 1717 179 36 reducitur
1009 1717 83 36 ad
1051 1717 207 36 fundamentum
1202 1717 97 36 prae-

751 1751 112 38 dicti
825 1751 149 38 Doctoris
937 1751 87 38 Nam
987 1751 100 38 tota
1049 1751 125 38 causa,
1137 1751 112 38 quare
1199 1751 112 38 simili-

754 1780 108 41 tudo,
826 1780 60 41 &
850 1780 167 41 aequalitas
981 1780 72 41 in
1017 1780 132 41 diuinis
1113 1780 155 41 fundentur
1220 1780 84 41 super

759 1815 144 39 essentia,
870 1815 67 39 vt
903 1815 78 39 vna
948 1815 89 39 est,
1003 1815 122 39 videtur
1092 1815 89 39 esse
1148 1815 100 39 ista,
1214 1815 89 39 quia
1259 1815 44 39 si

752 1853 172 39 coincidunt
887 1853 86 39 cum
936 1853 160 39 relatione
1060 1853 197 39 identitatis,
1220 1853 74 39 de
1244 1853 62 39 cu-

752 1881 91 41 ius
804 1881 143 41 ratione
908 1881 91 41 est
960 1881 130 41 habere
1052 1881 104 41 vnum
1117 1881 130 41 tantum
1195 1881 104 41 funda-

751 1916 118 39 metum,
834 1916 71 39 si
869 1916 94 39 ergo
928 1916 106 39 ratio
999 1916 94 39 ista
1058 1916 82 39 est
1105 1916 106 39 bona,
1175 1916 130 39 oportet
1258 1916 47 39 ne

752 1947 180 47 cessario,
891 1947 111 47 quod
960 1947 138 47 primus
1057 1947 125 47 modus
1140 1947 152 47 ponendi
1237 1947 69 47 sit

728 1980 115 44 bonus

782 1991 206 63 RESPONDEO
940 1991 127 63 ergo
1019 1991 95 63 ad
1067 1991 158 63 motiua
1162 1991 142 63 illorum

747 2048 86 49 Nam
796 2048 74 49 ad
833 2048 123 49 primum
919 2048 86 49 cum
969 2048 123 49 dicunt
1055 2048 210 49 similitudinem
1216 2048 86 49 assum
