1500 2324
166 168 108 56 ptam
234 168 95 56 non
288 168 108 56 esse
356 168 176 56 probatam,
491 168 108 56 Dico
559 168 108 56 quod
627 168 95 56 non
667 168 68 56 ex-

173 221 116 37 pedit
250 221 90 37 eam
302 221 154 37 probare,
417 221 103 37 quia
482 221 77 37 de
520 221 77 37 se
559 221 116 37 patet
623 221 116 37 assumen

172 247 77 47 do
211 247 128 47 illud,
300 247 102 47 quod
351 247 153 47 assumitur.

213 279 82 38 Ad
254 279 164 38 secundum
378 279 110 38 vero
446 279 96 38 cum
501 279 137 38 dicunt
583 279 151 38 similitu-

167 320 124 32 dinem
250 320 96 32 non
305 320 110 32 esse
374 320 138 32 bonam,
470 320 179 32 Dicendum,
608 320 110 32 quod
663 320 69 32 di-

171 349 90 39 cta
223 349 180 39 similitudo
364 349 90 39 non
415 349 90 39 est
466 349 154 39 assumpta
582 349 77 39 in
608 349 128 39 proposi-

167 387 73 42 to
203 387 134 42 quantum
301 387 73 42 ad
338 387 122 42 omnia,
423 387 61 42 &
448 387 98 42 ideo
509 387 86 42 non
558 387 134 42 oportet
643 387 86 42 quoid

165 419 145 44 currat
266 419 160 44 quantum
382 419 87 44 ad
411 419 116 44 omnia.

211 454 84 41 Ad
253 454 154 41 tartium
365 454 182 41 dicendum,
506 454 112 41 quod
576 454 140 41 illud,
660 454 84 41 quod

164 486 183 37 assumitur,
308 486 91 37 non
360 486 91 37 est
412 486 131 37 verum,
504 486 105 37 quia
569 486 157 37 ostensum
674 486 65 37 est

169 519 75 50 in
207 519 189 50 praecedente
358 519 163 50 articulo,
484 519 101 50 quod
546 519 189 50 similitudo,
697 519 63 50 &

162 554 183 53 aequalitas
306 554 78 53 in
345 554 170 53 creaturis
476 554 91 53 non
528 554 170 53 fundantur
646 554 91 53 super

167 587 138 45 vnitate
254 587 150 45 specifica.

201 624 84 36 Ad
243 624 153 36 quartum
354 624 181 36 dicendum,
494 624 112 36 quod
564 624 84 36 de
592 624 139 36 identita

171 660 75 38 te
208 660 112 38 nullo
283 660 100 38 modo
345 660 112 38 debet
420 660 162 38 dubitari,
545 660 112 38 vtrum
620 660 87 38 sit
657 660 75 38 rela

166 691 92 41 tio
219 691 145 41 realis,
324 691 105 41 quia
390 691 158 41 secundum
508 691 105 41 suam
574 691 158 41 propriam
679 691 53 41 ra

167 726 125 36 tionem
254 726 149 36 repugnat
366 726 100 36 sibi
428 726 100 36 esse
490 726 174 36 relationem
615 726 112 36 realem;

170 757 62 41 &
194 757 99 41 ideo
256 757 99 41 nisi
318 757 186 41 probaretur,
467 757 99 41 quod
529 757 136 41 relatio
616 757 111 41 identi-

165 795 115 35 tatis
242 795 90 35 non
293 795 115 35 manet
370 795 77 35 in
408 795 141 35 diuinis
511 795 141 35 secudum
600 795 128 35 propriam

171 827 166 38 rationem,
299 827 89 38 sed
350 827 140 38 transit
452 827 77 38 in
490 827 179 38 relationem
618 827 115 38 simili-

166 859 149 49 tudinis,
277 859 62 49 &
302 859 211 49 aequalitatis,
476 859 87 49 non
526 859 149 49 haberent
625 859 112 49 aliquid

160 894 198 36 contra
299 894 198 36 primum
437 894 178 36 modum
536 894 198 36 ponendi.

200 929 98 37 Dico
261 929 110 37 ergo,
334 929 98 37 quod
396 929 110 37 modus
469 929 135 37 ponendi
567 929 147 37 doctoris
665 929 61 37 no-

168 963 98 37 stri
229 963 135 37 uidetur
327 963 122 37 omnino
413 963 208 37 rationabilis,
584 963 61 37 &
609 963 110 37 etiam
670 963 61 37 con

167 997 123 38 clusio
253 997 74 38 in
290 997 86 38 se;
339 997 62 38 &
364 997 99 38 ideo
426 997 86 38 eam
475 997 148 38 confirmo
574 997 148 38 dupliciter

200 1031 60 41 1
224 1031 72 41 Si
260 1031 180 41 similitudo,
404 1031 60 41 &
428 1031 168 41 aequalitas
559 1031 72 41 in
595 1031 132 41 diuinis
679 1031 48 41 es

169 1065 98 41 sent
230 1065 171 41 relationes
365 1065 135 41 reales,
463 1065 184 41 sequeretur,
610 1065 98 41 quod
659 1065 73 41 pari

163 1101 138 35 ratione
264 1101 113 35 etiam
339 1101 163 35 identitas
465 1101 113 35 vnius
540 1101 151 35 personae
654 1101 75 35 ad
679 1101 50 35 a-

172 1132 95 43 liam
232 1132 107 43 esset
303 1132 131 43 relatio
399 1132 131 43 realis;
494 1132 167 43 Consequens
626 1132 84 43 est
661 1132 60 43 fal

163 1165 113 42 sum,
234 1165 113 42 ergo
304 1165 71 42 &
332 1165 198 42 Antecedens
488 1165 226 42 Consequentia
657 1165 71 42 est

164 1200 110 42 nota;
237 1200 172 42 Falsitatem
372 1200 123 42 probo,
458 1200 98 42 quia
519 1200 74 42 de
556 1200 135 42 ratione
654 1200 98 42 rela

172 1235 124 41 tionis
258 1235 124 41 realis
345 1235 87 41 est
395 1235 99 41 quod
457 1235 149 41 importet
569 1235 124 41 realem
643 1235 87 41 alie-

166 1270 122 39 tatem,
251 1270 61 39 &
276 1270 85 39 per
324 1270 171 39 consequens
459 1270 73 39 si
495 1270 159 39 identitas
617 1270 110 39 esset
678 1270 49 39 re

172 1303 102 39 latio
239 1303 124 39 realis,
330 1303 158 39 importaret
454 1303 113 39 realem
533 1303 158 39 alietatem,
657 1303 56 39 &
669 1303 56 39 sic

166 1337 163 43 identitas,
294 1337 151 43 inquantum
411 1337 163 43 identitas,
539 1337 105 43 esset
609 1337 140 43 alietas,

170 1370 99 49 quod
232 1370 87 49 est
281 1370 211 49 contradictio.

188 1404 60 40 2
212 1404 71 40 Si
248 1404 119 40 dictae
331 1404 167 40 relationes
462 1404 119 40 essent
545 1404 131 40 reales,
629 1404 95 40 seque-

170 1443 112 39 retur,
248 1443 90 39 quod
305 1443 90 39 alia
361 1443 101 39 esset
428 1443 168 39 aequalitas,
563 1443 79 39 vel
596 1443 124 39 similitus

173 1476 84 39 do,
221 1476 84 39 qua
269 1476 120 39 Filius
353 1476 108 39 esset
425 1476 144 39 aequalis
534 1476 120 39 Patri;
618 1476 60 39 &
642 1476 84 39 qua
678 1476 48 39 Pa

165 1505 81 43 ter
212 1505 104 43 esset
281 1505 139 43 aequalis
385 1505 116 43 Filio,
466 1505 162 43 Consequens
593 1505 81 43 est
628 1505 92 43 falsum

173 1545 104 39 ergo
238 1545 78 39 &c
277 1545 208 39 Consequentia
446 1545 91 39 est
499 1545 117 39 nota,
577 1545 104 39 quia
629 1545 104 39 relati

175 1574 72 42 ua
211 1574 120 42 realia
295 1574 132 42 possunt
391 1574 120 42 habere
475 1574 96 42 suas
535 1574 180 42 relationes,
667 1574 60 42 por

184 1608 90 39 uas
236 1608 167 39 adinuicem
364 1608 180 39 referuntur
505 1608 154 39 realiter
608 1608 116 39 distin-

175 1647 107 40 ctas,
246 1647 107 40 Probo
318 1647 166 40 falsitatem
449 1647 202 40 consequentis,
615 1647 95 40 quia
663 1647 59 40 ae-

180 1675 136 46 qualitas
282 1675 125 46 Patris,
373 1675 57 46 &
396 1675 159 46 aequalitas
520 1675 102 46 Filij
589 1675 80 46 non
623 1675 102 46 possunt

173 1711 155 38 distingui
293 1711 72 38 ex
328 1711 143 38 seipsis,
436 1711 84 38 cum
484 1711 96 38 sint
544 1711 143 38 similes,
651 1711 60 38 &
663 1711 72 38 eius

175 1745 87 38 dem
224 1745 161 38 rationis;
348 1745 87 38 nec
398 1745 112 38 etiam
472 1745 74 38 ex
510 1745 199 38 relationibus
659 1745 74 38 ori-

168 1779 125 47 ginis,
256 1779 100 47 quia
319 1779 88 47 non
369 1779 188 47 innascuntur
519 1779 75 47 ex
557 1779 100 47 eis,
619 1779 88 47 nec
657 1779 75 47 sunt

166 1820 111 39 earum
240 1820 185 39 fundamenta;
388 1820 86 39 nec
437 1820 111 39 etiam
511 1820 74 39 ex
548 1820 160 39 essentia,
659 1820 74 39 quia

165 1848 94 44 illa
224 1848 82 44 est
271 1848 129 44 penitus
364 1848 94 44 vna;
423 1848 164 44 quapropter
551 1848 152 44 sequitur,
657 1848 70 44 quod

173 1881 80 39 non
218 1881 80 39 sit
264 1881 137 39 realiter
367 1881 91 39 alia
424 1881 171 39 aequalitas,
561 1881 80 39 qua
607 1881 103 39 Pater
664 1881 57 39 di-

171 1914 105 43 citur
241 1914 140 43 aequalis
346 1914 117 43 Filio,
428 1914 58 43 &
452 1914 82 43 qua
498 1914 117 43 Filius
580 1914 128 43 dicitur
662 1914 58 43 ae-

168 1946 129 45 qualis
258 1946 129 45 Patri:
348 1946 154 45 Concludo
464 1946 103 45 ergo
528 1946 103 45 quod
580 1946 141 45 similitu-

169 1987 85 38 do,
218 1987 61 38 &
242 1987 171 38 aequalitas
376 1987 73 38 in
413 1987 134 38 diuinis
510 1987 85 38 non
559 1987 98 38 sunt
608 1987 122 38 relatio-

167 2017 88 41 nes
217 2017 138 41 reales;
317 2017 100 41 ideo
379 2017 200 41 conuenienter
542 2017 113 41 dicit
604 2017 125 41 Magister

167 2050 71 41 in
203 2050 178 41 praecedente
345 2050 201 41 distinctione,
511 2050 95 41 quod
570 2050 118 41 dictae
641 2050 83 41 rela-

162 2084 120 58 nones
242 2084 80 58 in
282 2084 147 58 diuinis
389 2084 94 58 non
443 2084 161 58 videntur
563 2084 147 58 aliquid
657 2084 80 58 pone

751 171 88 61 re,
802 171 88 61 sed
852 171 125 61 potius
940 171 163 61 remouere:
1065 171 125 61 Posset
1153 171 138 61 insuper
1241 171 75 61 con-

751 218 141 38 firmari
854 218 115 38 eadem
930 218 166 38 conclusio
1058 218 90 38 per
1109 218 102 38 illa
1173 218 90 38 duo
1212 218 102 38 incon-

749 254 169 47 uenientia
879 254 156 47 superius
996 254 143 47 inducta
1101 254 130 47 contra
1192 254 117 47 aliam
1257 254 52 47 o-

750 283 244 48 pinionem.

790 317 73 51 Ad
826 317 145 51 rationes
935 317 109 51 etiam
1008 317 145 51 alterius
1116 317 157 51 opinionis
1225 317 85 51 faci-

749 351 97 48 le
797 351 113 48 est
846 351 209 48 respondere.

787 388 85 41 Ad
829 388 141 41 primam
928 388 183 41 dicendum,
1069 388 113 41 quod
1140 388 99 41 ibi
1182 388 127 41 deficit

755 421 136 45 secunda
853 421 148 45 conditio
964 421 160 45 requisita
1088 421 74 45 ad
1125 421 173 45 relationem
1248 421 62 45 rea

749 453 106 40 lem,
815 453 93 40 nam
868 453 145 40 quamuis
973 453 106 40 sint
1040 453 93 40 ibi
1092 453 145 40 extrema
1185 453 132 40 realiter

747 489 180 38 distincta,
889 489 90 38 non
940 489 116 38 tamen
1018 489 155 38 secundum
1134 489 116 38 illud
1211 489 77 38 ad
1237 489 77 38 quod

753 524 171 37 referuntur
887 524 159 37 relatione
1009 524 220 37 similitudinis,
1193 524 61 37 &
1205 524 110 37 aequali

745 557 126 45 tatis,
833 557 101 45 quia
896 557 151 45 ostensum
1009 557 101 45 est,
1072 557 101 45 quod
1135 557 88 45 est
1185 557 88 45 vna
1236 557 63 45 &
1248 557 63 45 ea-

750 591 94 38 dem
803 591 189 38 aequalitas
952 591 81 38 in
992 591 148 38 vtroque
1100 591 162 38 extremo.

786 621 82 46 Ad
827 621 164 46 secundam
951 621 110 46 vero
1019 621 110 46 nego
1088 621 247 46 consequentiam,

747 657 100 48 quia
810 657 176 48 relationes
948 657 163 48 originis,
1074 657 88 48 cum
1124 657 100 48 sint
1174 657 138 48 oppositae

753 690 65 46 &
779 690 182 46 diuersarum
922 690 169 46 rationum,
1052 690 143 46 possunt
1156 690 143 46 seipsis
1247 690 65 46 suf

747 725 155 41 ficienter
867 725 191 41 distinguere,
1022 725 60 41 &
1046 725 132 41 causare
1130 725 179 41 distinctionem

755 762 190 42 personarum,
907 762 127 42 plures
996 762 101 42 vero
1059 762 202 42 aequalitates
1223 762 63 42 &
1236 762 76 42 simi

747 798 170 42 litudines,
881 798 85 42 cum
929 798 97 42 sint
990 798 134 42 eiusdem
1087 798 158 42 rationis,
1209 798 85 42 non
1245 798 61 42 pos

752 825 88 44 sunt
807 825 88 44 esse
862 825 155 44 distinctae
984 825 132 44 seipsis,
1083 825 55 44 &
1105 825 88 44 ideo
1160 825 66 44 si
1183 825 132 44 distinguum

747 863 106 37 tur,
813 863 185 37 necessario
959 863 146 37 capiunt
1064 863 106 37 suam
1117 863 199 37 distinctionem

747 897 64 36 a
773 897 205 36 fundamentis;
939 897 64 36 &
965 897 102 36 quia
1029 897 77 36 in
1067 897 141 36 diuinis
1169 897 90 36 non
1208 897 102 36 habent

746 931 110 40 nisi
815 931 110 40 vnum
883 931 219 40 fundamentum,
1061 931 178 40 sequitur,
1198 931 110 40 quod
1253 931 55 40 re

745 962 145 39 maneant
850 962 224 39 indistinctae,
1035 962 66 39 &
1061 962 92 39 per
1114 962 184 39 consequens
1245 962 66 39 non

755 996 109 44 erunt
815 996 109 44 reales.

776 1038 83 32 Ad
818 1038 151 32 tertiam
928 1038 124 32 etiam
1010 1038 179 32 dicendum,
1148 1038 110 32 quod
1217 1038 124 32 sicut

755 1066 154 45 quaelibet
874 1066 83 45 res
921 1066 83 45 est
969 1066 107 45 eadem
1040 1066 95 45 sibi
1099 1066 107 45 ipsi,
1159 1066 154 45 circumscri-

749 1100 87 45 pto
798 1100 100 45 omni
861 1100 100 45 actu
923 1100 162 45 rationis,
1048 1100 100 45 illa
1110 1100 112 45 tamen
1173 1100 137 45 identitas

749 1132 96 40 non
804 1132 151 40 nominat
914 1132 151 40 aliquam
1024 1132 193 40 relationem
1176 1132 138 40 realem
1258 1132 55 40 in

750 1174 89 38 re,
801 1174 89 38 sed
852 1174 115 38 solum
929 1174 115 38 illud
1005 1174 102 38 quod
1069 1174 127 38 potest
1158 1174 102 38 esse
1209 1174 102 38 funda-

748 1204 122 43 mentum
833 1204 196 43 identitatis,
993 1204 98 43 quae
1054 1204 86 43 est
1103 1204 135 43 relatio
1189 1204 122 43 secundum

746 1235 154 47 rationem;
864 1235 83 47 ita
912 1235 71 47 in
947 1235 154 47 proposito
1066 1235 118 47 Filius
1148 1235 83 47 est
1184 1235 130 47 aequalis.

754 1269 120 46 Patri,
838 1269 203 46 circumscripto
1005 1269 96 46 omni
1065 1269 96 46 actu
1125 1269 155 46 rationis,
1244 1269 96 46 illa

745 1310 118 33 tamen
823 1310 183 33 aequalitas
968 1310 92 33 non
1020 1310 144 33 nominat
1125 1310 144 33 aliquam
1229 1310 105 33 rela

746 1334 124 44 tionem
833 1334 124 44 realem
920 1334 75 44 in
957 1334 124 44 filio,
1044 1334 87 44 sed
1094 1334 112 44 solum
1168 1334 112 44 illud
1230 1334 75 44 quod

746 1372 122 46 potest
831 1372 135 46 fundare
929 1372 171 46 relationem
1064 1372 208 46 aequalitatis,
1223 1372 86 46 prout

747 1403 93 46 est
800 1403 146 46 relatio
906 1403 159 46 secundum
1011 1403 146 46 rationem.

769 1439 85 38 Ad
811 1439 156 38 quartam
925 1439 113 38 vero
995 1439 170 38 dicendum
1123 1439 113 38 quod
1180 1439 127 38 simili-

749 1476 115 39 tudo,
826 1476 64 39 &
851 1476 179 39 aequalitas
992 1476 77 39 in
1030 1476 140 39 diuinis
1132 1476 102 39 sunt
1196 1476 140 39 eiusdem

752 1505 155 40 rationis
868 1505 90 40 cum
920 1505 181 40 identitate
1062 1505 142 40 quantum
1165 1505 77 40 ad
1191 1505 116 40 distin-

749 1540 172 39 ctionem,
878 1540 101 39 non
935 1540 129 39 tamen
1022 1540 158 39 quantum
1137 1540 86 39 ad
1165 1540 144 39 denomina

750 1574 146 41 tionem,
856 1574 120 41 sicut
936 1574 120 41 etiam
1016 1574 146 41 videmus
1123 1574 107 41 quod
1176 1574 133 41 attribu-

745 1608 75 39 ta
783 1608 63 39 &
808 1608 188 39 essentialia
958 1608 100 39 sunt
1021 1608 138 39 eiusdem
1121 1608 150 39 rationis
1221 1608 88 39 quan-

749 1640 95 38 tum
804 1640 81 38 ad
844 1640 243 38 distinctionem,
1047 1640 95 38 non
1101 1640 122 38 tamen
1182 1640 122 38 eodem
1250 1640 54 38 mo

746 1677 83 38 do
788 1677 207 38 denominant,
953 1677 69 38 &
980 1677 83 38 ex
1022 1677 110 38 ista
1091 1677 124 38 causa
1159 1677 152 38 prouenit,

749 1711 97 41 quod
810 1711 122 41 filius
895 1711 134 41 dicatur
992 1711 97 41 sibi
1053 1711 97 41 ipsi
1114 1711 110 41 idem,
1187 1711 85 41 non
1224 1711 85 41 tamen

748 1744 84 46 sibi
801 1744 84 46 ipsi
854 1744 137 46 aequalis.

793 1781 123 33 Patet
875 1781 109 33 ergo
944 1781 109 33 quid
1012 1781 96 33 sit
1067 1781 164 33 dicendum
1190 1781 150 33 quantam

746 1814 79 40 ad
785 1814 119 40 istum
864 1814 184 40 articulum,
1009 1814 66 40 &
1036 1814 92 40 per
1088 1814 184 40 consequens
1220 1814 92 40 quamn

751 1847 95 35 tum
806 1847 81 35 ad
846 1847 122 35 totam
928 1847 217 35 quaestionem.
1104 1847 95 35 Nam
1159 1847 122 35 sicut
1227 1847 81 35 pont

752 1880 119 43 patere
836 1880 72 43 ex
871 1880 131 43 dictis,
967 1880 179 43 similitudo,
1110 1880 60 43 &
1134 1880 167 43 aequalitas
1253 1880 60 43 pro

749 1916 79 39 ut
788 1916 118 39 habet
867 1916 118 39 locum
946 1916 79 39 in
985 1916 157 39 diuinis,
1103 1916 92 39 non
1156 1916 105 39 sunt
1208 1916 105 39 nomina

752 1944 184 43 relationum
897 1944 158 43 realium,
1015 1944 92 43 sed
1068 1944 119 43 prout
1147 1944 132 43 habent
1226 1944 79 43 esse

744 1982 71 40 in
780 1982 167 40 creaturis,
911 1982 83 40 sic
958 1982 155 40 important
1077 1982 167 40 relationes
1208 1982 131 40 reales,

785 2018 133 39 AD
851 2018 265 39 RATIONES
1028 2018 287 39 PRINCIPALES

815 2055 71 36 D
843 2055 143 36 primam
943 2055 128 36 dico,
1029 2055 114 36 quod
1100 2055 100 36 est
1143 2055 171 36 similitudo

738 2064 162 80 quantum
856 2064 88 80 ad
900 2064 162 80 aliqua,
1017 2064 162 80 vtpote,
1135 2064 117 80 quia
1208 2064 132 80 sicut
