1500 2294
165 180 173 49 identitas
298 180 120 49 habet
378 180 93 49 pro
431 180 186 49 fundamento
564 180 173 49 substantiam

165 223 96 40 siue
225 223 156 40 essentiam
345 223 168 40 cuiuslibet
478 223 96 40 rei,
538 223 72 40 vt
574 223 144 40 essentia
670 223 60 40 est

164 257 95 49 ita
219 257 189 49 aequalitas
367 257 122 49 habet
448 257 95 49 pro
502 257 189 49 fundamento
637 257 95 49 ipsam

181 290 212 49 quantitatem,
353 290 106 49 siue
419 290 185 49 quamcunque
565 290 93 49 rem
618 290 93 49 sub
658 290 79 49 ali-

193 331 90 39 quo
245 331 103 39 modo
309 331 220 39 quantitatiuo;
490 331 65 39 &
516 331 90 39 ita
568 331 90 39 suo
620 331 103 39 modo
671 331 65 39 di-

185 354 128 47 cendum
275 354 90 47 est
326 354 77 47 de
365 354 205 47 similitudine
532 354 154 47 respectu
634 354 103 47 quali-

189 385 128 49 tatis.
279 385 141 49 Quantum
381 385 102 49 vero
445 385 77 49 ad
484 385 141 49 quaedam
586 385 102 49 alia
638 385 102 49 potest

183 423 82 44 ibi
230 423 94 44 esse
289 423 106 44 magna
359 423 211 44 dissimilitudo,
535 423 129 44 vtpote,
629 423 94 44 quia
676 423 59 44 vna

178 458 107 38 sola
244 458 93 38 res
298 458 160 38 sufficit
417 458 80 38 ad
457 458 173 38 fundandam
577 458 160 38 relationem

187 490 206 39 identitatis;
355 490 77 39 ad
393 490 167 39 fundandam
522 490 103 39 vero
574 490 167 39 similitudi-

175 530 105 34 nem,
240 530 65 34 &
267 530 210 34 aequalitatem
437 530 183 34 necessario
568 530 170 34 requiruntur

187 560 134 49 plures
267 560 67 49 res

237 594 149 41 Vlterius
348 594 111 41 etiam
422 594 74 41 ad
460 594 173 41 relationem
583 594 149 41 aequalita.

185 618 85 47 tis
234 618 85 47 non
282 618 158 47 concurrit
404 618 171 47 necessario
538 618 110 47 actus
599 618 134 47 rationis;

185 661 72 35 ad
221 661 169 35 relationem
354 661 96 35 vero
414 661 181 35 identitatis
558 661 169 35 necessario
679 661 60 35 con

184 692 135 37 currit
278 692 121 37 ratio
358 692 175 37 accipiens
493 692 108 37 vnam
560 692 67 37 &
587 692 135 37 eandem
668 692 67 37 rem

179 725 95 40 vna
233 725 203 40 acceptione.
395 725 81 40 Ad
435 725 162 40 secundam
557 725 108 40 vero
624 725 122 40 patet
692 725 41 40 I

184 756 114 41 illud
260 756 101 41 quod
324 756 127 41 dictum
412 756 101 41 fuit
475 756 76 41 in
513 756 139 41 secundo
602 756 139 41 articulo.

185 795 129 36 Tertia
275 795 116 36 autem
352 795 116 36 ratio
429 795 141 36 videtur
532 795 180 36 concludere
661 795 77 36 veri

184 822 112 42 tatem
258 822 149 42 secundum
370 822 112 42 illa,
445 822 100 42 quae
507 822 112 42 dicta
582 822 100 42 sunt
644 822 75 42 in
669 822 75 42 isto

178 861 134 44 articulo.

190 921 434 44 DISTINCTIONIS
523 921 204 44 xxxII.

248 990 341 47 QV.AESTIO
484 990 183 47 VNICA

179 1058 118 42 Vtrum
258 1058 131 42 Pater,
349 1058 66 42 &
376 1058 131 42 Filius
468 1058 157 42 diligant
586 1058 79 42 se
612 1058 118 42 Spiritu

394 1092 149 45 Sancto.

198 1255 324 45 ARGVITVR
441 1255 189 45 PRO
522 1255 189 45 PARTE

386 1293 135 43 negatiua

207 1320 108 51 Icut
274 1320 81 51 se
314 1320 121 51 habet
395 1320 162 51 dilectio
516 1320 81 51 ad
557 1320 162 51 Spiritum
664 1320 81 51 San-

188 1340 137 64 Dctum,
284 1340 96 64 ita
339 1340 177 64 sapientia
475 1340 82 64 ad
516 1340 150 64 verbum,
625 1340 96 64 sed
666 1340 82 64 ista

194 1390 85 44 non
242 1390 182 44 conceditur,
388 1390 109 44 Pater
461 1390 109 44 sapit
534 1390 121 44 verbo,
619 1390 97 44 quia
667 1390 73 44 tumo

191 1433 108 30 esset
263 1433 132 30 sapiens
360 1433 157 30 sapientia
480 1433 132 30 genita,
576 1433 108 30 cuius
637 1433 108 30 contra-

188 1466 103 43 rium
253 1466 116 43 patet
330 1466 77 43 in
368 1466 193 43 praecedente
523 1466 206 43 distinctione
678 1466 64 43 per

184 1491 208 44 auctoritates,
355 1491 98 44 quas
416 1491 147 44 Magister
526 1491 171 44 introducit
660 1491 73 44 in
685 1491 61 44 li-

188 1529 114 39 tera,
264 1529 101 39 ergo
328 1529 89 39 nec
378 1529 101 39 ista
441 1529 139 39 videtur
543 1529 190 39 concedenda,
682 1529 63 39 Pa-

193 1560 92 42 ter,
250 1560 57 42 &
273 1560 115 42 filius
353 1560 138 42 diligunt
456 1560 69 42 se
491 1560 126 42 Spiritu
571 1560 103 42 Sancto.

216 1593 88 39 IN
260 1593 117 39 OPPO
333 1593 102 39 est
392 1593 175 39 Magister
523 1593 88 39 in
567 1593 161 39 litera,
669 1593 73 39 vbi

193 1624 127 51 probat
282 1624 89 51 per
333 1624 203 51 auctoritates
498 1624 178 51 Sanctorum,
637 1624 127 51 dictam

185 1659 246 48 propositionem
387 1659 116 48 esse
445 1659 188 48 concedendam

209 1691 242 41 RESPONDEO:
399 1691 138 41 Quod
485 1691 224 41 huiusmodi
640 1691 104 41 quae

185 1724 113 44 stio
256 1724 155 44 quantum
369 1724 85 44 ad
411 1724 226 44 conclusionem
595 1724 99 44 non
637 1724 99 44 debes

185 1762 102 33 esse
249 1762 127 33 dubia,
338 1762 102 33 quia
401 1762 127 33 Sancti
490 1762 190 33 determinant
642 1762 89 33 eam
681 1762 63 33 con

190 1794 148 41 cedentes
300 1794 135 41 patrem,
399 1794 61 41 &
423 1794 123 41 filium
509 1794 74 41 se
546 1794 148 41 diligere
645 1794 98 41 Spiri-

191 1828 75 37 tu
228 1828 137 37 Sancto.
327 1828 87 37 Sed
377 1828 75 37 de
415 1828 100 37 modo
477 1828 199 37 intelligendi
638 1828 87 37 eam
676 1828 62 37 con

187 1859 120 39 surgit
271 1859 155 39 dubitatio
390 1859 132 39 propter
486 1859 108 39 tria,
558 1859 96 39 quae
617 1859 96 39 sunt
665 1859 72 39 exa

169 1896 152 43 minanda

249 1929 172 33 Dubitatur
381 1929 79 33 in
421 1929 93 33 qua
474 1929 185 33 habitudine
606 1929 132 33 construa

187 1959 82 44 tur
234 1959 117 44 dictus
316 1959 163 44 ablatiuus,
444 1959 82 44 cum
491 1959 93 44 dico
549 1959 117 44 Pater,
631 1959 58 44 &
643 1959 93 44 filius

189 1996 153 38 diligunt
304 1996 77 38 se
343 1996 141 38 Spiritu
432 1996 115 38 Sancto.

220 2025 69 50 2
248 2025 152 50 Quomodo
358 2025 152 50 sumatur
468 2025 96 50 ibi
523 2025 179 50 diligere,
648 2025 96 50 vtrum

190 2058 212 57 essentialiter,
367 2058 82 57 vel
402 2058 176 57 notionaliter.

781 167 65 57 3
807 167 117 57 Quare
885 167 117 57 magis
963 167 182 57 concedatur
1107 167 117 57 ista:
1172 167 130 57 scilicet

746 220 115 46 pater,
826 220 57 46 &
849 220 115 46 filius
929 220 138 46 diligunt
1032 220 69 46 se
1066 220 126 46 Spiritu
1158 220 126 46 Sancto;
1238 220 69 46 quam

749 250 100 38 ista,
816 250 100 38 Pater
882 250 67 38 se
915 250 111 38 sapit,
993 250 78 38 vel
1038 250 67 38 se
1071 250 155 38 intelligit
1193 250 111 38 verbo,
1260 250 44 38 na

748 284 116 41 ista
821 284 131 41 nullo
909 284 116 41 modo
967 284 189 41 conceditur.

796 350 316 43 ARTICVLVS
1014 350 219 43 PRIMVS.

763 416 142 50 Quomodo
866 416 77 50 se
905 416 129 50 teneat
995 416 168 50 ablatiuus
1124 416 116 50 iste,
1202 416 116 50 Pater
1266 416 39 50 &

816 452 121 37 filius
901 452 145 37 diligunt
1010 452 73 37 se
1046 452 133 37 Spiritu
1131 452 109 37 Sancto.

824 552 69 42 D
852 552 137 42 primum
948 552 137 42 itaque
1044 552 137 42 dubium
1140 552 137 42 dixere
1223 552 82 42 qui-

829 587 107 38 dam,
896 587 107 38 quod
963 587 134 38 dictus
1056 587 174 38 ablatiuus
1177 587 134 38 construi

748 626 84 33 tur
796 626 72 33 in
832 626 168 33 habitudine
964 626 120 33 signi,
1048 626 72 33 vt
1084 626 84 33 sit
1132 626 132 33 sensus,
1216 626 84 33 Patet

759 654 58 42 &
783 654 116 42 filius
864 654 70 42 se
898 654 139 42 diligunt
1003 654 127 42 Spiritu
1095 654 127 42 Sancto,
1188 654 104 42 idest
1246 654 58 42 si-

749 691 102 40 gnum
813 691 102 40 quod
877 691 77 40 se
915 691 166 40 diligunt,
1043 691 102 40 est,
1107 691 102 40 quia
1171 691 115 40 mutuo
1235 691 64 40 ame

751 720 80 41 re
791 720 161 41 Spiritum
911 720 147 41 Sanctum
1005 720 134 41 spirant.

781 752 112 41 Haec
851 752 127 41 tamen
936 752 141 41 opinio
1034 752 197 41 improbatur
1175 752 127 41 communi

757 786 91 46 ter
809 786 143 46 propter
900 786 78 46 duo.

785 818 131 40 Primo,
876 818 105 40 quia
942 818 144 40 videmus
1046 818 235 40 vniuersaliter,
1230 818 78 40 quod

752 853 125 36 agens
836 853 153 36 nunquam
947 853 209 36 denominatur
1114 853 125 36 agens
1198 853 97 36 per
1239 853 70 36 il-

750 887 91 38 lud
802 887 104 38 quod
867 887 91 38 est
918 887 130 38 signum
1009 887 168 38 actionis,
1139 887 91 38 non
1190 887 104 38 enim
1242 887 65 38 be-

752 920 73 37 ne
788 920 171 37 diceretur,
923 920 98 37 quod
984 920 135 37 vapores
1082 920 122 37 essent
1168 920 159 37 calefacti
1278 920 37 37 a

756 954 104 42 sole
821 954 104 42 motu
886 954 144 42 sursum,
991 954 144 42 quamuis
1095 954 117 42 talis
1174 954 117 42 motus
1239 954 65 42 sit

757 987 132 41 signum
849 987 225 41 calefactionis
1021 987 106 41 eorum.

770 1020 150 45 Secundo,
882 1020 100 45 pari
945 1020 138 45 ratione
1045 1020 125 45 posset
1132 1020 113 45 dici,
1207 1020 100 45 quod
1257 1020 50 45 Pa

752 1055 97 41 ter,
813 1055 61 41 &
837 1055 121 41 filius
922 1055 73 41 se
958 1055 146 41 diligant
1067 1055 158 41 creatura,
1189 1055 109 41 quia,
1249 1055 61 41 cum

749 1089 101 35 amor
812 1089 139 35 diuinus
913 1089 88 35 sit
964 1089 113 35 causa
1039 1089 176 35 creaturae,
1165 1089 139 35 productio

759 1120 91 46 eius
815 1120 79 46 est
861 1120 113 46 signum
940 1120 113 46 diuini
1019 1120 113 46 amoris
1099 1120 79 46 quo
1144 1120 113 46 pater,
1224 1120 68 46 et
1246 1120 57 46 fi-

762 1155 91 44 ius
814 1155 78 44 se
840 1155 131 44 diligunt

793 1185 105 41 Alij
859 1185 105 41 vero
924 1185 144 41 dicunt,
1029 1185 105 41 quod
1095 1185 171 41 huiusmodi
1213 1185 92 41 abla-

758 1222 109 37 tiuus
831 1222 182 37 construitur
976 1222 73 37 in
1012 1222 133 37 ratione
1109 1222 109 37 medij
1170 1222 133 37 connectum

758 1258 95 44 tis.
818 1258 72 44 Ad
854 1258 107 44 cuius
925 1258 107 44 dicti
997 1258 167 44 euidentiam
1128 1258 84 44 est
1164 1258 143 44 intelligen

757 1288 111 38 dum,
827 1288 111 38 quod
896 1288 167 38 secundum
1021 1288 111 38 viam
1091 1288 125 38 eorum
1174 1288 111 38 vnio
1230 1288 83 38 aman

753 1325 88 36 tis
804 1325 88 36 cum
854 1325 113 36 amato
930 1325 88 36 non
980 1325 126 36 potest
1069 1325 113 36 fieri
1144 1325 88 36 per
1195 1325 113 36 solum
1258 1325 50 36 a-

762 1360 128 39 morem,
852 1360 102 39 quia
915 1360 102 39 ille
979 1360 115 39 manet
1056 1360 115 39 intra
1132 1360 140 39 amantem
1222 1360 89 39 reali

758 1389 105 38 ter,
823 1389 92 38 nec
876 1389 157 38 attingit
993 1389 118 38 ipsum
1072 1389 131 38 amatum
1150 1389 157 38 immediate,

752 1424 95 38 sed
807 1424 162 38 mediante
928 1424 95 38 sua
982 1424 189 38 tendentia,
1131 1424 149 38 secudum
1226 1424 81 38 quam

751 1458 119 35 amans
830 1458 172 35 emittitur
963 1458 79 35 ad
1002 1458 146 35 amatum,
1108 1458 106 35 haec
1175 1458 119 35 autem
1241 1458 66 35 ten

755 1491 126 36 dentia
844 1491 164 36 (secundum
970 1491 126 36 istos)
1058 1491 88 36 non
1109 1491 88 36 est
1159 1491 126 36 aliud,
1235 1491 76 36 quam

755 1523 142 41 spiratio
862 1523 142 41 amantis,
968 1523 95 41 siue
1027 1523 142 41 spiritus
1134 1523 130 41 amoris,
1228 1523 59 41 &
1240 1523 71 41 ideo

753 1557 204 37 imaginantur
917 1557 82 37 in
957 1557 150 37 diuinis
1066 1557 163 37 Spiritum
1189 1557 150 37 Sanctum

757 1592 107 40 esse
824 1592 147 40 medium,
931 1592 94 40 per
984 1592 107 40 quod
1051 1592 121 40 totus
1132 1592 107 40 amor
1185 1592 121 40 diuinus

757 1622 137 41 vnitur
853 1622 96 41 cum
908 1622 178 41 quocunque
1031 1622 110 41 amato.

787 1654 112 47 Haec
857 1654 127 47 autem
942 1654 141 47 opinio
1040 1654 155 47 quantum
1152 1654 84 47 ad
1195 1654 112 47 suum
1251 1654 56 47 fu

754 1692 155 35 damentum
870 1692 155 35 superius
986 1692 103 35 fuit
1050 1692 167 35 improbata
1179 1692 77 35 in
1218 1692 77 35 x.
1244 1692 64 35 di-

757 1723 180 40 stinctione,
901 1723 60 40 &
925 1723 96 40 ideo
985 1723 144 40 breuiter
1093 1723 84 40 pro
1141 1723 156 40 praesenti
1249 1723 60 40 di-

757 1757 74 44 co
794 1757 161 44 praefatam
917 1757 161 44 opinionem
1041 1757 161 44 incurrere
1165 1757 99 44 tria
1226 1757 111 44 incon

736 1791 172 43 uenientia.

788 1826 134 42 Primum
881 1826 107 42 est,
948 1826 107 42 quia
1015 1826 160 42 Spiritus
1135 1826 147 42 Sanctus
1229 1826 80 42 erit

750 1857 111 36 magis
823 1857 135 36 intimus
922 1857 147 36 cuilibet
1032 1857 147 36 personae
1143 1857 147 36 diuinae,
1241 1857 74 36 quam

758 1891 96 36 sibi
818 1891 96 36 ipsi
878 1891 84 36 sit
926 1891 120 36 intima
1010 1891 120 36 aliqua
1095 1891 144 36 persona,
1203 1891 96 36 quod
1251 1891 60 36 est

755 1924 143 40 falsum,
859 1924 221 40 Consequentiam
1041 1924 130 40 probo,
1131 1924 104 40 quia
1196 1924 78 40 si
1222 1924 91 40 isto-

757 1956 87 46 rum
806 1956 173 46 imaginatio
942 1956 87 46 est
992 1956 99 46 vera
1053 1956 136 46 oportet
1152 1956 136 46 dicere,
1239 1956 74 46 quod

758 1996 149 41 quaelibet
872 1996 126 41 persona
964 1996 115 41 diuina
1045 1996 80 41 sic
1091 1996 92 41 amet
1148 1996 138 41 seipsam,
1240 1996 69 41 quod

757 2030 116 31 tamen
834 2030 129 31 mediet
924 2030 154 31 Spiritus
1040 2030 141 31 Sanctus
1143 2030 116 31 inter
1220 2030 90 31 eam
1259 2030 51 31 vt

756 2055 167 51 amantem,
882 2055 70 51 &
909 2055 153 51 seipsam
1021 2055 84 51 vt
1063 2055 153 51 amatam,
1175 2055 70 51 &
1202 2055 98 51 per
1244 2055 70 51 con
