1500 2272
165 175 130 52 Primum
256 175 104 52 est,
322 175 104 52 quia
387 175 144 52 incidit
491 175 78 52 in
530 175 170 52 opinionem
648 175 78 52 Stoi

165 223 129 38 corum,
255 223 103 38 quam
319 223 141 38 recitat
422 223 180 38 Simplicius
564 223 77 38 in
590 223 141 38 praedica-

173 261 157 34 mentis,
287 261 71 34 &
316 261 129 34 Auic.
401 261 86 34 3.
444 261 143 34 Metaph
544 261 71 34 &
559 261 171 34 improbatur

170 290 80 40 ab
210 290 148 40 eisdem.
317 290 107 40 Quod
384 290 121 40 autem
465 290 107 40 ista
532 290 134 40 opinio
612 290 121 40 coinci-

180 323 88 38 dat
231 323 88 38 cum
281 323 100 38 illa
344 323 151 38 apparet:
457 323 88 38 Tum
507 323 100 38 quia
570 323 100 38 isti
620 323 113 38 innitun

175 354 87 36 tur
224 354 162 36 quibusdam
349 354 187 36 rationibus,
499 354 125 36 quibus
573 354 150 36 innitebam.

182 392 81 40 tur
229 392 104 40 etiam
298 392 104 40 illi,
368 392 104 40 sicut
437 392 104 40 patet
507 392 174 40 intuentibus
634 392 93 40 opinio

181 420 91 37 nem
233 420 117 37 eorum
311 420 78 37 in
351 420 170 37 praefatis
481 420 130 37 locis:
572 420 91 37 Tum
625 420 104 37 quia
677 420 52 37 mo

180 453 90 37 dus
232 453 155 37 arguendi
348 453 116 37 Auic.
425 453 129 37 contra
516 453 129 37 dictam
593 453 142 37 opinionem

182 484 151 37 videtur
292 484 138 37 maxime
389 484 151 37 fundari
499 484 124 37 super
582 484 110 37 viam
637 484 96 37 commu

173 523 95 37 nis
228 523 190 37 opinionis,
377 523 109 37 quam
445 523 109 37 modo
513 523 136 37 teneo.
594 523 136 37 Procedit

181 551 101 40 enim
244 551 76 40 ex
282 551 88 40 eo,
333 551 101 40 quod
396 551 164 40 inuenitur
521 551 126 40 aliqua
597 551 126 40 relatio,

182 586 99 38 quae
243 586 148 38 conuenit
355 586 87 38 suo
404 586 186 38 fundamento,
553 586 99 38 siue
602 586 124 38 intelle-

179 620 95 37 ctus
238 620 178 37 intelligat,
381 620 95 37 siue
440 620 95 37 non,
500 620 59 37 &
523 620 95 37 haec
583 620 83 37 est
630 620 83 37 via
666 620 59 37 com

174 650 123 41 munis
256 650 191 41 opinionis:
407 650 96 41 Tum
462 650 137 41 etiam,
557 650 109 41 quia
612 650 123 41 Simpli-

180 685 100 40 cius
243 685 125 40 quando
331 685 138 40 recitat
431 685 163 40 opinionem
556 685 113 40 eorum
631 685 125 40 dicit,

186 719 111 45 ipsos
259 719 147 45 posuisse
370 719 172 45 relationem
505 719 86 45 non
554 719 98 45 esse
603 719 123 45 hyposta-

182 749 93 43 sim,
240 749 81 43 hoc
287 749 104 43 autem
356 749 81 43 non
402 749 116 43 potest
483 749 162 43 intelligi,
610 749 93 43 nisi
657 749 69 43 quia

176 785 95 39 non
231 785 122 39 habet
312 785 149 39 aliquam
420 785 149 39 naturam
528 785 122 39 extra
596 785 135 39 intelle-

174 818 124 37 ctum,
257 818 206 37 quemadmodum
421 818 124 37 ponit
504 818 165 37 praefata
613 818 124 37 opinio:

173 850 65 39 &
199 850 91 39 sic
251 850 142 39 videtur
354 850 103 39 quod
419 850 155 39 incidant
535 850 78 39 in
574 850 91 39 eam
613 850 116 39 opinio-

172 885 112 42 nem,
242 885 112 42 quam
312 885 182 42 intendunt
438 885 126 42 vitare.

213 919 156 40 Secundum
330 919 208 40 inconueniens
499 919 104 40 est,
564 919 104 40 quia
616 919 117 40 relatio

177 949 93 37 non
230 949 106 37 erit
296 949 93 37 ens
350 949 173 37 perfectum
482 949 120 37 extra
562 949 146 37 animam,
655 949 80 37 quod

177 982 126 41 omnino
265 982 88 41 est
316 982 138 41 falsum,
416 982 75 41 vt
454 982 126 41 statim
542 982 151 41 patebit.
642 982 88 41 Conse

187 1017 134 42 quentia
284 1017 85 42 est
333 1017 110 42 nota,
406 1017 97 42 quia
467 1017 122 42 illud,
552 1017 97 42 quod
601 1017 134 42 expectat.

180 1054 100 41 suam
243 1054 201 41 actualitatem
406 1054 75 41 ab
444 1054 125 41 anima,
531 1054 88 41 non
582 1054 88 41 est
632 1054 88 41 ens
669 1054 63 41 per

177 1085 129 47 fectum
267 1085 116 47 extra
344 1085 141 47 animam,
447 1085 90 47 sed
499 1085 141 47 relatio
589 1085 141 47 expectat.

177 1116 106 41 suam
243 1116 212 41 actualitatem
416 1116 80 41 ab
456 1116 119 41 anima
535 1116 173 41 (secundum
655 1116 66 41 eos

182 1154 96 39 ergo
242 1154 84 39 &c.
290 1154 143 39 Probatur
397 1154 143 39 falsitas
505 1154 203 39 consequentis,
660 1154 72 39 quia

177 1181 93 39 eum
230 1181 132 39 Metaph
322 1181 93 39 non
375 1181 159 39 inquirat
494 1181 106 39 nisi
560 1181 172 39 principia
679 1181 53 39 en

183 1218 86 43 tis
232 1218 147 43 perfecti
342 1218 110 43 extra
416 1218 135 43 animam,
514 1218 86 43 non
563 1218 172 43 inquireret
685 1218 49 43 de

171 1249 179 46 principiis
312 1249 192 46 relationum,
465 1249 115 46 cuius
542 1249 179 46 contratium
670 1249 64 46 pa-

181 1284 96 34 tet
236 1284 110 34 xij.
305 1284 110 34 merh
374 1284 96 34 com
429 1284 83 34 x.
470 1284 110 34 Quod
539 1284 124 34 autem
608 1284 124 34 Metaph-

179 1314 84 45 non
227 1314 144 45 inquirat
335 1314 96 45 nisi
395 1314 156 45 principia
515 1314 108 45 entis
587 1314 144 45 perfecti
683 1314 48 45 ap

185 1352 122 40 paret
267 1352 95 40 per
321 1352 108 40 Com.
389 1352 81 40 8.
429 1352 136 40 Metaph
524 1352 95 40 com
578 1352 149 40 vltimo,
673 1352 68 40 vbi

186 1385 126 35 dicit,
274 1385 100 35 quod
337 1385 251 35 praetermittendum
551 1385 88 35 est
601 1385 88 35 ens
651 1385 88 35 per
689 1385 50 35 ac

188 1417 137 38 eidens;
287 1417 62 38 &
312 1417 87 38 non
362 1417 87 38 ens
412 1417 187 38 veridicans,
562 1417 100 38 quia
612 1417 125 38 vtrunque

180 1448 121 39 eorum
260 1448 175 39 numeratur
395 1448 81 39 in
436 1448 135 39 genere
530 1448 121 39 entis
597 1448 135 39 imperfe-

185 1479 104 46 cti,
250 1479 65 46 &
276 1479 170 46 diminuti,
407 1479 65 46 &
433 1479 104 46 ideo
498 1479 222 46 perscrutandum
668 1479 65 46 est

183 1521 76 31 de
221 1521 101 31 ente
284 1521 164 31 perfecto,
411 1521 101 31 quod
474 1521 88 31 est
524 1521 114 31 extra
587 1521 114 31 animam.

222 1545 142 45 Tertium
326 1545 207 45 inconueniens
494 1545 104 45 est,
559 1545 104 45 quia
611 1545 129 45 sequitur

179 1579 184 38 relationem
324 1579 92 38 non
376 1579 105 38 esse
442 1579 105 38 vnum
508 1579 79 38 de
548 1579 119 38 decem
613 1579 119 38 praedi-

185 1615 177 43 camentis,
321 1615 109 43 quod
389 1615 95 43 est
444 1615 136 43 falsum
539 1615 231 43 Consequentiam

185 1651 136 40 probo,
281 1651 109 40 quia
349 1651 95 40 ens
404 1651 177 40 perfectum
540 1651 123 40 extra
608 1651 123 40 animam,

183 1683 81 40 de
223 1683 94 40 quo
277 1683 188 40 determinat
425 1683 135 40 Metaph
519 1683 94 40 est
573 1683 135 40 illud,
653 1683 81 40 quod

185 1716 164 39 diuiditur
312 1716 76 39 in
350 1716 114 39 decem
426 1716 228 39 praedicamenta,
615 1716 114 39 sicut
679 1716 63 39 pa-

184 1747 95 40 tet
239 1747 81 40 in
279 1747 122 40 eodem
347 1747 109 40 sexto.

238 1774 140 51 puartum
340 1774 203 51 inconueniens
505 1774 102 51 est,
569 1774 102 51 quia
620 1774 114 51 relatio

188 1810 95 46 erit
247 1810 71 46 de
283 1810 142 46 secundis
389 1810 177 46 intellectis
531 1810 106 46 (quod
602 1810 95 46 ipsi
649 1810 95 46 volunt

193 1846 139 34 vitare)
295 1846 101 34 quia
358 1846 89 34 est
408 1846 126 34 contra
497 1846 190 34 intentionem
649 1846 89 34 Com
686 1846 51 34 in

194 1880 103 40 xij.
259 1880 129 40 Metaph
349 1880 103 40 com.
414 1880 90 40 10.
466 1880 116 40 Probo
530 1880 207 40 Consequentiam,

197 1917 102 40 quia
261 1917 114 40 illa,
337 1917 102 40 quae
401 1917 89 40 non
452 1917 140 40 possunt
553 1917 178 40 apprehendi
680 1917 64 40 per

199 1946 149 41 primam,
308 1946 68 41 &
335 1946 163 41 directam
458 1946 245 41 apprehensionem
648 1946 95 41 intel

192 1979 147 40 fectus,
299 1979 94 40 sed
352 1979 241 40 apprehenduntur
553 1979 94 40 per
593 1979 147 40 secundam,

189 2012 63 36 &
215 2012 165 36 reflexam,
342 2012 152 36 videntur
456 2012 102 36 esse
519 2012 178 36 secundaria
646 2012 89 36 obie-

191 2045 83 55 cta
239 2045 179 55 intellecta,
382 2045 107 55 sicut
453 2045 83 55 est
501 2045 167 55 declaratum
620 2045 119 55 superius

743 173 72 52 in
779 173 84 52 23.
827 173 157 52 distinct,
948 173 84 52 sed
996 173 108 52 omnes
1068 173 169 52 relationes
1201 173 96 52 sunt
1249 173 48 52 hu

744 221 142 39 iusmodi
848 221 168 39 (secundum
977 221 117 39 istam
1055 221 117 39 viam)
1133 221 104 39 quod
1197 221 130 39 patet,

750 253 97 42 quia
810 253 84 42 vbi
859 253 121 42 nostra
943 253 181 42 apprehensio
1088 253 84 42 est
1136 253 157 42 veridica,
1245 253 48 42 o-

748 294 137 36 portet,
847 294 100 36 quod
910 294 175 36 mensuretur
1047 294 62 36 a
1072 294 75 36 re
1109 294 187 36 apprehensa,
1246 294 50 36 ac

746 320 87 44 per
795 320 175 44 consequens
933 320 87 44 res
982 320 175 44 apprehensa
1119 320 100 44 erit
1169 320 125 44 constitu

749 352 71 42 ta
785 352 71 42 in
820 352 83 42 suo
867 352 95 42 esse
927 352 201 42 conceptibili,
1092 352 59 42 &
1116 352 201 42 quidditatiuo,

740 384 167 46 antequam
865 384 250 46 apprehendatur.
1074 384 83 46 Et
1115 384 111 46 quia
1171 384 125 46 (secun-

746 414 86 48 dum
795 414 99 48 viam
857 414 160 48 praefatae
980 414 173 48 opinionis)
1116 414 173 48 relationes
1239 414 62 48 non

744 452 97 38 sunt
804 452 181 38 constitutae
949 452 73 38 in
986 452 85 38 suo
1034 452 97 38 esse
1094 452 206 38 conceptibili,
1264 452 60 38 &

756 489 213 41 quidditatiuo
929 489 106 41 ante
995 489 133 41 primam
1075 489 226 41 apprehensionem,

747 522 216 44 relinquitur,
922 522 108 44 quod
990 522 95 44 non
1044 522 149 44 possint
1138 522 162 44 apprehendi

748 552 91 42 per
800 552 130 42 primam
891 552 247 42 apprehensionem,
1099 552 91 42 sed
1138 552 156 42 necessario

742 591 251 43 apprefendentur
951 591 98 43 per
1007 591 181 43 secundam,
1147 591 70 43 &
1174 591 98 43 per
1216 591 84 43 con-

743 620 144 36 sequens
848 620 118 36 erunt
926 620 184 36 secundaria
1058 620 170 36 intellecta.

792 653 132 44 uintum
884 653 211 44 inconueniens
1056 653 106 44 est,
1122 653 106 44 quia
1188 653 119 44 ordo,
1254 653 40 44 &

741 686 157 39 connexio
859 686 157 39 vniuersi
976 686 183 39 expectabit
1120 686 105 39 suam
1172 686 118 39 actuali

750 718 114 36 tatem
827 718 76 36 ab
865 718 127 36 anima,
954 718 64 36 &
979 718 102 36 quia
1043 718 114 36 bonum
1119 718 153 36 vniuersi
1221 718 76 36 comn

748 751 124 35 sistit
834 751 74 35 in
871 751 136 35 ordine,
970 751 185 35 relinquitur
1119 751 161 35 vlterius,
1230 751 74 35 quod

751 784 115 39 bonum
828 784 89 39 non
879 784 89 39 sit
930 784 77 39 in
968 784 128 39 rebus,
1058 784 89 39 sed
1109 784 77 39 in
1147 784 128 39 anima:
1223 784 77 39 quod

752 816 102 47 est
811 816 146 47 contra
913 816 146 47 Arist.
1014 816 87 47 8.
1044 816 116 47 Metaph

781 849 98 45 Hoc
837 849 127 45 tamen
922 849 225 45 inconueniens
1104 849 169 45 adducunt
1217 849 84 45 ipsi

756 884 127 35 contra
845 884 89 35 se,
896 884 63 35 &
921 884 152 35 volentes
1036 884 114 35 illud
1112 884 140 35 vitate,
1200 884 102 35 dicunt

754 916 110 47 bonum
827 916 147 47 vuiuersi
937 916 86 47 non
986 916 171 47 consistere
1121 916 73 47 in
1158 916 135 47 ordine,
1256 916 86 47 sed
1292 916 37 47 :

751 954 77 43 in
790 954 115 43 rebus
866 954 128 43 ipsis,
956 954 102 43 quae
1020 954 141 43 fundant
1123 954 115 43 ipsum
1187 954 115 43 ordinem

787 982 148 42 VIterius
898 982 136 42 dicunt,
997 982 99 42 quod
1059 982 111 42 sicut
1133 982 99 42 ordo
1195 982 74 42 in
1219 982 87 42 ciui-

751 1016 107 34 tate
818 1016 121 34 facit
898 1016 94 34 eam
952 1016 134 34 bonam,
1045 1016 67 34 &
1072 1016 121 34 tamen
1153 1016 94 34 hoc
1206 1016 94 34 non
1246 1016 54 34 ob

751 1047 137 40 stante,
850 1047 99 40 ille
912 1047 99 40 ordo
974 1047 87 40 non
1024 1047 87 40 est
1073 1047 99 40 nisi
1135 1047 74 40 ex
1173 1047 137 40 imperio
1259 1047 50 40 Du

751 1085 106 38 cis:
817 1085 93 38 ita
870 1085 119 38 etiam
949 1085 93 38 suo
1002 1085 119 38 modo,
1082 1085 146 38 quamuis
1175 1085 132 38 niuersum

753 1117 149 38 dicatur
862 1117 122 38 bonum
943 1117 81 38 ex
984 1117 149 38 ordine,
1092 1117 108 38 iste
1160 1117 122 38 tamen
1228 1117 81 38 ordo

752 1150 178 40 secundum
885 1150 133 40 actum
974 1150 104 40 non
1034 1150 118 40 est,
1108 1150 118 40 nisi
1182 1150 89 40 ex
1211 1150 104 40 opere

742 1182 170 43 intellectus.

778 1216 114 37 Prima
854 1216 114 37 autem
930 1216 164 37 responsio
1056 1216 88 37 non
1107 1216 126 37 valet,
1195 1216 101 37 quia
1246 1216 63 37 se-

756 1250 176 45 queretur,
891 1250 108 45 quod
958 1250 135 45 remoto
1053 1250 149 45 ordine,
1161 1250 68 45 &
1174 1250 135 45 manenti-

753 1287 91 32 bus
805 1287 143 32 naturis
909 1287 130 32 rerum,
1000 1287 169 32 vniuersum
1129 1287 169 32 remaneret
1246 1287 52 32 in

749 1319 90 39 sua
800 1319 166 39 bonitate,
928 1319 102 39 quod
992 1319 115 39 patet
1069 1319 102 39 esse
1133 1319 141 39 falsum.
1222 1319 90 39 Secun

757 1348 71 36 da
793 1348 107 36 etiam
864 1348 154 36 responsio
983 1348 83 36 non
1030 1348 119 36 valet,
1113 1348 95 36 quia
1172 1348 95 36 ille
1220 1348 83 36 ordo,

760 1387 82 40 qui
807 1387 82 40 est
854 1387 71 40 in
890 1387 153 40 ciuitate,
1008 1387 82 40 non
1055 1387 165 40 innascitur
1184 1387 71 40 ex
1208 1387 106 40 naturis

752 1414 122 43 rerum
834 1414 218 43 ordinatarum,
1011 1414 95 43 sed
1065 1414 82 43 ex
1106 1414 109 43 mera
1160 1414 150 43 voluntate

758 1448 123 45 ipsius
844 1448 123 45 Ducis:
930 1448 98 45 ordo
991 1448 111 45 autem
1065 1448 148 45 vniuersi
1163 1448 148 45 innascitur

753 1488 110 36 ex
808 1488 184 36 natura
937 1488 166 36 rerum
1047 1488 295 36 ordinatarum.

781 1512 126 42 Sextum
870 1512 202 42 inconueniens
1033 1512 101 42 est,
1096 1512 101 42 quia
1159 1512 113 42 inter
1222 1512 76 42 acti

757 1549 106 37 uum,
823 1549 67 37 &
850 1549 160 37 passiuum
969 1549 93 37 non
1023 1549 106 37 erit
1089 1549 133 37 aliqua
1169 1549 133 37 habitudo

753 1579 154 42 secundum
869 1579 128 42 actum,
959 1579 90 42 sed
1010 1579 116 42 talis
1087 1579 154 42 habitudo
1190 1579 116 42 expecta

749 1616 94 44 bit
802 1616 108 44 suam
870 1616 215 44 actualitatem
1044 1616 81 44 ab
1085 1616 134 44 anima,
1179 1616 67 44 &
1205 1616 108 44 quia
1259 1616 54 44 a-

756 1645 131 42 ctiuum
848 1645 92 42 non
900 1645 131 42 potest
992 1645 118 42 agere
1071 1645 79 42 in
1110 1645 171 42 passiuum,
1228 1645 79 42 nisi

760 1681 130 37 praeuia
855 1681 95 37 tali
914 1681 177 37 habitudine;
1056 1681 177 37 relinquitur
1186 1681 118 37 vlterius

759 1713 103 45 quod
823 1713 129 45 nullum
913 1713 116 45 agens
991 1713 154 45 naturale
1106 1713 129 45 possit
1196 1713 116 45 agere
1261 1713 51 45 in

766 1753 145 34 assiuum,
874 1753 96 34 nisi
935 1753 133 34 praeuia
1031 1753 205 34 apprehensione
1200 1753 133 34 animae,

762 1787 112 39 quod
832 1787 98 39 est
888 1787 182 39 absurdum.
1028 1787 112 39 Quod
1099 1787 126 39 autem
1169 1787 140 39 actualis

762 1816 153 35 nabitudo
877 1816 127 35 actiui
966 1816 76 35 ad
1004 1816 153 35 passiuum
1118 1816 89 35 sit
1156 1816 153 35 necessario

764 1847 139 36 praeuia
865 1847 151 36 actioni,
979 1847 139 36 apparet
1080 1847 88 36 per
1130 1847 177 36 Simplicium
1257 1847 50 36 in

762 1884 222 38 praedicamentis,
949 1884 82 38 vbi
996 1884 82 38 sic
1043 1884 93 38 ait.
1101 1884 82 38 Nec
1148 1884 140 38 patietur
1241 1884 70 38 ali-

771 1914 85 34 uid
819 1914 133 34 alterum
916 1914 73 34 ab
952 1914 133 34 altero,
1049 1914 97 34 nisi
1109 1914 193 34 praecesserit
1255 1914 60 34 ip-

762 1946 95 44 lius
821 1946 71 44 ad
857 1946 107 44 aliud
928 1946 142 44 habitudo
1035 1946 142 44 coaptams
1142 1946 83 44 per
1177 1946 131 44 conuenien

757 1981 93 47 tiam
815 1981 127 47 patiens
908 1981 150 47 facienti,
1024 1981 69 47 vt
1058 1981 81 47 hoc
1105 1981 116 47 possit
1186 1981 116 47 agere,
1255 1981 58 47 il-

765 2012 85 45 lud
813 2012 97 45 vero
862 2012 85 45 pati,

780 2047 164 54 Septimum,
907 2047 202 54 inconueniens
1071 2047 101 54 est,
1134 2047 101 54 quia
1197 2047 139 54 grauia
