1500 2298
173 165 86 59 in
216 165 72 59 8
244 165 129 59 Metha
331 165 101 59 non
388 165 144 59 valet.
489 165 101 59 Tum
546 165 115 59 quia
604 165 129 59 Commen-

183 222 146 43 videtur
289 222 120 43 loqui
369 222 146 43 secudum
475 222 173 43 opinionem
595 222 133 43 aliorum;

178 254 87 36 tum
227 254 112 36 etiam
302 254 100 36 quia
365 254 75 36 si
402 254 100 36 eius
464 254 125 36 dictum
551 254 112 36 esset
614 254 112 36 vniuer-

179 281 136 53 saliter
277 281 123 53 verum,
363 281 172 53 sequeretur
499 281 99 53 quod
561 281 123 53 actio,
647 281 62 53 &
659 281 74 53 pas-

173 324 92 38 sio
225 324 131 38 essent
317 324 118 38 entia
396 324 105 38 apud
462 324 144 38 animam,
566 324 105 38 quod
619 324 118 38 ipsimet

179 357 137 45 negant,
278 357 87 45 tum
328 357 125 45 etiam,
415 357 100 45 quia
478 357 112 45 forte
552 357 100 45 Com.
602 357 125 45 intelli-

171 382 92 51 git
224 382 92 51 per
276 382 224 51 praedicamenta
461 382 158 51 habentia
567 382 158 51 comparatio

173 424 103 34 nem,
238 424 206 34 enunciabilia
405 424 155 34 copulata
522 424 77 34 in
547 424 181 34 enunciatione

177 455 92 42 per
229 455 118 42 actum
308 455 170 42 rationis,
438 455 65 42 &
465 455 105 42 isto
530 455 105 42 modo
595 455 92 42 non
634 455 92 42 habe-

175 488 111 48 rent
231 488 180 48 propositum.

209 511 129 50 Patet
294 511 114 50 ergo
366 511 157 50 quantum
480 511 86 50 ad
523 511 143 50 primum
609 511 129 50 articu-

181 551 102 39 lum,
245 551 102 39 quod
309 551 77 39 in
347 551 166 39 creaturis
475 551 89 39 est
526 551 128 39 aliqua
602 551 128 39 relatio,

176 591 102 39 quae
240 591 89 39 est
291 591 115 39 verum
367 591 89 39 ens
418 591 127 39 reale,
508 591 217 39 circumscripta
673 591 64 39 om-

174 625 85 53 ni
216 625 241 53 apprehensione
401 625 128 53 animae.

182 680 363 67 ARTICVLVS
434 680 279 67 SECVNDVS

189 747 100 59 Vtrum
256 747 100 59 talis
323 747 123 59 relatio
412 747 78 59 sit
456 747 134 59 realiter
557 747 145 59 distincta
668 747 56 59 a
679 747 56 59 suo

247 792 190 49 fundamento,
399 792 88 49 vel
450 792 88 49 sit
500 792 101 49 idem
551 792 126 49 realiter

396 825 113 42 cum
444 825 81 42 eo.

257 947 107 49 lrca
324 947 107 49 hunc
391 947 174 49 articulum
525 947 134 49 quidam
605 947 134 49 arbitran

262 990 80 41 tur
307 990 159 41 relationem
432 990 91 41 esse
489 990 137 41 realiter
592 990 159 41 distinctam
706 990 34 41 a

183 1025 92 42 suo
236 1025 198 42 fundamento.
394 1025 106 42 Quae
460 1025 132 42 quidem
552 1025 132 42 opinio
631 1025 106 42 posset

185 1057 116 54 alicui
267 1057 186 54 rationabilis
418 1057 128 54 videri,
511 1057 128 54 propter
604 1057 116 54 decem,
673 1057 70 54 quae

191 1092 138 46 possunt
292 1092 88 46 pro
342 1092 75 46 ea
367 1092 101 46 induci

219 1117 137 49 Primum
315 1117 110 49 est,
384 1117 110 49 quia
453 1117 137 49 illud,
549 1117 110 49 quod
604 1117 137 49 connume-

189 1153 104 46 ratur
259 1153 93 46 ipsi
317 1153 162 46 fundamento
444 1153 150 46 realiter,
560 1153 81 46 est
606 1153 139 46 realiter
699 1153 46 46 ab

187 1196 101 44 ipso
250 1196 189 44 distinctum,
401 1196 138 44 relatio
502 1196 88 44 est
552 1196 176 44 huiusmodi,
678 1196 63 44 er-

198 1223 78 46 so
237 1223 92 46 &c.
289 1223 118 46 Maior
368 1223 118 46 patet
446 1223 144 46 Minorem
551 1223 131 46 probo,
642 1223 92 46 qui
682 1223 52 46 si

190 1258 106 42 sibi
256 1258 93 42 non
309 1258 238 42 connumeraretur
507 1258 159 42 relatio,
613 1258 119 42 numerus

195 1297 112 36 lecem
269 1297 249 36 praedicamentorum
481 1297 87 36 non
530 1297 112 36 esset
605 1297 137 36 realis.

217 1333 62 37 2
241 1333 99 37 Illa
303 1333 99 37 sunt
365 1333 161 37 distincta
489 1333 161 37 realiter,
613 1333 74 37 in
638 1333 99 37 quorum

190 1358 168 48 quodlibet
319 1358 168 48 descendit
448 1358 90 48 ens
500 1358 90 48 per
551 1358 90 48 se,
603 1358 65 48 &
616 1358 129 48 immedia-

186 1391 95 45 te,
240 1391 162 45 relatio,
361 1391 68 45 &
388 1391 203 45 fundamentum
550 1391 108 45 sunt
604 1391 135 45 huiusmo-

187 1424 86 40 di,
236 1424 99 40 ergo
298 1424 86 40 &c.
347 1424 111 40 Maior
421 1424 136 40 videtur
519 1424 111 40 nota,
593 1424 99 40 quia
655 1424 74 40 si
679 1424 62 40 es-

184 1458 99 41 sent
245 1458 86 41 vna
295 1458 99 41 res,
356 1458 86 41 ens
405 1458 86 41 per
455 1458 86 41 se,
504 1458 62 41 &
529 1458 160 41 immediate
639 1458 99 41 descen

185 1496 121 38 deret
265 1496 81 38 in
305 1496 121 38 illam
386 1496 107 38 vnam
453 1496 94 38 rem
507 1496 188 38 immediate,
654 1496 67 38 &
668 1496 67 38 me-

186 1528 126 37 diante
275 1528 101 37 illa
338 1528 189 37 descenderet
489 1528 76 37 in
527 1528 164 37 quodlibet
641 1528 101 37 eorum.

191 1561 120 50 Minor
271 1561 120 50 etiam
351 1561 174 50 probatur,
485 1561 107 50 quia
552 1561 94 50 cum
592 1561 147 50 quodlibet

194 1595 237 38 praedicamentum
391 1595 92 38 sit
444 1595 224 38 irreducibile,
628 1595 66 38 &
641 1595 92 38 imper

182 1632 132 40 mistum
274 1632 159 40 oportet,
393 1632 106 40 quod
459 1632 93 40 ens
512 1632 172 40 descendat
644 1632 79 40 in
671 1632 66 40 ip-

185 1662 95 48 sum
240 1662 95 48 per
294 1662 95 48 se,
348 1662 68 48 &
361 1662 149 48 immediate

220 1691 63 50 3
246 1691 89 50 Non
296 1691 114 50 minus
372 1691 127 50 habent
461 1691 101 50 esse
525 1691 177 50 realitates
651 1691 89 50 imper

189 1723 136 45 mistae
285 1723 190 45 diuersorum
434 1723 286 45 praedicamentorum,
665 1723 82 45 quam

190 1765 174 44 realitates
327 1765 137 44 eiusdem
426 1765 224 44 praedicamenti,
613 1765 100 44 nunc
663 1765 87 44 autem

192 1797 154 40 videmus,
308 1797 103 40 quod
372 1797 103 40 duae
436 1797 90 40 res
488 1797 141 40 eiusdem
578 1797 167 40 praedicamen

196 1830 75 38 ti
233 1830 162 38 absoluti,
358 1830 75 38 vt
395 1830 100 38 pote
458 1830 137 38 albedo,
558 1830 62 38 &
583 1830 150 38 dulcedo,
683 1830 62 38 ita

190 1868 107 40 sunt
257 1868 214 40 impermistae,
431 1868 107 40 quod
498 1868 121 40 nullo
578 1868 107 40 modo
631 1868 121 40 possunt

194 1897 181 39 coincidere
337 1897 78 39 in
375 1897 130 39 eandem
466 1897 194 39 realitatem,
621 1897 104 39 ergo
673 1897 78 39 mul-

185 1935 81 42 to
225 1935 121 42 magis
306 1935 94 42 res
359 1935 188 42 diuersorum
494 1935 255 42 praedicamentorum.

220 1968 64 37 4
246 1968 103 37 Illa
310 1968 103 37 quae
374 1968 141 37 possunt
477 1968 103 37 sine
541 1968 77 37 se
580 1968 141 37 inuicem
670 1968 77 37 cor-

190 1995 127 45 rumpi,
279 1995 63 45 &
305 1995 165 45 generari,
432 1995 102 45 sunt
495 1995 152 45 realiter
597 1995 152 45 distincta.

185 2031 172 41 relatio,
314 2031 72 41 &
343 2031 216 41 fundamentum
515 2031 115 41 sunt
573 2031 172 41 huiusmodi,

188 2065 103 60 ergo
253 2065 91 60 &c.
304 2065 116 60 Maior
382 2065 91 60 est
434 2065 116 60 nota.
511 2065 116 60 Minor
589 2065 116 60 etiam
654 2065 91 60 appa

751 176 96 55 ret,
811 176 96 55 quia
871 176 120 55 potest
956 176 145 55 corrumpi
1064 176 181 55 similitudo,
1197 176 108 55 albedi-

743 219 90 42 ne
773 219 179 42 remanente.

768 252 61 41 3
792 252 110 41 Illud
866 252 74 41 in
903 252 86 41 quo
952 252 147 41 diuersae
1062 252 172 41 relationes
1197 252 98 41 sibi
1246 252 61 41 in-

747 288 114 36 uicem
823 288 177 36 suceedunt,
962 288 114 36 debet
1038 288 101 36 esse
1102 288 177 36 distinctum
1228 288 76 36 rea-

750 321 108 39 fiter
822 321 72 39 ab
858 321 96 39 onmi
918 321 168 39 relatione,
1050 321 84 39 sed
1098 321 144 39 diuersae
1194 321 108 39 relatio

745 357 97 38 nes
801 357 111 38 sibi
870 357 180 38 succedunt
1008 357 83 38 in
1050 357 125 38 eodem
1119 357 166 38 fundamento

747 389 106 38 ergo
813 389 93 38 &c.
866 389 120 38 Minor
946 389 93 38 est
999 389 80 38 de
1039 389 80 38 se
1079 389 120 38 nota:
1159 389 120 38 Maior
1225 389 80 38 pro-

753 423 125 39 batur:
841 423 100 39 Quia
904 423 88 39 per
954 423 201 39 suceessionem
1117 423 175 39 diuersarum
1242 423 63 39 for

749 459 115 35 matum
826 459 77 35 in
864 459 115 35 eadem
941 459 153 35 materia,
1056 459 153 35 probatur
1159 459 153 35 distinctio

746 495 147 33 realis
849 495 132 33 inter
938 495 191 33 materiam,
1085 495 74 33 &
1100 495 132 33 formam.

777 515 64 41 8
803 515 115 41 Sicut
879 515 76 41 se
917 515 115 41 habet
994 515 140 41 relatio
1096 515 153 41 rationis
1210 515 76 41 ad
1236 515 76 41 suum

755 554 198 50 fundamentum
913 554 158 50 secundum
1032 554 172 50 rationem,
1164 554 92 50 ita
1203 554 106 50 relam-

753 589 90 42 tio
805 589 129 42 realis
895 589 77 42 ad
934 589 103 42 suum
998 589 194 42 fundamentum
1153 589 129 42 reale;
1243 589 90 42 sed

761 624 135 39 relatio
859 624 147 39 rationis
969 624 196 39 distinguitur
1128 624 61 39 a
1153 624 86 39 suo
1190 624 123 39 fundamen

753 662 73 37 to
789 662 146 37 secundum
898 662 158 37 rationem,
1020 662 85 37 sic
1068 662 97 37 ergo
1129 662 133 37 relatio
1214 662 97 37 realis

752 692 221 32 distinguetur
932 692 69 32 a
959 692 97 32 suo
1015 692 193 32 fundamento
1153 692 152 32 realiter.

787 722 65 44 3
813 722 116 44 Illud
890 722 103 44 quod
955 722 142 44 accidit
1058 722 181 44 fundamento
1201 722 90 44 est
1239 722 65 44 rea

754 754 105 45 liter
824 754 163 45 distinctum
952 754 70 45 ab
987 754 81 45 eo,
1033 754 93 45 quia
1091 754 105 45 nihil
1161 754 128 45 accidit
1242 754 70 45 sibi

756 790 102 43 ipsi,
823 790 124 43 relatio
914 790 124 43 accidit
1004 790 169 43 fundamento,
1140 790 79 43 cum
1185 790 79 43 sit
1219 790 90 43 passio

754 828 103 47 eius,
822 828 103 47 sicut
891 828 103 47 patet
959 828 69 47 de
993 828 194 47 similitudine,
1153 828 91 47 quae
1210 828 80 47 est
1245 828 69 47 pas-

757 857 85 46 sio
805 857 169 46 qualitatis
926 857 85 46 ergo.

756 892 63 43 8
782 892 76 43 Si
820 892 139 43 relatio
921 892 89 43 non
971 892 114 43 esset
1047 892 152 43 realiter
1161 892 164 43 distincta
1275 892 38 43 a

749 920 93 44 suo
802 920 199 44 fundamento,
961 920 185 44 sequeretur
1106 920 106 44 quod
1159 920 159 44 relationes

753 960 159 41 haberent
872 960 225 41 distinctionem
1057 960 159 41 secundum
1177 960 132 41 magis,
1269 960 66 41 &

756 994 139 44 minus,
854 994 125 44 penes
937 994 167 44 maiorem,
1062 994 70 44 &
1090 994 153 44 minorem
1188 994 125 44 distin-

754 1026 149 42 ctionem
863 1026 81 42 in
903 1026 216 42 fundamentis,
1079 1026 108 42 quod
1147 1026 95 42 est
1187 1026 122 42 falsum,

755 1060 101 47 quia
819 1060 152 47 videmus,
932 1060 215 47 similitudinem
1110 1060 63 47 &
1122 1060 190 47 aequalitatem.

752 1095 147 37 fundari
859 1095 120 37 super
939 1095 94 37 res
992 1095 187 37 diuersorum
1126 1095 187 37 praedicamen-

752 1128 140 40 torum,
850 1128 70 40 &
878 1128 126 40 tamen
962 1128 126 40 minus
1046 1128 182 40 differunt
1186 1128 112 40 quam
1242 1128 70 40 si-

761 1158 156 38 militudo,
881 1158 60 38 &
905 1158 132 38 relatio
1001 1158 192 38 producentis,
1157 1158 96 38 quae
1205 1158 108 38 possunt

755 1194 148 42 fundari
862 1194 121 42 super
943 1194 135 42 eandem
1037 1194 94 42 rem
1091 1194 81 42 de
1118 1194 188 42 predicamente

758 1230 188 44 qualitatis,
909 1230 75 44 vt
946 1230 100 44 pote
1009 1230 113 44 super
1084 1230 150 44 calorem.
1197 1230 100 44 Quod
1247 1230 63 44 au-

754 1257 83 50 tem
802 1257 95 50 ille
861 1257 95 50 duae
921 1257 107 50 minus
992 1257 167 50 differant,
1123 1257 95 50 quam
1183 1257 119 50 istae,
1254 1257 60 50 ap-

766 1296 120 38 paret,
850 1296 96 38 quia
910 1296 108 38 illae
982 1296 156 38 pertinent
1103 1296 72 38 ad
1139 1296 120 38 eundem
1211 1296 96 38 modum,

760 1333 100 35 stae
823 1333 100 35 vero
886 1333 75 35 ad
924 1333 151 35 diuersos
1037 1333 126 35 modos,
1125 1333 100 35 quia
1175 1333 138 35 similitu-

749 1364 83 44 do
791 1364 166 44 pertinet
915 1364 83 44 ad
957 1364 139 44 primum
1054 1364 139 44 modum;
1151 1364 152 44 relatio
1248 1364 69 44 au-

757 1394 97 46 tem
812 1394 207 46 producentis
978 1394 83 46 ad
1005 1394 152 46 secundum.

782 1427 61 44 o
806 1427 74 44 Si
843 1427 135 44 relatio
941 1427 111 44 esset
1015 1427 98 44 idem
1077 1427 147 44 realiter
1187 1427 98 44 quod
1236 1427 74 44 suum

755 1457 212 40 fundamentum,
927 1457 199 40 sequeretur,
1086 1457 106 40 quod
1153 1457 119 40 nihil
1219 1457 93 40 esset

761 1495 102 38 plus
825 1495 77 38 in
864 1495 90 38 eis
915 1495 256 38 componibilitatis
1133 1495 102 38 post
1184 1495 128 38 composi-

756 1533 133 36 tionem,
853 1533 97 36 quam
914 1533 109 36 ante,
986 1533 61 36 &
1011 1533 109 36 nihil
1083 1533 109 36 minus
1156 1533 109 36 esset
1229 1533 73 36 in
1253 1533 61 36 eis

762 1563 108 38 post
830 1563 230 38 dissolutionem
1019 1563 189 38 adinuicem,
1168 1563 108 38 quam
1222 1563 95 38 ante,

766 1597 100 44 quod
829 1597 113 44 patet
904 1597 100 44 esse
954 1597 113 44 falsum.

791 1624 84 47 1o
833 1624 210 47 Sequeretur,
1001 1624 112 47 quod
1071 1624 168 47 actiuum,
1197 1624 70 47 &
1211 1624 112 47 passi-

753 1665 99 37 uum
809 1665 99 37 non
866 1665 169 37 haberent
993 1665 155 37 aliquam
1105 1665 155 37 maiorem
1204 1665 113 37 reali-

763 1697 125 38 tatem
847 1697 111 38 post
916 1697 125 38 eorum
1000 1697 278 38 approximationem,
1236 1697 111 38 quam

755 1737 114 38 ante;
831 1737 63 38 &
857 1737 89 38 per
908 1737 178 38 consequens
1047 1737 76 38 si
1085 1737 102 38 ante
1149 1737 89 38 non
1187 1737 127 38 poterant

760 1763 126 52 agere,
849 1763 63 52 &
874 1763 101 52 pati
937 1763 177 52 adinuicem,
1076 1763 88 52 nec
1127 1763 114 52 post;
1202 1763 101 52 quod
1253 1763 63 52 est

741 1799 174 38 absurdum.

793 1818 139 50 Contra
890 1818 125 50 autem
974 1818 125 50 istam
1057 1818 181 50 opinionem
1182 1818 139 50 consueue

762 1859 96 44 runt
822 1859 120 44 induci
906 1859 96 44 tria
953 1859 168 44 specialiter,

792 1898 60 37 1
816 1898 73 37 Si
852 1898 133 37 relatio
949 1898 109 37 esset
1022 1898 145 37 realiter
1131 1898 157 37 distincta
1251 1898 60 37 a
1264 1898 60 37 suo

763 1925 203 44 fundamento,
925 1925 203 44 sequeretur,
1087 1925 108 44 quod
1154 1925 149 44 faceret
1249 1925 68 44 cum

766 1970 78 33 eo
805 1970 233 33 compositionem:
999 1970 104 33 quod
1064 1970 91 33 est
1116 1970 130 33 contra
1206 1970 117 33 Doet.
1271 1970 52 33 In

762 2000 114 36 libro
838 2000 76 36 de
877 2000 140 36 Trinit.
978 2000 89 36 Vbi
1029 2000 190 36 concludendo
1181 2000 127 36 dicit,
1258 2000 63 36 non

767 2033 95 37 ergo
827 2033 119 37 potest
910 2033 95 37 dici
970 2033 203 37 predicationem
1137 2033 155 37 relatiuam
1244 2033 72 37 qui-

770 2070 102 45 quam
834 2070 102 45 rei,
898 2070 76 45 de
936 2070 89 45 qua
987 2070 140 45 dicitur
1089 2070 153 45 secundum
1203 2070 76 45 se
1229 2070 89 45 adde
