1500 2289
179 156 159 47 probatur
298 156 225 47 consequentia,
483 156 106 47 quia
549 156 185 47 acquisitio
682 156 66 47 no-

188 185 82 47 uae
235 185 82 47 rei
282 185 82 47 non
328 185 117 47 potest
410 185 93 47 esse
469 185 93 47 sine
527 185 105 47 vero,
597 185 58 47 &
621 185 105 47 reali
679 185 70 47 exi-

187 216 78 52 tu
226 216 78 52 de
265 216 156 52 potentia
382 216 78 52 ad
421 216 130 52 actum,
511 216 182 52 Falsitatem
641 216 104 52 probo,

190 255 104 45 quia
255 255 130 45 verus,
346 255 65 45 &
372 255 130 45 realis
463 255 130 45 exitus
553 255 78 45 de
592 255 156 45 potentia
696 255 52 45 ad

185 278 115 54 actum
262 278 89 54 non
313 278 128 54 potest
402 278 102 54 esse
466 278 102 54 sine
530 278 115 54 vero,
607 278 64 54 &
632 278 115 54 reali
696 278 51 54 a-

192 311 106 55 gente
263 311 71 55 in
298 311 118 55 illud,
381 311 71 55 in
416 311 83 55 quo
464 311 83 55 est
511 311 118 55 talis,
594 311 130 55 exitus:
676 311 71 55 nunc

191 345 121 58 autem
271 345 148 58 videmus
379 345 121 58 totum
459 345 201 58 contrarium,
620 345 107 58 quia
674 345 67 58 re-

185 381 112 50 latio
259 381 174 50 acquiritur
396 381 74 50 de
433 381 99 50 nouo
495 381 112 50 nullo
569 381 124 50 agente
656 381 74 50 in
681 381 62 50 ip-

184 426 95 45 sum
239 426 218 45 fundamentum,
416 426 82 45 in
457 426 95 45 quo
512 426 205 45 acquiritur.

219 433 58 69 3
243 433 70 69 Si
277 433 128 69 relatio
370 433 105 69 esset
440 433 139 69 realiter
545 433 151 69 distincta
661 433 58 69 a
672 433 70 69 fun-

191 480 149 56 damento,
302 480 186 56 sequeretur,
452 480 99 56 quod
514 480 112 56 esset
588 480 162 56 processus
700 480 50 56 in

186 517 163 47 infinitum
312 517 75 47 in
350 517 201 47 relationibus
513 517 163 47 realibus,
639 517 101 47 quod
702 517 75 47 ab

182 558 149 44 omnibus
291 558 176 44 reputatur
426 558 230 44 inconueniens.
602 558 149 44 Consequen

187 583 97 41 tiam
247 583 121 41 probo,
332 583 97 41 quia
392 583 73 41 si
429 583 169 41 similitudo
562 583 133 41 fundata
658 583 73 41 in
682 583 73 41 ista

183 617 143 53 albedine
291 617 108 53 esset
362 617 143 53 realiter
470 617 155 53 distincta
590 617 72 53 ab
625 617 84 53 ea,
673 617 60 53 &
685 617 60 53 si-

185 648 150 55 militudo
297 648 137 55 fundata
397 648 75 55 in
434 648 100 55 alia
496 648 150 55 albedine
609 648 112 55 esset
671 648 75 55 rea-

186 680 103 59 liter
254 680 149 59 distincta
369 680 69 59 ab
403 680 103 59 illa,
472 680 92 59 quia
529 680 115 59 dictae
598 680 149 59 similitudi-

186 715 87 59 nes
235 715 124 59 essent
322 715 99 59 duae
384 715 87 59 res
433 715 136 59 eiusdem
532 715 149 59 speciei,
632 715 111 59 possent

182 748 130 57 fundare
277 748 95 57 duas
336 748 106 57 alias
407 748 213 57 similitudines,
584 748 59 57 &
608 748 106 57 illae
667 748 71 57 alia

188 785 100 50 pari
250 785 137 50 ratione
349 785 100 50 duas
412 785 125 50 alias,
499 785 62 50 &
524 785 87 50 sic
574 785 75 50 in
599 785 149 50 infinitum.

188 827 82 41 Si
229 827 109 41 ergo
297 827 150 41 volumus
407 827 136 41 vitare
502 827 95 41 hoc
543 827 191 41 inconueniens

187 849 142 54 cogimur
290 849 142 54 dicere,
393 849 103 54 quod
458 849 180 54 similitudo
599 849 142 54 fundata
689 849 52 54 in

188 883 148 53 albedine
298 883 86 53 non
348 883 86 53 sit
397 883 148 53 realiter
507 883 160 53 distincta
630 883 74 53 ab
667 883 86 53 ea;
704 883 37 53 &

185 916 93 56 per
238 916 186 56 consequens
384 916 93 56 non
438 916 146 56 potest,
544 916 133 56 habere
624 916 120 56 aliquam

181 948 160 56 rationem
301 948 160 56 fundandi
421 948 174 56 propriam,
555 948 67 56 &
582 948 187 56 distinctam

184 984 131 55 contra
276 984 157 55 rationem
393 984 157 55 fundandi
511 984 131 55 ipsius
590 984 144 55 albedinis

186 1017 79 43 Et
225 1017 105 43 ideo
291 1017 92 43 vel
343 1017 131 43 nullam
435 1017 118 43 habet
513 1017 157 43 rationem
618 1017 118 43 fundan-

178 1050 82 55 di,
225 1050 82 55 vel
272 1050 105 55 habet
342 1050 117 55 illam,
424 1050 94 55 quae
483 1050 82 55 est
529 1050 152 55 ipsiusmet
635 1050 105 55 albedi-

184 1085 97 55 nis.
245 1085 73 55 Et
281 1085 73 55 ex
318 1085 85 55 hoc
366 1085 134 55 apparet
463 1085 122 55 melius
549 1085 122 55 illud,
634 1085 97 55 quod
682 1085 61 55 di-

179 1116 135 52 cebatur
277 1116 74 52 in
314 1116 184 52 praecedenti
461 1116 159 52 articulo;
584 1116 98 52 quia
633 1116 110 52 proces-

183 1155 86 51 sus
232 1155 74 51 in
269 1155 160 51 infinitum
391 1155 74 51 in
428 1155 196 51 relationibus
588 1155 147 51 sequitur
686 1155 49 51 ex

187 1185 93 55 ista
246 1185 117 55 causa,
327 1185 58 55 &
351 1185 82 55 non
397 1185 70 55 ex
432 1185 82 55 ea,
479 1185 93 55 quam
538 1185 93 55 illi
584 1185 152 55 assumebant.

184 1221 124 52 Teneo
267 1221 110 52 ergo
336 1221 124 52 istam
418 1221 193 52 opinionem,
570 1221 96 52 cum
611 1221 124 52 propter

178 1253 89 53 ea,
229 1253 101 53 quae
292 1253 101 53 modo
355 1253 114 53 dicta
431 1253 114 53 sunt,
507 1253 89 53 tum
558 1253 139 53 propter
646 1253 89 53 illa,

179 1285 111 64 quae,
253 1285 111 64 dicta
326 1285 99 64 sunt
388 1285 148 64 superius
499 1285 123 64 contra
585 1285 123 64 alias,
659 1285 74 64 opi

165 1333 117 38 niones.

219 1337 139 69 Propter
320 1337 113 69 tamen
396 1337 176 69 solutionem
534 1337 151 69 rationum
635 1337 101 69 primae

182 1384 170 55 opinionis,
316 1384 61 55 &
340 1384 73 55 vt
376 1384 122 55 opinio
462 1384 109 55 ista,
534 1384 97 55 quam
595 1384 122 55 teneo,
668 1384 61 55 me-

181 1418 101 52 lius
244 1418 214 52 intelligatur,
421 1418 88 52 est
471 1418 164 52 notandum,
597 1418 101 52 quod
648 1418 88 52 quam-

176 1453 82 51 uis
223 1453 129 51 relatio
317 1453 82 51 non
364 1453 82 51 sit
410 1453 152 51 distincta
527 1453 140 51 realiter
633 1453 59 51 a
644 1453 94 51 funda-

177 1484 121 60 mento,
262 1484 85 60 sed
310 1484 109 60 solum
383 1484 157 60 rationem,
504 1484 97 60 ista
564 1484 109 60 tamen
625 1484 109 60 distin-

181 1519 105 56 ctio
247 1519 158 56 rationis
365 1519 92 56 non
418 1519 158 56 prouenit
536 1519 79 56 ex
576 1519 132 56 nostro
655 1519 79 56 modo

177 1552 203 42 intelligendi,
344 1552 83 42 sed
392 1552 71 42 ex
427 1552 119 42 natura
511 1552 83 42 rei
546 1552 191 42 necessitantis.

177 1586 79 52 Vbi
222 1586 102 52 autem
290 1586 79 52 est
335 1586 102 52 talis
403 1586 158 52 distinctio
527 1586 147 52 rationis;
641 1586 79 52 ibi
674 1586 57 52 vna

178 1618 84 56 res
226 1618 72 56 ab
262 1618 84 56 vna
311 1618 169 56 realitate,
443 1618 121 56 tantum
528 1618 121 56 potest
600 1618 133 56 differre,

177 1650 134 57 quantum
274 1650 73 57 si
311 1650 85 57 per
360 1650 195 57 impossibile,
518 1650 85 57 vel
567 1650 85 57 per
603 1650 122 57 possibi-

175 1685 72 54 le
211 1685 108 54 esset
283 1685 84 54 sub
331 1685 144 54 pluribus
439 1685 204 54 realitatibus,
607 1685 108 54 sicut
667 1685 60 54 me-

174 1720 97 54 lius
234 1720 133 54 patebit
331 1720 121 54 infra,
415 1720 121 54 quando
500 1720 157 54 quaeretur
620 1720 72 54 de
645 1720 84 54 rela-

174 1754 147 57 tionibus
284 1754 196 57 personalibus
443 1754 147 57 fundatis
554 1754 74 57 in
590 1754 123 57 diuina
664 1754 61 57 es-

171 1786 141 54 sentia.
274 1786 77 54 Et
313 1786 103 54 ideo
377 1786 154 54 breuiter
493 1786 193 54 transeundo,
634 1786 90 54 quan-

180 1820 97 55 tum
235 1820 83 55 ad
277 1820 166 55 praesens
401 1820 124 55 dico;
484 1820 111 55 quod
539 1820 180 55 fundamentum

183 1848 60 60 &
207 1848 133 60 relatio
304 1848 73 60 in
340 1848 157 60 creaturis
461 1848 97 60 sunt
521 1848 85 60 vna
570 1848 85 60 res
606 1848 121 60 necessi-

174 1885 96 41 tans
234 1885 72 41 ad
270 1885 168 41 distinctos
402 1885 168 41 conceptus,
535 1885 60 41 &
559 1885 96 41 ideo
619 1885 96 41 sunt
667 1885 60 41 di-

174 1920 127 57 stincta
267 1920 208 57 conceptibilia,
440 1920 58 57 &
463 1920 150 57 distincta
567 1920 161 57 definibilia;

185 1956 55 48 &
207 1956 121 48 ratione
295 1956 110 48 istius
372 1956 198 48 distinctionis,
536 1956 88 48 quae
591 1956 77 48 est
635 1956 66 48 in
657 1956 66 48 esse

181 1987 189 53 conceptibili,
336 1987 56 53 &
359 1987 155 53 definibili
481 1987 111 53 potest
558 1987 122 53 relatio
636 1987 89 53 conexi

167 2025 105 57 gere
232 2025 196 57 extrinsecum
389 2025 170 57 terminum,
520 2025 105 57 quem
585 2025 92 57 non
624 2025 92 57 comne

764 141 116 60 xigit
842 141 207 60 fundamentum.
1010 141 78 60 Et
1049 141 155 60 hinciest
1165 141 168 60 vlterius,
1281 141 65 60 quo

763 182 145 46 quamdiu
868 182 145 46 relatio
974 182 92 46 non
1027 182 119 46 habet
1106 182 198 46 extrinsecum
1251 182 79 46 ter-

767 219 120 48 minum,
851 219 96 48 quem
911 219 167 48 conexigit,
1042 219 84 48 non
1090 219 132 48 dicitur
1186 219 96 48 esse
1245 219 72 48 in
1269 219 60 48 fun

764 251 159 45 damento,
883 251 106 45 nisi
949 251 159 45 secundum
1069 251 186 45 potentiam,
1215 251 93 45 hoc
1255 251 66 45 au-

773 284 87 44 tem
822 284 99 44 ideo
884 284 99 44 est,
946 284 99 44 quia
1008 284 87 44 non
1057 284 111 44 habet
1131 284 99 44 suum
1193 284 99 44 esse
1243 284 74 44 con-

767 328 182 39 ceptibile,
910 328 65 39 &
936 328 182 39 definibile
1079 328 156 39 complete
1196 328 104 39 sine
1248 328 78 39 ter

743 359 120 40 mino.

799 362 77 72 Et
838 362 102 72 ideo
901 362 89 72 est
952 362 179 72 diligenter
1093 362 204 72 aduertendum,
1246 362 77 72 quod

764 419 86 43 cum
813 419 171 43 acquiritur
947 419 135 43 relatio
1045 419 73 43 de
1082 419 98 43 nouo
1143 419 73 43 in
1180 419 122 43 aliquo
1254 419 73 43 fun-

760 455 155 42 damento
873 455 99 42 non
929 455 155 42 debemus
1041 455 197 42 imaginari,
1196 455 113 42 quod
1253 455 70 42 in-

769 491 118 38 cipiat
852 491 95 38 esse
911 491 71 38 in
947 491 83 38 eo,
994 491 118 38 aliqua
1077 491 154 38 realitas,
1195 491 95 38 quae
1242 491 83 38 prius

769 526 85 36 non
817 526 109 36 erat,
890 526 85 36 sed
938 526 97 36 illa
999 526 121 36 eadem,
1083 526 97 36 quae
1144 526 97 36 erat
1204 526 121 36 prius,
1289 526 60 36 &

759 554 90 51 non
811 554 142 51 habebat
914 554 103 51 esse
978 554 219 51 conceptibile,
1159 554 64 51 &
1171 554 155 51 definibile

769 591 172 34 complete
898 591 172 34 secundum
1026 591 258 34 praedicamentum
1227 591 100 34 rela-

764 625 140 42 tionis.
866 625 102 42 Nunc
930 625 102 42 vero
994 625 76 42 de
1032 625 102 42 nouo
1096 625 89 42 per
1147 625 204 42 coexigentiam

761 663 171 40 extrinseci
895 663 147 40 termini,
1005 663 98 40 quem
1066 663 159 40 coexigit,
1189 663 110 40 habet
1250 663 73 40 con-

760 685 115 50 plete,
841 685 58 50 &
864 685 173 50 virtualiter
1003 685 92 50 tale
1060 685 92 50 esse
1118 685 196 50 conceptibile,
1279 685 58 50 &

763 728 187 39 definibile
910 728 161 39 secundum
1030 728 134 39 dictum
1110 728 201 39 predicamentum

764 756 112 46 Neque
838 756 112 46 mirum
913 756 100 46 esse
976 756 125 46 debet,
1063 756 100 46 quia
1126 756 112 46 sicut
1201 756 100 46 fuit
1251 756 62 46 de-

771 786 130 46 claratum
868 786 130 46 superius
966 786 65 46 in
998 786 54 46 2
1020 786 86 46 art.
1073 786 76 46 70.
1117 786 97 46 dist.
1181 786 65 46 ad
1214 786 86 46 esse
1257 786 54 46 re-

761 824 152 47 lationis
876 824 89 47 duo
926 824 190 47 concurrunt,
1079 824 152 47 scilicet
1180 824 140 47 fundamen-

756 858 116 41 tum,
829 858 73 41 &
858 858 189 41 terminus,
1003 858 102 41 non
1062 858 131 41 tamen
1149 858 131 41 eodem
1221 858 102 41 modo;

770 888 99 49 quia
832 888 161 49 inquantum
956 888 137 49 relatio
1055 888 87 49 res
1105 888 137 49 quaedam
1204 888 99 49 est,
1254 888 62 49 sic

761 926 82 40 ad
802 926 109 40 esse
871 926 109 40 suum
939 926 177 40 concurrit
1075 926 109 40 suum
1130 926 191 40 fundamentum;

761 957 96 48 cum
816 957 123 48 totam
898 957 110 48 suam
967 957 206 48 realitatem,
1131 957 137 48 habeat
1227 957 82 48 ab
1255 957 69 48 eo;

758 994 110 47 simo,
831 994 98 47 quod
892 994 98 47 plus
953 994 98 47 est,
1014 994 159 47 coincidit
1136 994 73 47 in
1173 994 122 47 eandem
1246 994 73 47 rea-

764 1026 141 43 litatem
867 1026 90 43 cum
918 1026 90 43 eo,
969 1026 64 43 &
995 1026 102 43 ideo
1059 1026 167 43 acquisita
1174 1026 141 43 realitate

764 1060 176 43 tundamenti,
905 1060 164 43 necessario
1034 1060 164 43 acquititur
1163 1060 141 43 realitas
1256 1060 59 43 re-

764 1090 145 51 lationis:
875 1090 67 51 In
909 1090 123 51 quantum
998 1090 89 51 vero
1054 1090 123 51 relatio
1143 1090 78 51 est
1187 1090 100 51 talis
1254 1090 89 51 res,

758 1122 103 54 quae
822 1122 116 54 habet
900 1122 103 54 esse
964 1122 219 54 conceptibile,
1144 1122 64 54 &
1157 1122 154 54 definibilt

753 1160 153 44 secundum
868 1160 230 44 praedieamentum
1060 1160 192 44 relationis,
1214 1160 90 44 sic
1265 1160 77 44 ad

760 1190 103 49 esse
825 1190 103 49 suum
889 1190 168 49 concurrit
1018 1190 181 49 necessario
1147 1190 168 49 extrinsecus

756 1223 189 50 terminus,
902 1223 73 50 &
931 1223 174 50 secundum
1062 1223 131 50 istum
1149 1223 131 50 modum
1222 1223 87 50 ipsa

763 1261 84 45 est
811 1261 216 45 distinguibilis
991 1261 84 45 per
1039 1261 108 45 actum
1111 1261 144 45 rationis
1219 1261 72 45 ab
1243 1261 72 45 esse

757 1298 209 43 conceptibili,
929 1298 61 43 &
953 1298 172 43 definibili
1089 1298 172 43 fundamenti
1224 1298 74 43 ex
1249 1298 61 43 na-

755 1324 97 50 tura
815 1324 85 50 rei
864 1324 218 50 necessitantis.
1045 1324 73 50 Ex
1081 1324 121 50 quibus
1166 1324 133 50 omnibus
1251 1324 60 50 vl-

759 1363 142 42 terius
858 1363 171 42 apparet,
986 1363 114 42 quod
1057 1363 156 42 nunquam
1157 1363 156 42 fundamen-

761 1389 84 53 tum
809 1389 108 53 debet
881 1389 96 53 dici
942 1389 96 53 esse
1002 1389 72 53 in
1038 1389 145 53 potentia
1146 1389 72 53 ad
1170 1389 145 53 relationem

759 1428 145 44 ecundum
864 1428 106 44 suum
930 1428 106 44 esse
996 1428 132 44 reale,
1089 1428 92 44 sed
1141 1428 119 44 solum
1207 1428 106 44 secun-

758 1462 91 45 dum
810 1462 104 45 suum
875 1462 104 45 esse
941 1462 222 45 conceptibile,
1123 1462 65 45 &
1136 1462 170 45 definibile,

752 1500 101 45 quod
816 1500 89 45 non
866 1500 114 45 habet
942 1500 164 45 complete,
1069 1500 63 45 &
1094 1500 190 45 actualiter,
1233 1500 76 45 nisi

749 1526 90 49 per
801 1526 218 49 coexistentiam
980 1526 180 49 extrinseci
1109 1526 116 49 termini

781 1549 86 61 His
830 1549 110 61 autem
903 1549 123 61 visis.
989 1549 86 61 Non
1038 1549 159 61 difficile
1161 1549 86 61 est
1198 1549 110 61 respon-

757 1590 98 53 dere
818 1590 74 53 ad
855 1590 147 53 rationes
965 1590 123 53 primae
1039 1590 147 53 opinionis.

741 1608 88 66 Ad
785 1608 146 66 primam
888 1608 117 66 ergo
961 1608 190 66 dicendum,
1108 1608 117 66 quod
1166 1608 132 66 relatis

749 1662 226 48 connumeratur
932 1662 99 48 suo
989 1662 197 48 fundamento
1144 1662 127 48 solum
1214 1662 85 48 con-

747 1691 218 52 ceptibiliter,
927 1691 90 52 hoc
978 1691 115 52 tamen
1055 1691 90 52 non
1106 1691 167 52 obstante,
1221 1691 90 52 nume-

750 1727 86 50 rus
799 1727 247 50 praedicamentorum
1009 1727 111 50 debet
1083 1727 99 50 dici
1145 1727 136 50 realis;
1231 1727 74 50 quia

755 1756 87 61 tes
804 1756 99 61 ipse
866 1756 186 61 necessitant
1015 1756 74 61 ad
1052 1756 112 61 talem
1114 1756 186 61 numerationem,

743 1790 72 53 &
757 1790 217 53 distinctionem

780 1806 85 69 Ad
822 1806 171 69 secundam
950 1806 114 69 vero
1022 1806 185 69 dicendum,
1164 1806 114 69 quod
1221 1806 85 69 quia

743 1849 153 63 descensus
861 1849 106 63 entis
932 1849 71 63 in
967 1849 201 63 praedicamenta
1133 1849 83 63 fit
1180 1849 83 63 per
1215 1849 83 63 actum

741 1891 171 43 rationis,
872 1891 145 43 idcirco
978 1891 119 43 adhoc
1057 1891 105 43 quod
1123 1891 92 43 ens
1162 1891 145 43 descendat

747 1929 76 45 in
785 1929 127 45 aliqua
874 1929 89 45 duo
925 1929 178 45 immediate,
1065 1929 89 45 non
1116 1929 153 45 oportet,
1218 1929 76 45 quod

752 1961 79 48 int
797 1961 147 48 distincta
910 1961 147 48 realiter,
1023 1961 79 48 sed
1069 1961 147 48 sufficit,
1182 1961 91 48 quod
1227 1961 68 48 sini

751 1991 160 55 distincta
873 1991 110 55 solum
947 1991 245 55 conceptibiliter,
1156 1991 135 55 dummodo
1242 1991 61 55 non

748 2025 92 58 sint
805 2025 172 58 reducibilia
942 2025 217 58 conceptibiliter
1125 2025 69 58 in
1160 2025 69 58 se
1183 2025 114 58 inuicem,
