1500 2282
190 152 127 50 vnitas,
283 152 81 50 vel
329 152 150 50 indiuisio
445 152 139 50 absoluta
549 152 173 50 sequeretur,
676 152 69 50 quod

189 195 110 45 esset
262 195 98 45 idem
323 195 110 45 error
397 195 122 45 ponere
482 195 73 45 in
519 195 86 45 Deo
568 195 122 45 plures
641 195 98 45 essen-

196 223 111 57 tias,
269 223 61 57 &
294 223 123 57 plures
380 223 209 57 paternitates,
552 223 98 57 quod
614 223 111 57 patet
675 223 74 57 esse

174 262 129 46 falsum.

228 267 134 68 Probant
326 267 147 68 insuper,
436 267 98 68 quod
497 267 122 68 dictae
582 267 98 68 duae
631 267 110 68 indiui-

195 322 113 49 siones
274 322 147 49 absolutae
387 322 147 49 differant
500 322 68 49 ab
533 322 90 49 illa
590 322 113 49 tertia
658 322 90 49 relati

197 364 81 35 ua,
244 364 58 35 &
267 364 81 35 hoc
313 364 173 35 dupliciter.
451 364 115 35 Primo,
532 364 92 35 quia
590 364 92 35 illa
636 364 104 35 relati-

193 399 76 35 ua
231 399 152 35 supponit
346 399 114 35 istas
422 399 102 35 duas
485 399 178 35 absolutas.
612 399 127 35 Secundo,

190 436 92 35 quia
248 436 150 35 quaelibet
364 436 150 35 indiuisio
479 436 139 35 absoluta
583 436 81 35 est
629 436 69 35 in
664 436 69 35 se
687 436 58 35 ade

197 465 116 40 quata,
279 465 58 40 &
302 465 209 40 conuertibilis;
476 465 151 40 indiuisio
592 465 93 40 vero
639 465 104 40 relati-

198 497 77 37 ua
237 497 168 37 essentiae
366 497 90 37 cum
417 497 168 37 quacunque
547 497 194 37 proprietate
688 497 65 37 non

191 531 84 33 est
239 531 168 33 adaequata,
371 531 84 33 nec
419 531 204 33 conuertibilis
588 531 60 33 :
612 531 132 33 remanet
696 531 60 33 er-

194 557 72 50 go
230 557 96 50 quod
290 557 96 50 sint
338 557 156 50 distinctae.

232 568 84 68 Per
280 568 108 68 istas
352 568 108 68 autem
424 568 192 68 indiuisiones
579 568 120 68 volunt
651 568 96 68 vitare

201 623 111 44 omnes
275 623 222 44 difficultates,
460 623 99 44 quae
521 623 99 44 sunt
583 623 74 44 de
607 623 136 44 Trinitate

204 658 191 46 personarum.
357 658 89 46 Nam
408 658 102 46 quia
472 658 204 46 proprietates
625 658 115 46 relati-

200 699 82 34 uae
247 699 94 34 sunt
306 699 94 34 idem
365 699 82 34 cum
411 699 141 34 essentia
517 699 164 34 identitate
634 699 106 34 relati-

194 730 85 37 ua;
242 730 97 37 ideo
303 730 145 37 saluatur
412 730 85 37 ibi
460 730 194 37 simplicitas,
618 730 97 37 quia
666 730 73 37 vero

192 764 85 35 non
240 764 97 35 sunt
301 764 97 35 idem
362 764 170 35 identitate
496 764 158 35 absoluta,
617 764 97 35 ideo
666 764 73 35 con-

194 796 166 38 tradictoria
327 796 155 38 praedicata
449 796 122 38 possunt
538 796 78 38 eis
582 796 144 38 attribui,
682 796 55 38 non

188 833 110 38 tamen
261 833 135 38 propter
359 833 86 38 hoc
408 833 86 38 est
457 833 86 38 ibi
506 833 208 38 contradictio,
665 833 73 38 quia

199 857 110 46 talia
272 857 171 46 praedicata
407 857 86 46 non
456 857 196 46 verificantur
615 857 73 46 de
639 857 98 46 eodem;

194 897 62 33 &
218 897 87 33 per
268 897 174 33 consequens
405 897 174 33 saluabitur
542 897 174 33 distinctio
666 897 75 33 rea-

186 929 90 47 lis
238 929 193 47 personarum,
392 929 64 47 &
418 929 103 47 haec
482 929 90 47 est
533 929 116 47 eorum
610 929 129 47 opinio
688 929 51 47 ex

191 962 125 39 dictis
279 962 113 39 eorum
342 962 138 39 collecta.

219 968 104 72 Quae
284 968 129 72 quidem
374 968 129 72 opinio
465 968 142 72 videtur
569 968 104 72 mihi
620 968 117 72 defice-

183 1031 91 41 re
228 1031 166 41 propter
334 1031 106 41 nouem

224 1033 108 68 Primo
296 1033 145 68 deficit,
405 1033 96 68 quia
465 1033 120 68 ponit,
549 1033 96 68 quod
610 1033 108 68 illa,
670 1033 60 68 qua

190 1092 100 39 sunt
252 1092 100 39 vnum
314 1092 87 39 per
364 1092 187 39 identitatem
514 1092 212 39 repetitionis,
677 1092 62 39 si-

186 1125 89 44 cut
237 1125 115 44 homo,
314 1125 64 44 &
339 1125 102 44 alal
403 1125 128 44 habent
493 1125 191 44 identitatem
646 1125 115 44 abso

192 1155 118 50 lutam,
275 1155 95 50 quod
334 1155 107 50 patet
405 1155 95 50 esse
465 1155 130 50 falsum,
559 1155 71 50 ex
595 1155 118 50 dictis
678 1155 83 50 eo

187 1189 100 45 rum,
249 1189 125 45 dicunt
336 1189 100 45 enim
398 1189 175 45 identitate
536 1189 162 45 absolutam
660 1189 100 45 esse

188 1223 206 44 conuertibilem,
360 1223 57 44 &
382 1223 161 44 adaequata,
509 1223 57 44 &
532 1223 69 44 in
566 1223 80 44 hoc
612 1223 126 44 differt
692 1223 46 44 ab

185 1258 165 40 identitate
315 1258 153 40 relatiua:
433 1258 71 40 si
469 1258 94 40 ergo
528 1258 106 40 homo,
598 1258 59 40 &
622 1258 94 40 aial
669 1258 71 40 sunt

186 1298 100 37 idem
248 1298 87 37 per
298 1298 187 37 identitatem
447 1298 212 37 repetitionis,
609 1298 125 37 coguntur

186 1327 172 40 necessario
321 1327 135 40 dicere,
419 1327 98 40 quod
480 1327 98 40 sunt
542 1327 98 40 idem
591 1327 135 40 conuerti-

187 1362 149 40 biliter,
298 1362 99 40 quod
360 1362 124 40 omnino
447 1362 87 40 est
496 1362 136 40 falsum,
596 1362 87 40 vel
633 1362 99 40 cogun-

187 1394 87 45 tur
236 1394 75 45 ad
274 1394 236 45 contradictoria,
472 1394 99 45 quod
534 1394 87 45 est
584 1394 137 45 penitus
671 1394 62 45 in

168 1430 186 41 conueniens

213 1431 62 66 2
237 1431 99 66 Quia
299 1431 111 66 ponit
373 1431 111 66 illa,
448 1431 99 66 quae
509 1431 99 66 sunt
571 1431 99 66 idem
621 1431 111 66 identi-

177 1490 100 42 tate
240 1490 213 42 repetitionis,
416 1490 88 42 ita
466 1490 75 42 se
503 1490 138 42 habere,
604 1490 100 42 quod
654 1490 75 42 sem-

182 1524 81 49 per
229 1524 127 49 alterum
321 1524 104 49 eorum
391 1524 81 49 est
437 1524 81 49 ens
484 1524 151 49 rationis,
600 1524 81 49 nec
646 1524 81 49 est
681 1524 46 49 in

186 1554 76 49 eo
224 1554 101 49 quod
287 1554 176 49 denominat,
426 1554 101 49 nisi
489 1554 151 49 secundum
589 1554 139 49 rationem,

186 1597 59 38 &
210 1597 83 38 sic
257 1597 142 38 probant,
364 1597 95 38 quod
423 1597 166 38 paternitas
554 1597 83 38 non
601 1597 83 38 sit
649 1597 107 38 eadem

186 1629 154 38 essentiae
305 1629 83 38 per
352 1629 201 38 repetitionem,
518 1629 95 38 quia
577 1629 178 38 sequeretur,

183 1660 99 45 quod
244 1660 111 45 esset
319 1660 87 45 ens
368 1660 161 45 rationis,
492 1660 62 45 &
517 1660 87 45 non
566 1660 111 45 esset
640 1660 74 45 in
665 1660 62 45 Deo

181 1688 165 47 realiter.
308 1688 102 47 Iste
372 1688 114 47 tamen
448 1688 114 47 modus
524 1688 140 47 dicendi
613 1688 114 47 manife-

181 1726 78 39 ste
225 1726 111 39 falsus
303 1726 89 39 est,
359 1726 89 39 quia
415 1726 123 39 videmus
504 1726 89 39 quod
560 1726 100 39 alial
627 1726 78 39 est
660 1726 67 39 idem

177 1752 131 47 homini
269 1752 92 47 per
321 1752 210 47 repetitionem
492 1752 171 47 (secundum
624 1752 105 47 eos)
690 1752 66 47 &

180 1791 113 39 tamen
256 1791 150 39 constat,
368 1791 100 39 quod
431 1791 100 39 aial
493 1791 88 39 est
543 1791 113 39 nomen
618 1791 88 39 rei
656 1791 75 39 exi-

185 1823 135 43 stentis
283 1823 111 43 extra
357 1823 135 43 animam,
455 1823 147 43 alioquin
565 1823 184 43 sequeretur,

180 1854 97 47 quod
240 1854 97 47 homo
301 1854 84 47 non
349 1854 109 47 esset
421 1854 145 47 realiter
530 1854 121 47 alial;
614 1854 60 47 &
638 1854 97 47 ideo
687 1854 48 47 vi

191 1894 115 34 dentur
271 1894 115 34 decipi
352 1894 81 34 per
398 1894 150 34 fallaciam
513 1894 127 34 figurae
593 1894 138 34 dictionis,

187 1923 84 40 Non
235 1923 96 40 enim
295 1923 144 40 sequitur
403 1923 108 40 alial
475 1923 84 40 est
523 1923 168 40 distinctum
655 1923 72 40 ab
679 1923 48 40 ho

186 1958 99 41 mine
248 1958 149 41 secundum
359 1958 161 41 rationem,
483 1958 99 41 ergo
545 1958 87 41 est
595 1958 87 41 ens
632 1958 99 41 ratio-

189 1988 97 43 nis;
250 1988 97 43 quia
310 1988 73 43 in
347 1988 182 43 antecedente
492 1988 85 43 non
541 1988 134 43 sumitur
626 1988 97 43 illud;

183 2024 95 55 quod
243 2024 83 55 est
290 2024 107 55 alal,
362 2024 83 55 sed
409 2024 95 55 ipsa
469 2024 167 55 distinctio
600 2024 155 55 animalis,

765 155 101 50 quae
829 155 152 50 pertinet
943 155 76 50 ad
981 155 228 50 praedicamentum
1158 155 165 50 relationis;

759 196 78 47 in
798 196 195 47 consequente
954 196 104 47 vero
1019 196 143 47 sumitur
1123 196 117 47 illud
1201 196 104 47 quod
1253 196 65 47 est

762 225 147 44 animal,
868 225 67 44 &
895 225 160 44 pertinet
1015 225 80 44 ad
1055 225 240 44 praedicamentum
1242 225 80 44 sub

758 261 110 43 stantiae.

794 273 63 63 3
820 273 101 63 Quia
883 273 126 63 ponit,
971 273 101 63 quod
1034 273 139 63 propria
1135 273 126 63 passio
1210 273 101 63 habeat

763 323 183 50 identitatem
909 323 158 50 relatiuam
1031 323 85 50 cum
1080 323 158 50 subiecto,
1201 323 61 50 &
1226 323 73 50 ex
1250 323 61 50 hoc

768 357 91 47 ipso
824 357 80 47 non
870 357 114 47 potest
949 357 125 47 concipi
1040 357 136 47 praecise
1143 357 91 47 sine
1188 357 125 47 subiecto,

761 401 74 41 vt
798 401 137 41 dicunt,
897 401 99 41 quod
959 401 87 41 est
1009 401 137 41 falsum;
1108 401 87 41 nam
1158 401 137 41 constat
1245 401 74 41 ean-

758 431 93 41 dem
811 431 212 41 identitatem,
983 431 66 41 &
1010 431 265 41 indistinctionem,
1235 431 106 41 quam

764 460 113 43 habet
840 460 126 43 passio
928 460 88 43 cum
978 460 164 43 subiecto,
1104 460 126 43 habere
1180 460 138 43 subiectum

762 495 90 43 cum
813 495 166 43 passione:
941 495 179 43 quapropter
1082 495 77 43 si
1120 495 115 43 dicta
1184 495 141 43 indistin-

762 525 107 41 ctio,
833 525 59 41 &
857 525 154 41 identitas
975 525 83 41 est
1023 525 107 41 causa
1094 525 83 41 cur
1141 525 119 41 passio
1224 525 83 41 non
1260 525 71 41 pos-

759 558 92 47 sit
811 558 144 47 concipi
916 558 157 47 praecise
1034 558 92 47 non
1086 558 183 47 includendo
1217 558 105 47 subie-

767 594 111 42 ctum,
840 594 98 42 pari
902 594 135 42 ratione
1000 594 98 42 erit
1062 594 111 42 causa
1136 594 86 42 cur
1185 594 86 42 non
1222 594 98 42 possit

759 625 151 45 concipi
869 625 179 45 subiectum
1007 625 96 45 non
1062 625 193 45 includendo
1199 625 124 45 passio-

756 666 99 38 nem,
818 666 99 38 quod
880 666 112 38 patet
954 666 99 38 esse
1017 666 137 38 falsum,
1116 666 62 38 &
1141 666 99 38 ideo
1203 666 99 38 iste
1253 666 62 38 mo-

764 693 89 44 dus
815 693 139 44 dicendi
916 693 139 44 videtur
1017 693 139 44 peccare
1119 693 89 44 per
1169 693 89 44 non
1207 693 114 44 causam,

754 728 82 41 vt
782 728 122 41 causam.

775 738 65 65 4
801 738 157 65 Deficit,
919 738 105 65 quia
984 738 118 65 ponit
1063 738 209 65 indiuisionem
1219 738 92 65 rela-

759 791 125 53 tiuam
843 791 181 53 supponere
982 791 223 53 indiuisionem
1149 791 167 53 absolutam:

760 826 79 43 ad
799 826 105 43 quod
865 826 131 43 dictum
956 826 157 43 sequitur
1074 826 196 43 necessario,
1231 826 105 43 quod

758 861 147 42 essentia
868 861 122 42 possit
953 861 134 42 concipi
1051 861 147 42 praecise
1161 861 86 42 non
1198 861 122 42 coinclu-

757 897 120 37 dendo
837 897 213 37 proprietatem
1010 897 186 37 relatiuam,
1156 897 67 37 &
1183 897 67 37 e
1196 897 120 37 conuer-

759 929 100 38 so,:
822 929 113 38 cuius
897 929 163 38 oppositum
1023 929 150 38 praefata
1136 929 125 38 opinio
1211 929 100 38 omnino

751 957 154 38 asserit,
867 957 64 38 &
892 957 90 38 per
943 957 179 38 consequens
1084 957 141 38 videtur
1187 957 103 38 sibi
1238 957 77 38 con-

752 990 178 46 tradicere:
892 990 216 46 Consequentiam
1070 990 127 46 probo,
1159 990 102 46 quia
1222 990 76 46 si
1248 990 63 46 sem

758 1034 82 34 per
805 1034 106 34 prius
876 1034 117 34 potest
958 1034 129 34 concipi
1052 1034 94 34 sine
1110 1034 164 34 posteriori
1228 1034 82 34 ipsum

763 1058 135 44 praecise
864 1058 79 44 non
909 1058 169 44 includendo,
1045 1058 90 44 ergo
1101 1058 68 44 si
1135 1058 90 44 illa
1191 1058 147 44 indiuisio

751 1090 154 43 absoluta,
870 1090 83 43 qua
917 1090 142 43 essentia
1024 1090 83 43 est
1072 1090 142 43 indiuisa
1178 1090 59 43 a
1202 1090 71 43 se
1226 1090 83 43 ipsa-

763 1128 77 37 est
807 1128 99 37 prior
873 1128 88 37 illa
928 1128 165 37 indiuisione
1060 1128 143 37 relatiua,
1170 1128 77 37 qua
1214 1128 77 37 est
1247 1128 55 37 in-

752 1160 119 44 diuisa
835 1160 59 44 a
859 1160 190 44 proprietate,
1013 1160 131 44 poterit
1108 1160 131 44 concipi
1191 1160 119 44 essentia

763 1189 149 49 praecise,
877 1189 103 49 prout
946 1189 92 49 stat
1004 1189 80 49 sub
1050 1189 80 49 sua
1096 1189 172 49 indiuisione
1234 1189 103 49 abso

756 1233 118 32 luta,
834 1233 92 32 quo
887 1233 105 32 modo
952 1233 92 32 non
1005 1233 157 32 includit
1110 1233 196 32 proprietatem,

759 1258 162 46 priusquam
883 1258 199 46 concipiatur,
1045 1258 112 46 prout
1120 1258 100 46 stat
1182 1258 87 46 sub
1220 1258 87 46 indi-

754 1289 164 47 uisione
873 1289 194 47 relatiua,
1023 1289 179 47 secundum
1157 1289 119 47 quem
1217 1289 104 47 modum

748 1325 149 46 includit
847 1325 187 46 proprietatem.

787 1336 65 67 3
813 1336 104 67 Quia
878 1336 91 67 non
930 1336 143 67 possunt
1034 1336 156 67 saluare,
1152 1336 104 67 quod
1204 1336 104 67 indiui

752 1392 79 40 sio
797 1392 146 40 absoiuta,
909 1392 56 40 &
932 1392 135 40 relatiua
1033 1392 90 40 sint
1089 1392 169 40 distinctae,
1224 1392 101 40 sicut

745 1427 176 39 intendunt,
884 1427 101 39 quod
947 1427 126 39 patet,
1035 1427 88 39 Nam
1085 1427 88 39 vel
1135 1427 113 39 erunt
1198 1427 101 39 distin

750 1460 98 42 ctae
811 1460 147 42 seipsis,
921 1460 98 42 quod
982 1460 86 42 non
1031 1460 122 42 potest
1117 1460 110 42 dici,
1190 1460 86 42 cum
1227 1460 73 42 sint

754 1499 110 35 purae
827 1499 196 35 priuationes,
987 1499 86 35 vel
1036 1499 74 35 ex
1073 1499 209 35 diuisionibus,
1232 1499 74 35 quas

753 1532 153 36 priuant,
868 1532 102 36 quod
931 1532 114 36 etiam
1008 1532 127 36 nequit
1097 1532 114 36 dici,
1173 1532 102 36 quia
1236 1532 89 36 non

750 1565 130 41 priuant
845 1565 166 41 diuisiones
975 1565 130 41 debitas
1069 1565 130 41 inesse,
1164 1565 83 41 vel
1199 1565 95 41 possi-

744 1590 108 42 biles
816 1590 132 42 inesse;
913 1590 84 42 imo
961 1590 169 42 diuisiones
1093 1590 205 42 impossibiles;
1262 1590 60 42 &

742 1629 100 38 ideo
804 1629 125 38 dictae
891 1629 200 38 indiuisiones
1053 1629 150 38 videntur
1153 1629 150 38 praecedere

754 1657 191 46 diuisiones,
907 1657 102 46 quas
971 1657 153 46 priuant,
1086 1657 64 46 &
1112 1657 89 46 per
1150 1657 153 46 consequens

749 1694 83 39 non
796 1694 130 39 poterit
891 1694 95 39 sumi
950 1694 106 39 earum
1021 1694 166 39 distinctio
1151 1694 71 39 ab
1187 1694 95 39 eis:
1234 1694 59 39 Neo

746 1734 120 37 potest
830 1734 108 37 dici,
902 1734 96 37 quod
962 1734 96 37 sint
1022 1734 168 37 distinctae
1153 1734 72 37 ex
1177 1734 120 37 fundamen

744 1760 88 39 to,
795 1760 100 39 quia
857 1760 100 39 ipsi
920 1760 88 39 non
970 1760 125 39 ponunt
1058 1760 75 39 in
1095 1760 175 39 fundamento
1221 1760 75 39 ali-

745 1798 101 35 quam
808 1798 214 35 distinctionem
984 1798 151 35 praeuiam
1098 1798 101 35 eis,
1161 1798 138 35 remanet
1249 1798 50 35 er

746 1828 81 40 go,
793 1828 92 40 quod
850 1828 92 40 sint
908 1828 127 40 penitus
989 1828 162 40 indistinctae

782 1862 64 41 o
808 1862 102 41 Quia
871 1862 115 41 ponit
948 1862 166 41 propriam,
1075 1862 64 41 &
1101 1862 178 41 distinctam
1228 1862 64 41 pas

743 1888 129 43 sionem
833 1888 103 43 sine
898 1888 155 43 proprio,
1014 1888 64 43 &
1039 1888 167 43 distincto
1155 1888 142 43 subiecto,

749 1931 102 37 quod
813 1931 141 37 videtur
915 1931 205 37 impossibile,
1082 1931 64 37 &
1107 1931 166 37 absurdum,
1222 1931 77 37 quod

749 1958 116 44 autem
826 1958 90 44 hoc
878 1958 167 44 sequatur,
1006 1958 77 44 ex
1044 1958 128 44 dictis
1134 1958 141 44 ipsorum
1224 1958 77 44 pro-

739 1991 89 41 bo.
790 1991 139 41 Constat
891 1991 139 41 namque,
992 1991 101 41 quod
1056 1991 139 41 vnitas,
1157 1991 63 41 &
1182 1991 139 41 indiui

741 2023 94 57 sio
794 2023 174 57 absoluta,
928 2023 160 57 secundum
1048 2023 107 57 quam
1115 2023 174 57 quodlibet
1235 2023 67 57 ens
