1500 2285
185 144 177 60 obiectum,
322 144 136 60 nullus
417 144 123 60 debet
499 144 177 60 dubitare.
635 144 95 60 Nam
676 144 68 60 di-

189 180 91 48 cit
241 180 142 48 Comxij.
344 180 142 48 Metaph.
448 180 104 48 cap.
513 180 91 48 50.
565 180 104 48 quod
616 180 130 48 intelle-

187 223 98 51 ctus
248 223 111 51 aptus
322 223 86 51 est
371 223 148 51 diuidere
482 223 74 51 ea
519 223 98 51 quae
580 223 98 51 sunt
629 223 111 51 adunata

190 252 170 49 adinuicem
321 252 78 49 in
347 252 91 49 esse-

229 266 90 70 Ad,
281 266 154 70 secundum
396 266 116 70 dico,
473 266 103 70 quod
537 266 103 70 illa
589 266 154 70 distinctio

186 318 153 48 rationis
301 318 115 48 valet
378 318 115 48 nobis
454 318 77 48 ad
493 318 153 48 vitandum
595 318 140 48 contradi-

188 348 163 55 ctionem,
311 348 95 55 non
365 348 149 55 tanquam
474 348 136 55 causa,
569 348 95 55 sed
623 348 149 55 tanquam

188 382 131 52 signum
280 382 210 52 necessarium,
450 382 92 52 per
502 382 105 52 quod
555 382 183 52 conuincimus;

190 414 102 55 quod
254 414 192 55 fundamentum
408 414 115 55 talis
484 414 217 55 distinctionis
651 414 90 55 aequi

191 447 120 60 pollet
275 447 167 60 fundamento
406 447 203 60 distinctionis
574 447 132 60 realis;
669 447 60 60 &
681 447 60 60 per

186 493 194 41 consequens,
341 493 116 41 sicut
418 493 77 41 in
457 493 181 41 fundamento
586 493 155 41 distinctio

186 517 87 52 nis
235 517 124 52 realis
322 517 87 52 non
372 517 112 52 habet
446 517 112 52 locum
521 517 211 52 contradictio;
682 517 62 52 ita

184 551 120 51 etiam
264 551 94 51 nec
317 551 80 51 in
357 551 187 51 fundamento
504 551 227 51 distinctionis
678 551 67 51 ra-

181 581 133 53 tionis
274 581 107 53 isto
341 581 107 53 modo
407 581 160 53 accepte.
528 581 93 53 Nam
581 581 133 53 semper
661 581 80 53 dice

184 624 98 46 tur,
245 624 98 46 quod
306 624 110 46 talia
379 624 159 46 predicata
501 624 220 46 contradictoria
672 624 61 46 nen

190 648 214 60 verificantur
364 648 161 60 secundum
484 648 107 60 idem
538 648 201 60 conceptibili-

186 691 92 48 ter,
244 691 81 48 vel
279 691 196 48 aequipollenter.

203 699 88 69 Ad
247 699 161 69 tertium
364 699 131 69 autem
452 699 175 69 dicendum
583 699 131 69 quod,
656 699 73 69 tre

180 750 139 51 possunt
281 750 101 51 esse
345 750 126 51 causae
433 750 114 51 quare
509 750 126 51 aliqua
584 750 152 51 distinctio

190 797 146 38 ationis
296 797 120 38 possi
376 797 146 38 arguere
482 797 133 38 aliquo
575 797 106 38 modo
629 797 106 38 compo-

183 812 158 53 sitionem.
305 812 85 53 Vna
353 812 110 53 causa
426 812 97 53 est,
487 812 73 53 si
524 812 97 53 vnum
585 812 134 53 illorum
670 812 61 53 con

176 855 191 48 ceptibilium
329 855 89 48 sit
380 855 178 48 extraneum,
520 855 64 48 &
545 855 191 48 accidentale
685 855 51 48 al

177 883 131 49 teri,
265 883 73 49 &
294 883 174 49 secundum
424 883 131 49 istum
511 883 131 49 modum
584 883 145 49 possumus

182 928 142 40 dicere,
285 928 103 40 quod
350 928 142 40 relatio
453 928 77 40 in
492 928 181 40 creaturis,
621 928 116 40 quamuis

177 951 97 51 non
233 951 139 51 faciat
330 951 223 51 compositonem
511 951 139 51 realem
609 951 97 51 cum
650 951 84 51 fun-

174 997 160 43 damento,
293 997 120 43 facit
373 997 120 43 tamen
453 997 226 43 compositionem
626 997 106 43 ratio-

176 1022 95 46 nis,
235 1022 95 46 quia
295 1022 83 46 est
342 1022 95 46 sibi
402 1022 154 46 extranea,
520 1022 59 46 &
544 1022 202 46 accidentalis.

170 1050 143 55 Secunda
274 1050 117 55 causa
352 1050 104 55 est,
417 1050 91 55 si,
470 1050 104 55 vnum
535 1050 143 55 illorum
626 1050 104 55 conce-

177 1084 160 51 ptibilium
300 1084 86 51 est
349 1084 74 51 in
386 1084 148 51 potentia
496 1084 74 51 ad
533 1084 148 51 alterum,
632 1084 98 51 secun-

173 1120 90 49 dum
224 1120 103 49 quod
289 1120 90 49 est
340 1120 218 49 distinguibile
520 1120 77 49 ab
558 1120 77 49 eo
597 1120 90 49 per
635 1120 90 49 actum

171 1153 181 52 rationis,
311 1153 167 52 secundum
436 1153 112 52 quem
506 1153 126 52 modum
590 1153 126 52 genus
659 1153 70 52 est

175 1186 72 49 in
211 1186 144 49 potentia
319 1186 72 49 ad
355 1186 204 49 differentiam,
522 1186 60 49 &
546 1186 96 49 ideo
606 1186 108 49 facit
666 1186 60 49 ali

176 1217 108 52 quam
243 1217 229 52 compositionem
431 1217 94 52 cum
485 1217 94 52 ea;
539 1217 148 52 Tertia,
633 1217 94 52 causa

176 1257 92 43 est.
234 1257 161 43 limitatio,
361 1257 92 43 ita,
418 1257 69 43 vt
453 1257 81 43 vni
499 1257 127 43 illorum
579 1257 150 43 conceptibi-

169 1285 107 48 lium
236 1285 94 48 non
289 1285 174 48 repugnet,
423 1285 107 48 quod
490 1285 147 48 alterum
597 1285 80 48 se
623 1285 94 48 habea

167 1320 91 48 per
219 1320 183 48 additionem
363 1320 78 48 ad
402 1320 130 48 ipsum,
493 1320 65 48 &
519 1320 104 48 ista
584 1320 117 48 causa
650 1320 78 48 con-

171 1355 118 48 currit
254 1355 71 48 in
290 1355 130 48 vtroque
384 1355 142 48 exemplo,
491 1355 142 48 superius
598 1355 118 48 posito
669 1355 59 48 (vt

175 1400 110 37 patet
248 1400 110 37 omnes
321 1400 110 37 autem
394 1400 110 37 istae
468 1400 98 37 tres
529 1400 122 37 causae
602 1400 122 37 deficiur

174 1423 67 45 in
207 1423 89 45 ista
263 1423 178 45 distinctione
407 1423 144 45 rationis,
518 1423 89 45 quae
574 1423 78 45 est
618 1423 100 45 inter
673 1423 56 45 es-

170 1459 160 43 sentiam,
289 1459 66 43 &
316 1459 213 43 proprietatem
489 1459 173 43 relatiuam
622 1459 93 43 (vt
662 1459 66 43 pa-

173 1485 95 49 tet)
233 1485 95 49 quia
292 1485 84 49 non
340 1485 84 49 est
388 1485 84 49 ibi
436 1485 227 49 accidentalitas,
627 1485 84 49 cum
662 1485 60 49 non

168 1523 116 42 possit
250 1523 93 42 esse
308 1523 81 42 ibi
355 1523 128 42 aliquod
448 1523 186 42 accidentale;
599 1523 81 42 nec
646 1523 81 42 est
680 1523 47 42 et

166 1553 82 49 ibi
213 1553 212 49 potentialitas,
390 1553 82 49 cum
437 1553 82 49 sit
484 1553 106 49 purus
554 1553 118 49 actus;
637 1553 82 49 nec
672 1553 47 49 li

172 1589 140 58 mitatio,
277 1589 81 58 cum
324 1589 81 58 sit
370 1589 163 58 infinitus,
498 1589 70 58 vt
533 1589 70 58 ad
568 1589 140 58 praesens
661 1589 58 58 sup

148 1626 170 45 ponitur.

189 1631 160 73 Possumus
309 1631 107 73 ergo
375 1631 80 73 ex
415 1631 147 73 omnibus
522 1631 120 73 istis
589 1631 133 73 conclude

177 1687 85 47 te,
225 1687 97 47 quod
286 1687 109 47 inter
359 1687 170 47 essentiam,
492 1687 61 47 &
517 1687 194 47 proprietates
662 1687 61 47 re-

173 1723 129 44 latiuas
267 1723 164 44 necessario
396 1723 82 44 sit
443 1723 141 44 ponenda,
549 1723 164 44 distinctio
666 1723 59 44 ra-

168 1755 134 47 tionis,
265 1755 73 47 eo
302 1755 110 47 modo,
375 1755 85 47 quo
424 1755 122 47 dictum
509 1755 97 47 est;
570 1755 85 47 nec
619 1755 85 47 est
655 1755 61 47 ne-

165 1786 116 50 cesse
242 1786 128 50 ponere
332 1786 141 50 aliquam
435 1786 128 50 aliam,
525 1786 103 50 quia
589 1786 116 50 omnia
653 1786 64 50 quo

170 1819 99 51 alij
231 1819 124 51 volunt
318 1819 136 51 saluare
417 1819 87 51 per
467 1819 210 51 distinctionem
627 1819 87 51 forma

170 1851 102 52 lem,
234 1851 89 52 vel
285 1851 153 52 modalem,
400 1851 153 52 possumus
514 1851 89 52 nos
565 1851 140 52 saluare
654 1851 64 52 per

170 1887 114 48 solam
246 1887 215 48 distinctionem
424 1887 165 48 rationis,
550 1887 89 48 hoc
601 1887 101 48 modo
652 1887 63 48 in-

168 1918 166 51 tellectam.
299 1918 71 51 Et
335 1918 95 51 haec
394 1918 131 51 videtur
489 1918 119 51 fuisse
572 1918 143 51 intentio
667 1918 48 51 Ma

164 1953 117 52 gistri
246 1953 70 52 in
281 1953 140 52 sequenti
387 1953 140 52 distinct
492 1953 82 52 vbi
539 1953 105 52 inter
597 1953 117 52 persona,

165 1987 65 46 &
191 1987 183 46 essentiam,
335 1987 157 46 concedit
453 1987 118 46 solum
532 1987 118 46 illam
597 1987 118 46 distin-

165 2022 153 47 ctionem,
280 2022 102 47 quae
344 2022 89 47 est
395 2022 153 47 secundum
510 2022 166 47 rationem,
637 2022 64 47 &
650 2022 64 47 per

752 142 205 49 consequens
914 142 132 49 eodem
1002 142 117 49 modo
1075 142 161 49 videtur
1177 142 147 49 dicendum

760 183 73 53 de
796 183 158 53 essentia,
918 183 61 53 &
942 183 183 53 proprietate
1089 183 158 53 relatiua,
1210 183 97 53 quia
1259 183 61 53 per

763 219 94 58 sona
822 219 83 58 non
869 219 130 58 differt
964 219 71 58 ab
999 219 153 58 essentia,
1117 219 94 58 nisi
1176 219 130 58 ratione
1259 219 59 58 pro

757 249 151 58 prietatis
862 249 139 58 relatiuae.

790 272 86 71 His
839 272 111 71 autem
913 272 123 71 visis,
999 272 98 71 Leue
1060 272 86 71 est
1109 272 160 71 respodere
1232 272 74 71 ad
1257 272 61 71 ra-

760 316 140 53 tiones
858 316 154 53 aliarum
970 316 196 53 opinionum,
1125 316 112 53 quae
1181 316 126 53 probant

760 349 85 57 ibi
808 349 97 57 esse
869 349 109 57 aliam
941 349 218 57 distinctionem,
1123 349 97 57 quam
1171 349 145 57 distinctio

759 384 155 55 rationis.
879 384 72 55 Ad
914 384 143 55 rationes
1022 384 108 55 autem
1094 384 120 55 primae
1166 384 143 55 opinionis.

794 419 81 54 Ad
834 419 134 54 primam
928 419 121 54 dico,
1008 419 107 54 quod
1075 419 134 54 illud,
1169 419 107 54 quod
1223 419 94 54 secun

760 446 96 51 dum
815 446 151 51 seipsum
925 446 137 51 totum,
1021 446 69 51 &
1049 446 165 51 secundum
1173 446 124 51 totam
1241 446 69 51 re;

762 487 133 55 litatem
859 487 97 55 suam
919 487 85 55 est
967 487 193 55 respectiuum,
1125 487 85 55 est
1161 487 157 55 distinctum,

764 518 82 52 vel
811 518 199 52 distinguibile
975 518 223 52 conceptibiliter
1163 518 70 52 ab
1186 518 129 52 absoluto,

756 554 62 53 &
780 554 124 53 potest
867 554 111 53 dici,
941 554 99 53 quod
1003 554 87 53 est
1052 554 173 53 distinctum
1188 554 74 53 ab
1213 554 99 53 absolu

762 586 74 51 to
799 586 234 51 aequipollenter,
996 586 99 51 quia
1057 586 123 51 tantum
1144 586 136 51 potest,
1242 586 74 51 ac
1267 586 49 51 si

758 619 110 53 esset
831 619 97 53 dist
892 619 134 53 inctum;
989 619 85 53 nam
1038 619 97 53 illa
1099 619 158 53 identitas
1220 619 97 53 quam
1269 619 61 53 ha-

762 652 87 49 pet
811 652 87 49 cum
861 652 161 49 absoluro,
985 652 87 49 non
1035 652 124 49 aufert
1122 652 75 49 ab
1159 652 75 49 eo
1196 652 99 49 suam
1246 652 62 49 en-

753 685 153 54 titatem,
868 685 64 54 &
893 685 89 54 per
944 685 191 54 consequens,
1097 685 115 54 sicut
1174 685 127 54 stante
1250 685 64 54 sua

752 719 178 48 identitate
892 719 89 48 cum
943 719 152 48 absoluto
1057 719 140 48 remanet
1159 719 89 48 ibi
1209 719 89 48 sua
1248 719 63 48 en-

760 753 123 54 titas,
846 753 86 54 ita
895 753 111 54 etiam
969 753 160 54 remanebit
1093 753 99 54 sibi
1155 753 86 54 sua
1192 753 123 54 proprie-

753 786 96 52 tas,
813 786 96 52 quae
873 786 156 52 consistit
993 786 72 52 in
1029 786 96 52 hoc,
1089 786 96 52 quod
1149 786 84 52 est
1185 786 132 52 distingue

753 821 91 52 re,
805 821 65 52 &
831 821 168 52 refferre;
960 821 116 52 sicut
1038 821 129 52 posset
1128 821 103 52 poni
1180 821 129 52 exemplum

749 855 80 42 de
789 855 174 42 sensitino
923 855 80 42 in
963 855 121 42 anima
1043 855 147 42 humana,
1150 855 107 42 quod
1204 855 107 42 quidem

754 887 119 53 habet
833 887 198 53 identitatem
991 887 92 53 cum
1044 887 119 53 anima
1109 887 198 53 intellectiua,

753 919 118 49 tamen
832 919 92 49 non
884 919 157 49 obstante
1002 919 105 49 illa
1068 919 197 49 identitate,
1212 919 92 49 reti-

747 951 93 54 net
800 951 106 54 sibi
866 951 106 54 suam
932 951 159 54 propriam
1051 951 198 54 identitatem
1209 951 66 54 :
1223 951 93 54 rema-

752 985 78 55 net
796 985 100 55 etiam
863 985 67 55 ei
897 985 78 55 sua
941 985 167 55 proprietas,
1075 985 89 55 quae
1131 985 78 55 est
1175 985 89 55 esse
1220 985 89 55 princi

753 1018 101 56 pium
816 1018 113 56 actus
892 1018 176 56 sentiendi;
1031 1018 88 56 ita
1081 1018 76 56 vt
1119 1018 101 56 vere
1182 1018 126 56 possit
1258 1018 50 56 de

744 1050 75 55 eo
782 1050 113 55 dici,
858 1050 101 55 quod
920 1050 113 55 ipsum
996 1050 88 55 sit
1046 1050 176 55 distinctum
1184 1050 75 55 ab
1209 1050 101 55 intel-

751 1086 134 58 lectiuo
849 1086 232 58 aequipollenter,
1044 1086 98 58 quia
1105 1086 110 58 aeque
1179 1086 134 58 potest,
1264 1086 49 58 ac

747 1120 71 53 si
783 1120 107 53 esset
842 1120 142 53 distinctum

747 1140 103 61 Ad
798 1140 207 61 secundam
953 1140 207 61 dicendum
1109 1140 155 61 eodem
1195 1140 103 61 modo

747 1182 90 56 nam
799 1182 141 56 quamuis
901 1182 141 56 relatio
1004 1182 90 56 sit
1056 1182 103 56 idem
1120 1182 103 56 quod
1184 1182 103 56 sola
1236 1182 64 56 es-

750 1224 112 46 entia
824 1224 161 46 realiter,
948 1224 62 46 &
973 1224 186 46 formaliter:
1122 1224 87 46 non
1172 1224 87 46 est
1209 1224 87 46 tamet

739 1250 93 58 idem
798 1250 234 58 conceptibiliter,
996 1250 82 58 vel
1043 1250 234 58 aequipolleniter,
1230 1250 70 58 quia

743 1284 136 58 essentia
845 1284 102 58 sola,
913 1284 113 58 prout,
992 1284 193 58 praeseinditur
1151 1284 68 58 ab
1185 1284 68 58 ea
1219 1284 102 58 rela

742 1320 94 53 tio,
801 1320 82 53 non
848 1320 176 53 aequipollet
977 1320 141 53 relationi.

776 1353 79 53 Ad
815 1353 145 53 tertiam
921 1353 172 53 dicendum,
1053 1353 106 53 quod
1119 1353 159 53 personam
1225 1353 66 53 con

742 1374 167 57 stituitur
871 1374 77 57 ex
909 1374 128 57 duobus
999 1374 154 57 secundum
1114 1374 103 57 rem,
1166 1374 128 57 referen-

777 1416 129 54 Iyrem,
867 1416 90 54 non
919 1416 77 54 ad
957 1416 116 54 ipsam
1035 1416 180 54 dualitate,
1176 1416 103 54 quae
1228 1416 64 54 non

745 1454 82 53 est
792 1454 129 53 realis,
886 1454 82 53 sed
933 1454 141 53 secundum
1039 1454 153 53 rationem,
1156 1454 82 53 sed
1203 1454 70 53 ad
1227 1454 70 53 ipsa

752 1486 157 52 principia
873 1486 218 52 constituentia,
1054 1486 97 52 quae
1115 1486 97 52 sunt
1175 1486 97 52 vere
1223 1486 73 52 rea-

739 1518 94 55 lia,
798 1518 142 55 quamuis,
904 1518 94 55 sint
963 1518 153 55 distincta
1082 1518 94 55 sola
1141 1518 130 55 ratione
1223 1518 71 55 Con-

743 1552 173 54 stituitur,
879 1552 99 54 vero
940 1552 74 54 ex
978 1552 124 54 quobus
1064 1552 148 54 secundum
1163 1552 136 54 rationem,

745 1583 164 53 referendo
872 1583 76 53 Iy
910 1583 152 53 rationem
1024 1583 76 53 ad
1061 1583 114 53 ipsam
1125 1583 164 53 dualitatem,

746 1618 100 44 quia
809 1618 151 44 dualitas
922 1618 63 44 &
947 1618 176 44 distinctio
1086 1618 188 44 principioru
1224 1618 75 44 con-

735 1651 204 53 stituentium
899 1651 95 53 est
953 1651 122 53 solum
1035 1651 163 53 secundum
1143 1651 150 53 rationem:

734 1685 118 45 Nunc
808 1685 133 45 autem
897 1685 207 45 suppolitum
1060 1685 104 45 non
1119 1685 148 45 habet,
1208 1685 89 45 quod

740 1717 71 54 it
776 1717 107 54 reale
847 1717 59 54 a
870 1717 201 54 distinctionem
1036 1717 107 54 reali
1107 1717 178 54 principioru
1238 1717 59 54 con

740 1752 194 45 stituentium,
897 1752 85 45 sed
946 1752 73 45 ab
982 1752 109 45 eorum
1055 1752 170 45 realitate,
1188 1752 97 45 quae
1236 1752 61 45 ma-

741 1786 80 44 net
786 1786 115 44 stante
867 1786 92 44 sola
924 1786 183 44 distinctione
1073 1786 138 44 rationis
1176 1786 103 44 inter
1234 1786 57 44 ea;

738 1818 64 56 &
764 1818 103 56 ideo
828 1818 64 56 n
854 1818 103 56 illa
918 1818 180 56 deductione
1059 1818 141 56 videtur
1162 1818 103 56 esse
1213 1818 77 56 mul-

738 1853 117 51 tiplex
820 1853 140 51 fallacia
925 1853 82 51 si,
972 1853 93 51 bene
1018 1853 117 51 aduertat

736 1877 85 63 Ad
778 1877 156 63 quartam
892 1877 171 63 didedum,
1020 1877 114 63 quod
1091 1877 99 63 cum
1148 1877 171 63 dicimus,

734 1917 109 54 pater
807 1917 194 54 distinguitur
964 1917 61 54 a
989 1917 109 54 filio
1061 1917 146 54 realiter
1171 1917 85 54 non
1219 1917 97 54 sola

737 1950 145 51 realitate
848 1950 156 51 essentiae;
971 1950 78 51 ibi
1016 1950 145 51 accipitur
1128 1950 134 51 essentia
1228 1950 89 51 sola

742 1994 84 46 cum
790 1994 179 46 praecisione
933 1994 179 46 relationis,
1076 1994 95 46 quae
1136 1994 119 46 quidem
1207 1994 84 46 prae-

740 2019 107 58 cisio
812 2019 84 58 fit
859 2019 84 58 per
907 2019 107 58 actum
979 2019 155 58 rationis,
1098 2019 60 58 &
1122 2019 95 58 ideo
1182 2019 107 58 debet
1241 2019 60 58 in
