1500 2271
183 173 145 57 tellectus
294 173 123 57 diuini,
384 173 89 57 quod
440 173 123 57 videtur
529 173 89 57 esse
585 173 134 57 falsum,;
674 173 67 57 quia

181 221 100 38 tunc
244 221 138 38 decisio
345 221 151 38 continui
458 221 113 38 esset
533 221 151 38 euacuata
646 221 75 38 in
671 221 63 38 suc

182 246 187 55 prospectu,
328 246 133 55 contra
422 246 120 55 autem
502 246 160 55 rationem
609 246 133 55 continui

181 285 99 49 est,
243 285 62 49 i
267 285 99 49 quod
329 285 87 49 sua
379 285 136 49 decisio
478 285 161 49 quandoque
589 285 149 49 euacuetur;

181 324 102 34 nisi
245 324 153 34 vellinus
360 324 141 34 dicere,
463 324 102 34 quod
527 324 166 34 quandoque
642 324 102 34 deueni

181 350 114 46 retur
257 350 76 46 ad
295 350 227 46 indiuisibilia,
484 350 63 46 &
509 350 88 46 per
560 350 177 46 consequens
686 350 63 46 se-

183 387 152 41 queretur
298 387 165 41 vlterius,
425 387 102 41 quod
488 387 165 41 continuum
615 387 114 41 esset
679 387 63 41 con

191 416 132 39 positum
287 416 72 39 ex
323 416 241 39 indiuisibilibus,
528 416 96 39 quod
588 416 84 39 est
625 416 120 39 absurdum

190 450 204 40 Consequentia
356 450 166 40 probatur,
484 450 102 40 quia
548 450 89 40 non
599 450 128 40 potest
675 450 64 40 di-

184 488 91 39 ci,
236 488 104 39 quod
301 488 143 39 diuinus
405 488 156 39 intuitus
523 488 182 39 terminetur
653 488 91 39 solum

182 521 70 38 ad
217 521 129 38 partes,
311 521 94 38 quae
370 521 94 38 sunt
428 521 94 38 actu
487 521 141 38 diuisae,
593 521 94 38 quia
651 521 94 38 tunc
698 521 47 38 di

187 551 98 39 uina
248 551 147 39 cognitio
358 551 171 39 expectaret
492 551 171 39 decisionem
615 551 122 39 aliarum,

183 586 64 38 &
209 586 90 38 per
260 586 180 38 consequens
402 586 180 38 procederet
544 586 77 38 de
582 586 155 38 potentia
685 586 52 38 ad

182 622 133 38 actum,
275 622 107 38 quod
341 622 93 38 est
395 622 146 38 falsum:
501 622 186 38 Quapropter
634 622 107 38 sequi-

190 643 101 46 tur,
254 643 89 46 vel
304 643 101 46 quod
367 643 177 46 terminetur
507 643 76 46 ad
545 643 127 46 omnes,
633 643 63 46 &
646 643 101 46 infini

181 688 97 37 tas,
242 688 61 37 &
266 688 85 37 sic
315 688 134 37 habetur
412 688 182 37 propositum,
558 688 85 37 vel
606 688 73 37 ad
643 688 122 37 nullam

186 718 131 37 earum,
278 718 66 37 &
304 718 92 37 per
356 718 184 37 consequens
501 718 92 37 non
553 718 171 37 cognoscet
671 718 66 37 ali

183 747 114 53 quid
254 747 157 53 tanquam
368 747 171 53 obiectum
482 747 199 53 secundarium.

224 776 123 54 Tertio
310 776 185 54 sequeretur,
458 776 99 54 quod
519 776 136 54 diuinus
606 776 123 54 intelle-

181 812 105 54 ctus
247 812 211 54 termiharetur
418 812 79 54 ad
457 812 211 54 magnitudinem
629 812 105 54 actu
681 812 53 54 in

184 846 140 48 finitam,
289 846 93 48 quod
347 846 128 48 videtur
441 846 82 48 eis
487 846 186 48 impossibile,
639 846 93 48 quia
685 846 47 48 si

183 880 125 50 posset
270 880 100 50 dari
332 880 162 50 magnitudo
457 880 100 50 actu
519 880 150 50 infinita
631 880 75 50 in
656 880 75 50 pro-

182 912 117 52 spectu
264 912 176 52 intellectus
405 912 129 52 diuini,
499 912 94 52 pari
558 912 129 52 ratione
640 912 94 52 posset

183 947 122 48 etiam,
268 947 98 48 dari
329 947 73 48 in
366 947 146 48 effectu,
476 947 98 48 quod
537 947 85 48 est
573 947 159 48 impossibile

184 975 89 57 Nam
235 975 115 57 sicut
312 975 140 57 decisio
414 975 153 57 continui
528 975 76 57 in
567 975 166 57 infinitum
681 975 64 57 non

189 1010 112 54 potest
267 1010 90 54 dari
324 1010 90 54 nisi
380 1010 67 54 in
413 1010 90 54 actu
470 1010 135 54 permista
571 1010 157 54 potentiae,
683 1010 56 54 ita

181 1047 95 49 nec
236 1047 122 49 etiam
317 1047 177 49 augmentum
453 1047 218 49 magnitudinis
630 1047 82 49 in
657 1047 82 49 insi

177 1079 133 51 nstum,
270 1079 146 51 Probant
376 1079 107 51 ergo
443 1079 133 51 primam
523 1079 213 51 consequentiam,

185 1115 97 44 quia
245 1115 169 44 promportio
378 1115 169 44 geometrica
511 1115 121 44 dicit,
596 1115 97 44 quod
644 1115 97 44 possi-

187 1146 164 45 bileiect
310 1146 82 45 ad
351 1146 123 45 omnem
433 1146 136 45 lineam
528 1146 123 45 datam
596 1146 150 45 imaginari

188 1180 152 43 maiorem,
303 1180 76 43 si
341 1180 102 43 ergo
404 1180 114 43 detur
480 1180 102 43 quod
544 1180 140 43 diuinus
632 1180 102 43 intui-

183 1209 88 46 tus
234 1209 177 46 terminetur
373 1209 76 46 ad
411 1209 202 46 magnitudinem
575 1209 152 46 finitam,
676 1209 63 46 po-

188 1239 114 53 terst
264 1239 126 53 iterum
353 1239 164 53 terminati
479 1239 76 53 ad
517 1239 152 53 maiorem,
630 1239 63 53 &
643 1239 101 53 iterum

193 1276 78 45 ad
232 1276 156 45 maiorem,
349 1276 65 45 &
375 1276 91 45 per
427 1276 182 45 consequens
571 1276 169 45 procedere
688 1276 52 45 de

187 1309 166 53 potentia
312 1309 83 53 ad
353 1309 138 53 actum,
450 1309 208 53 quemadmodum
603 1309 138 53 intelle-

192 1347 106 46 ctus
258 1347 159 46 humanus,
377 1347 106 46 quod
444 1347 93 46 est
497 1347 172 46 absurdum:
630 1347 93 46 qua
669 1347 80 46 pro-

190 1378 102 54 pter
254 1378 166 54 sequitur,
382 1378 90 54 vel
433 1378 102 54 quod
497 1378 153 54 infinita
599 1378 141 54 magnitudo

189 1410 74 45 in
226 1410 98 45 actu
287 1410 135 45 ponatur
385 1410 74 45 in
422 1410 86 45 fuo
471 1410 172 45 prospectu,
606 1410 74 45 vt
643 1410 98 45 actu
692 1410 49 45 ad

187 1441 97 45 eam
242 1441 207 45 terminetur,
408 1441 97 45 vel
463 1441 110 45 quod
532 1441 97 45 non
573 1441 166 45 terminetur

184 1478 79 39 ad
223 1478 146 39 aliquam
329 1478 225 39 magnitudinem,
515 1478 66 39 &
541 1478 93 39 per
581 1478 159 39 consequens

187 1508 99 54 pari
248 1508 136 54 ratione
347 1508 86 54 nec
396 1508 74 54 ad
433 1508 136 54 aliquid
532 1508 111 54 extra
606 1508 74 54 se
631 1508 111 54 tanquam

193 1543 170 42 obiectum
306 1543 199 42 secundarium.

221 1570 133 62 Quarto
314 1570 199 62 sequeretur,
473 1570 106 62 quod
540 1570 146 62 species
633 1570 106 62 numero

190 1606 80 44 rum
235 1606 149 44 infinitae
350 1606 114 44 essent
430 1606 69 44 in
464 1606 92 44 actu
522 1606 126 44 positae
613 1606 69 44 in
647 1606 80 44 suo
682 1606 57 44 pro

190 1645 135 42 spectu
284 1645 161 42 arguendo
405 1645 121 42 eodem
485 1645 108 42 modo
553 1645 121 42 sicut
620 1645 121 42 argutum

189 1669 91 54 est
241 1669 104 54 nunc
306 1669 78 54 de
345 1669 208 54 magnitudine,
514 1669 65 54 &
540 1669 91 54 per
592 1669 130 54 eandem
670 1669 65 54 vi-

196 1703 115 55 posset
277 1703 115 55 argui,
358 1703 92 55 quod
416 1703 150 55 infinitae
531 1703 185 55 perfectiones
670 1703 69 55 spe-

196 1740 121 42 cifice
281 1740 170 42 ponerentur
414 1740 73 42 in
451 1740 158 42 prospectu
572 1740 109 42 eius,
645 1740 121 42 saltem

189 1777 175 43 secundum
321 1777 190 43 opinionem
467 1777 161 43 illorum
583 1777 102 43 qui
627 1777 117 43 ponunt

192 1805 99 53 quod
253 1805 86 53 sit
303 1805 160 53 possibile
426 1805 160 53 procedere
550 1805 74 53 in
587 1805 160 53 infinitum
698 1805 49 53 in

205 1843 224 44 perfectionibus
391 1843 187 44 specificis.
541 1843 174 44 Concludunt
665 1843 75 44 ergo

194 1872 100 47 isti
256 1872 75 47 ex
293 1872 137 47 omnibus
393 1872 87 47 his
443 1872 100 47 quod
506 1872 137 47 diuinus
593 1872 150 47 itellectus

200 1905 84 43 non
248 1905 84 43 est
296 1905 72 43 ad
332 1905 132 43 aliquid
427 1905 108 43 extra
499 1905 72 43 se
535 1905 191 43 terminatiue,
690 1905 84 43 sed

198 1942 114 49 solum
274 1942 241 49 aequipollenter,
477 1942 63 49 &
490 1942 190 49 denominatiue-

233 1969 94 44 Haec
292 1969 106 44 autem
363 1969 118 44 opinio
446 1969 130 44 deficit
540 1969 71 44 in
576 1969 83 44 se,
623 1969 59 44 &
647 1969 71 44 in
670 1969 71 44 suis

191 2004 160 52 motiuis,
311 2004 133 52 primum
404 2004 147 52 apparet
511 2004 80 52 ex
538 2004 133 52 quatuor.

234 2029 65 72 1
260 2029 103 72 Quia
325 2029 90 72 ita
376 2029 142 72 videtur
480 2029 78 72 se
518 2029 129 72 habere
609 2029 129 72 diuina
686 2029 65 72 co

754 165 134 64 gnitio
847 165 80 64 ad
887 165 174 64 creaturas
1021 165 147 64 quantum
1128 165 80 64 ad
1168 165 120 64 earum
1248 165 107 64 esse

754 219 175 45 cognitum,
888 219 202 45 quemadmodum
1050 219 94 45 sua
1104 219 175 45 productio
1225 219 94 45 quam-

755 247 94 49 tum
808 247 80 49 ad
848 247 121 49 earum
929 247 107 49 esse
996 247 174 49 productum
1130 247 94 49 sed
1170 247 147 49 productio

766 284 81 48 ua
807 284 108 48 Deus
875 284 162 48 producit
996 284 176 48 creaturas
1132 284 108 48 vere
1186 284 135 48 termina-

760 314 84 40 tur
808 314 72 40 ad
844 314 84 40 eas
892 314 72 40 in
928 314 96 40 esse
988 314 144 40 producto
1095 314 156 40 distincto
1215 314 60 40 a
1239 314 84 40 sua
1275 314 48 40 es

758 353 124 36 sentia
844 353 99 36 ergo
906 353 74 36 &c
943 353 111 36 Minor
1017 353 87 36 est
1067 353 124 36 clara;
1153 353 111 36 Maior
1227 353 111 36 etiam

753 378 119 48 satis
832 378 159 48 apparet,
951 378 106 48 quia
1017 378 172 48 productio
1149 378 93 48 qua
1189 378 132 48 producit

759 424 185 35 creaturas,
904 424 159 35 supponit
1024 424 119 35 earum
1103 424 212 35 cognitionem,
1275 424 66 35 &

758 452 94 42 ideo
817 452 106 42 sicut
888 452 153 42 producit,
1006 452 83 42 ita
1041 452 142 42 cognoscit.

786 475 67 57 2
812 475 107 57 Quia
879 475 93 57 non
932 475 147 57 possunt
1039 475 147 57 saluare
1146 475 173 57 creaturas
1266 475 53 57 es

756 509 75 46 se
793 509 137 46 proprie
893 509 62 46 &
918 509 100 46 vere
980 509 150 46 cognitas
1093 509 62 46 a
1118 509 100 46 Deo,
1180 509 112 46 cuius
1243 509 62 46 con

756 554 152 38 trarium
867 554 194 38 intendunt,
1019 554 235 38 Consequentiam
1199 554 111 38 probo,

757 586 100 40 quia
820 586 125 40 illud,
908 586 100 40 quod
971 586 88 40 est
1021 586 100 40 tale
1083 586 113 40 solum
1146 586 163 40 denominati-

756 615 76 37 ue
794 615 214 37 denominatione
971 615 76 37 ab
1008 615 189 37 extrinseco,
1160 615 88 37 non
1210 615 88 37 est
1248 615 63 37 pro

765 650 99 35 prie
826 650 86 35 nec
876 650 99 35 vere
938 650 111 35 tale,
1012 650 86 35 sed
1061 650 161 35 creaturae
1172 650 136 35 (secundum

758 678 121 50 istam
838 678 188 50 opinionem)
985 678 161 50 dicuntur
1106 678 161 50 cognitae
1227 678 67 50 a
1240 678 67 50 Deo

759 716 85 39 non
807 716 170 39 intuitiue,
941 716 85 39 nec
989 716 194 39 terminatiue,
1147 716 85 39 sed
1196 716 109 39 solum
1256 716 49 39 de

752 756 203 29 nominatiue,
915 756 68 29 &
942 756 190 29 extrinsece
1091 756 136 29 quodam
1186 756 108 29 modo
1240 756 68 29 su-

762 781 83 53 per
810 781 214 53 aequipollenti,
988 781 95 53 ergo
1047 781 83 53 non
1095 781 143 53 proprie,
1202 781 83 53 nec
1238 781 71 53 vere

755 815 96 43 sunt
803 815 132 43 cognitae.

814 843 160 47 Videntur
934 843 174 47 implicare
1068 843 241 47 contradictoria
1255 843 53 47 in

758 856 122 62 dictis
843 856 110 62 suis,
916 856 159 62 concedunt
1039 856 110 62 enim,
1112 856 98 62 quod
1173 856 122 62 diuina
1246 856 61 62 ess

751 911 131 41 sentia
842 911 92 41 sit
895 911 157 41 exemplar
1012 911 65 41 &
1039 911 183 41 similitudo
1182 911 131 41 omnium
1261 911 52 41 en

751 944 127 42 tium,
836 944 85 42 ad
878 944 113 42 quod
948 944 141 42 dictum
1047 944 183 42 sequitur,
1188 944 113 42 quod
1244 944 71 42 sua

762 982 153 45 cognitio
877 982 179 45 terminetur
1017 982 77 45 ad
1056 982 166 45 creaturas
1171 982 140 45 inquantum

754 1011 109 52 sunt
822 1011 176 52 cognitae,
958 1011 204 52 quemadmodum
1121 1011 136 52 diuina
1202 1011 109 52 essen-

757 1043 97 40 tia,
817 1043 109 40 prout
890 1043 85 40 est
938 1043 242 40 repraesentatiua;
1144 1043 60 40 &
1168 1043 85 40 sic
1204 1043 109 40 termina

758 1079 83 43 tur
805 1079 71 43 ad
841 1079 83 43 eas
888 1079 153 43 inquantum
1006 1079 94 43 sunt
1065 1079 224 43 repraesentatae,
1254 1079 83 43 sed

762 1113 208 41 repraesentatio
936 1113 127 41 diuinae
1028 1113 150 41 essentiae
1144 1113 162 41 terminatur
1260 1113 46 41 ad

756 1145 167 35 creaturas
885 1145 167 35 inquantum
1013 1145 103 35 sunt
1078 1145 180 35 distinctae
1219 1145 77 35 ab
1245 1145 64 35 es-

757 1178 138 37 sentia,
858 1178 100 37 ergo
920 1178 63 37 &
945 1178 88 37 sua
996 1178 150 37 cognitio
1108 1178 201 37 terminabitur
1259 1178 50 37 ad

762 1212 100 46 cas,
825 1212 75 46 vt
863 1212 100 46 sunt
925 1212 138 46 quaedam
1025 1212 138 46 obiecta
1125 1212 175 46 secundaria
1250 1212 63 46 di-

756 1243 131 41 stincta
851 1243 71 41 ab
875 1243 119 41 essentia

791 1267 65 50 4
817 1267 91 50 Non
869 1267 143 50 possunt
973 1267 156 50 saluare,
1089 1267 104 50 quod
1141 1267 169 50 intellectus

761 1309 140 40 diuinus
863 1309 127 40 habeat
952 1309 203 40 certitudinem
1117 1309 76 40 de
1155 1309 178 40 creaturis,

764 1343 112 36 vtrum
838 1343 149 36 existant
950 1343 75 36 in
988 1343 137 36 seipsis
1087 1343 112 36 extra
1162 1343 137 36 diuinam
1249 1343 62 36 es-

752 1375 145 40 sentiam,
860 1375 84 40 vel
909 1375 84 40 non
957 1375 157 40 existant,
1077 1375 96 40 quod
1137 1375 84 40 est
1174 1375 132 40 absurdum;

762 1407 221 47 Consequentiam
944 1407 130 47 probo,
1035 1407 104 47 quia
1101 1407 130 47 illud,
1192 1407 104 47 quod
1244 1407 65 47 non

758 1442 185 36 cognoscitur
906 1442 74 36 in
943 1442 123 36 seipso
1029 1442 173 36 obiectiue,
1165 1442 62 36 &
1178 1442 123 36 termina-

764 1473 102 41 iue,
828 1473 89 41 sed
879 1473 114 41 solum
955 1473 76 41 in
993 1473 127 41 quodam
1082 1473 102 41 alio
1132 1473 178 41 aequipollen-

758 1514 88 36 ti,
809 1514 188 36 cognoscitur
959 1514 113 36 solum
1035 1514 151 36 secundum
1148 1514 188 36 existentiam

757 1542 100 54 quam
819 1542 112 54 habet
894 1542 75 54 in
931 1542 100 54 illo
994 1542 225 54 aequipollenti,
1181 1542 62 54 &
1206 1542 87 54 per
1244 1542 62 54 con

758 1571 144 40 sequens
863 1571 92 40 non
915 1571 131 40 potest
1006 1571 78 40 de
1046 1571 78 40 eo
1085 1571 131 40 haberi
1163 1571 144 40 certitudo

755 1607 154 44 secundum
871 1607 193 44 existentiam
1025 1607 103 44 quam
1089 1607 116 44 habet
1167 1607 77 44 in
1192 1607 116 44 seipso,

755 1641 97 47 sed
811 1641 125 47 solum
894 1641 166 47 secundum
1018 1641 208 47 existentiam
1184 1641 111 47 quam
1240 1641 69 47 ha-

754 1675 82 46 bet
801 1675 70 46 in
836 1675 93 46 illo
883 1675 186 46 aequipollenti.

790 1698 134 51 Deficit
887 1698 134 51 insuper
985 1698 98 51 haec
1046 1698 122 51 opinio
1131 1698 73 51 in
1168 1698 98 51 suis
1217 1698 85 51 moti-

758 1736 101 41 uis,
822 1736 101 41 quia
885 1736 114 41 omnia
961 1736 139 41 possunt
1062 1736 127 41 induci
1151 1736 127 41 contra
1227 1736 76 41 eam,

766 1776 98 39 quae
827 1776 196 39 indutebantur
986 1776 122 39 contra
1072 1776 122 39 alios;
1157 1776 86 39 nam
1206 1776 73 39 si
1231 1776 73 39 prae

762 1811 109 41 dicta
835 1811 121 41 motiua
919 1811 97 41 bene
980 1811 182 41 concludant,
1125 1811 109 41 sicut
1186 1811 121 41 probant.

762 1839 107 45 quod
829 1839 107 45 Deus
896 1839 94 45 non
950 1839 175 45 cognoscit
1084 1839 148 45 aliquid
1191 1839 121 45 extra
1258 1839 54 45 se

762 1872 209 41 terminatiue;
932 1872 92 41 ita
984 1872 118 41 etiam
1063 1872 157 41 probant,
1180 1872 105 41 quod
1233 1872 78 41 Deus

760 1901 89 47 non
811 1901 164 47 cognoscat
937 1901 114 47 extra
1013 1901 76 47 se
1051 1901 139 47 aliquid
1140 1901 177 47 aequipollen-

766 1940 99 36 ter,
827 1940 62 36 &
852 1940 210 36 denominatiue,
1025 1940 111 36 cuius
1100 1940 173 36 contrarium
1223 1940 87 36 inten

759 1973 120 43 dunt,
838 1973 106 43 quod
905 1973 120 43 patet
985 1973 199 43 discurrendo
1144 1973 93 43 per
1184 1973 133 43 singula;

758 2004 84 39 nam
806 2004 109 39 sicut
879 2004 97 39 ipsi
939 2004 121 39 habent
1023 2004 84 39 pro
1072 2004 217 39 inconuenienti,
1241 2004 72 39 quod

763 2041 108 45 Deus
830 2041 162 45 coexigat
952 2041 176 45 creaturam
1087 2041 203 45 cognoscendo
1249 2041 95 45 eam
