1500 2272
183 174 199 48 terminatiue,
344 174 87 48 ita
394 174 124 48 debent
481 174 124 48 habere
568 174 87 48 pro
606 174 124 48 inconue-

183 220 149 39 nienti,
292 220 108 39 quod
359 220 108 39 Deus
427 220 162 39 coexigat
549 220 176 39 creaturam
670 220 68 39 co-

181 251 174 44 gnoscendo
314 251 93 44 eam
368 251 227 44 denominatiue,
554 251 107 44 quia
608 251 120 44 vtrobi-

181 282 88 50 que
232 282 138 50 videtur
332 282 101 50 esse
395 282 138 50 quaedam
496 282 201 50 coexigentia;
647 282 88 50 sicut

182 315 105 46 enim
248 315 105 46 Deus
314 315 92 46 non
366 315 132 46 posset
458 315 184 46 cognoscere
590 315 145 46 creaturam

188 356 183 34 terminatiue,
336 356 92 34 nisi
394 356 137 34 creatura
497 356 103 34 esset
565 356 126 34 aliquid
645 356 92 34 distin

182 383 95 42 ctum
241 383 59 42 a
265 383 118 42 diuina
348 383 142 42 essentia
454 383 106 42 actu,
525 383 83 42 vel
572 383 154 42 potentia,
679 383 59 42 ita

182 419 116 40 etiam
260 419 91 40 non
311 419 129 40 posset
402 419 103 40 dici
467 419 91 40 eam
518 419 181 40 cognoscere
648 419 91 40 deno-

192 451 145 38 minatiue,
304 451 145 38 nisitipsa
416 451 101 38 esset
483 451 67 38 in
516 451 67 38 se
550 451 123 38 aliquid
628 451 101 38 distin-

182 489 97 33 ctum
243 489 109 33 actu,
315 489 85 33 vel
364 489 146 33 potentia
473 489 61 33 a
498 489 121 33 diuina
570 489 134 33 essentia.

218 516 153 37 Praeterea
336 516 70 37 ad
371 516 94 37 alia
430 516 94 37 tria
488 516 117 37 motiua
571 516 129 37 dicedum
665 516 94 37 est,

181 553 106 41 quod
247 553 119 41 sicut
326 553 132 41 habent
419 553 93 41 pro
472 553 238 41 inconueniente,
657 553 79 41 quod

188 579 142 43 aliquid
292 579 168 43 infinitum
421 579 117 43 extra
499 579 142 43 diuinam
590 579 142 43 essentiam

184 615 135 44 ponatur
282 615 74 44 in
319 615 159 44 prospectu
441 615 123 44 diuini
527 615 184 44 intellectus
662 615 74 44 ter-

183 649 165 40 minatiue,
310 649 89 40 ita
361 649 127 40 debent
450 649 127 40 habere
539 649 89 40 pro
578 649 165 40 inconuenien

180 685 90 42 ti,
231 685 102 42 quod
295 685 141 42 aliquid
398 685 102 42 tale
462 685 166 42 infinitum
589 685 141 42 ponatur
679 685 51 42 in

187 722 156 36 prospectu
307 722 120 36 diuini
391 722 180 36 intellectus
535 722 228 36 aequipollenter,

186 747 68 47 &
213 747 230 47 denominatiue;
402 747 108 47 quia
469 747 108 47 illa
537 747 122 47 eadem
604 747 135 47 inconue-

182 781 137 46 nientia
281 781 100 46 quae
343 781 149 46 videntur
456 781 112 46 sequi
530 781 75 46 ad
568 781 112 46 vnum,
630 781 112 46 sequun-

184 817 89 34 tur
235 817 77 34 ad
274 817 64 34 &
299 817 128 34 aliud.
388 817 77 34 Et
427 817 102 34 ideo
491 817 140 34 istorum
593 817 128 34 motiua
669 817 64 34 ma-

182 849 87 45 gis
231 849 124 45 petunt
318 849 99 45 sibi
380 849 112 45 solui
455 849 137 45 quaedam
555 849 124 45 dubia,
642 849 99 45 quam
691 849 50 45 di

187 885 112 39 recte
261 885 137 39 probent
360 885 186 39 propositum,
509 885 87 39 sed
559 885 99 39 haec
609 885 137 39 breuitati

175 916 243 39 studens
352 916 265 39 libenter
528 916 199 39 omitto.

221 947 126 42 dcirco
310 947 152 42 breuiter
423 947 101 42 dico
487 947 76 42 ad
524 947 139 42 primum,
625 947 101 42 quod
676 947 63 42 non

184 980 88 43 est
235 980 213 43 inconueniens,
410 980 100 43 quod
472 980 125 43 diuina
560 980 150 43 cognitio
660 980 75 43 coe-

185 1019 112 34 xigat
259 1019 162 34 creaturam
384 1019 75 34 in
421 1019 137 34 ratione
521 1019 149 34 subiecti
620 1019 125 34 secunda-

188 1049 91 39 rij,
244 1049 57 39 a
267 1049 79 39 quo
312 1049 102 39 nihil
380 1049 136 39 recipit,
482 1049 91 39 quia
538 1049 91 39 tunc
595 1049 102 39 talis
652 1049 91 39 coexi-

185 1081 127 44 gentia
274 1081 89 44 non
325 1081 152 44 prouenit
439 1081 76 44 ex
477 1081 203 44 limitatione,
642 1081 63 44 &
655 1081 89 44 indi-

188 1114 132 41 gentia,
284 1114 84 41 sed
332 1114 108 41 magis
405 1114 72 41 ex
441 1114 205 41 illimitatione
610 1114 60 41 &
622 1114 120 41 infinita

185 1151 211 39 sufficientia;
358 1151 174 39 quapropter
495 1151 124 39 potest
582 1151 74 39 se
607 1151 137 39 extendere

179 1178 91 46 non
231 1178 117 46 solum
309 1178 78 46 ad
349 1178 157 46 obiectum
466 1178 170 46 primarium
596 1178 65 46 a
623 1178 91 46 quo
662 1178 78 46 spe-

182 1215 176 37 cificatur,
321 1215 88 37 sed
371 1215 113 37 etiam
446 1215 75 37 ad
484 1215 151 37 obiectum
584 1215 151 37 secudarium

185 1244 65 45 a
211 1244 91 45 quo
263 1244 91 45 non
315 1244 143 45 recipit
407 1244 130 45 aliquid.

217 1276 77 45 Ad
256 1276 102 45 alia
320 1276 102 45 vero
384 1276 102 45 tria
448 1276 154 45 dicendum
563 1276 90 45 est
614 1276 90 45 vna
652 1276 90 45 breui

192 1308 182 46 solutione,
335 1308 104 46 quod
400 1308 143 46 quamuis
503 1308 169 46 infinitum
633 1308 78 46 in
659 1308 78 46 actu

195 1349 85 37 non
244 1349 122 37 possit
329 1349 97 37 poni
390 1349 73 37 in
426 1349 158 37 prospectu
548 1349 183 37 intellectus
682 1349 61 37 fi-

185 1380 96 36 niti
245 1380 168 36 existentis
377 1380 72 36 in
413 1380 156 36 potentia;
533 1380 120 36 potest
617 1380 108 36 tamen
677 1380 60 36 po-

189 1418 69 33 ni
223 1418 69 33 in
257 1418 149 33 prospectu
372 1418 172 33 intellectus
509 1418 137 33 infiniti
601 1418 137 33 existentis

183 1445 71 36 in
219 1445 106 36 actu.
289 1445 71 36 Et
324 1445 94 36 ista
383 1445 82 36 est
430 1445 141 36 intentio
536 1445 118 36 Patris
607 1445 129 36 Augustini

192 1478 77 43 12.
236 1478 66 43 de
269 1478 132 43 Ciuitate
368 1478 77 43 Dei
412 1478 88 43 cap.
467 1478 77 43 18.
512 1478 77 43 vbi
556 1478 88 43 ait.
611 1478 99 43 Absit
666 1478 66 43 ita-

189 1516 90 41 que
241 1516 77 41 vt
279 1516 181 41 dubitemus,
421 1516 103 41 quod
486 1516 77 41 ei
525 1516 90 41 non
576 1516 90 41 sit
628 1516 116 41 notus
692 1516 52 41 om

189 1547 84 40 nis
237 1547 131 40 numerus
332 1547 107 40 cuius
404 1547 215 40 intelligentiae
583 1547 84 40 (vt
631 1547 72 40 in
654 1547 84 40 psal-

191 1581 86 39 mus
240 1581 148 39 canitur)
351 1581 86 39 non
400 1581 86 39 est
450 1581 148 39 numerus;
560 1581 160 39 infinitas
671 1581 62 39 er,

182 1618 83 39 go
224 1618 152 39 numeri,
334 1618 138 39 quauis
431 1618 208 39 infinitorum
584 1618 152 39 numerorum

191 1645 133 41 nullus
284 1645 93 41 sit
337 1645 159 41 numerus,
456 1645 93 41 non
509 1645 93 41 est
562 1645 119 41 tamen
629 1645 106 41 incom-

192 1676 204 46 prehensibilis
360 1676 72 46 ei
396 1676 108 46 cuius
468 1676 156 46 scientiae
589 1676 84 46 non
637 1676 84 46 est
673 1676 72 46 nume

190 1710 100 40 rus,
253 1710 63 40 &
278 1710 138 40 subdit:
378 1710 188 40 Quapropter,
529 1710 75 40 si
567 1710 100 40 quod
617 1710 125 40 scientia

188 1744 260 49 comprehenditur,
407 1744 164 49 scientis
517 1744 219 49 comprehensione

191 1779 147 37 finitur,
301 1779 147 37 profecto
411 1779 110 37 omnis
484 1779 159 37 infinitas
607 1779 122 37 quodam
680 1779 61 37 in-

190 1809 125 47 effabdi
281 1809 91 47 modo
338 1809 80 47 Deo
383 1809 114 47 finita
463 1809 91 47 est,
520 1809 91 47 quia
577 1809 148 47 scientiae
680 1809 57 47 ip-

185 1843 103 44 sius
249 1843 282 44 incomprehensibilis
493 1843 90 44 non
545 1843 103 44 est,
609 1843 90 44 nec
647 1843 90 44 tamen

186 1877 138 42 propter
287 1877 100 42 hoc,
349 1877 100 42 quod
412 1877 163 42 infinitum
537 1877 138 42 ponitur
637 1877 75 42 in
662 1877 75 42 actu

184 1908 69 44 in
218 1908 149 44 prospectu
332 1908 114 44 diuini
412 1908 194 44 intellectusl,
572 1908 137 44 sequitur
663 1908 69 44 quod

192 1942 122 44 possit
277 1942 98 44 poni
338 1942 73 44 in
375 1942 110 44 rerum
448 1942 134 44 natura,
546 1942 98 44 quia
607 1942 110 44 multa
668 1942 73 44 sunt

193 1977 102 44 quae
257 1977 127 44 habent
346 1977 204 44 repugnantiam
512 1977 76 44 in
550 1977 115 44 esse,
626 1977 102 44 quae
677 1977 64 44 non

189 2013 126 41 habent
277 2013 75 41 in
315 2013 176 41 intellectu
441 2013 75 41 Dei.

196 2039 156 59 Videtur
310 2039 114 59 ergo
381 2039 114 59 mihi
452 2039 185 59 dicendum,
594 2039 114 59 quod
651 2039 85 59 Deus

754 171 170 67 cognoscat
885 171 105 67 alia
950 171 65 67 a
976 171 78 67 se
1015 171 144 67 tanquam
1120 171 183 67 secundaria
1251 171 52 67 o

741 216 112 38 biecta.

747 225 181 65 Sciendum
882 225 151 65 tamen,
988 225 120 65 quod
1063 225 196 65 nonnullis
1199 225 105 65 visum

754 285 89 41 est
805 285 127 41 fuisse
894 285 76 41 de
932 285 178 41 intentione
1072 285 102 41 Com.
1135 285 102 41 Deum
1198 285 89 41 non
1237 285 63 41 co-

749 315 153 45 gnoscere
864 315 102 45 alia
927 315 64 45 a
953 315 89 45 se,
1004 315 64 45 &
1029 315 102 45 iste
1093 315 114 45 error
1156 315 153 45 communiter

750 348 100 46 illi
812 348 175 46 imponitur,
949 348 100 46 quod
1011 348 112 46 tamen
1086 348 137 46 videtur
1186 348 112 46 valde
1248 348 50 46 mi

756 384 124 34 rabile;
846 384 90 34 quia
902 384 90 34 nisi
959 384 90 34 sibi
1015 384 135 34 expresse
1116 384 180 34 contradicat,
1252 384 56 34 vi-

748 416 129 46 detur
834 416 144 46 omnino
934 416 158 46 sentire
1049 416 230 46 contrariumi,
1222 416 86 46 quod

749 447 158 43 patet
855 447 105 43 ex
890 447 158 43 tribus.

781 476 138 42 Primo,
878 476 110 42 quia
947 476 110 42 ipse
1016 476 124 42 ponit
1098 476 83 42 in
1140 476 96 42 12.
1181 476 124 42 Metaph-

759 517 105 40 com.
824 517 92 40 44.
877 517 105 40 quod
942 517 131 40 primus
1034 517 157 40 princeps
1152 517 118 40 habet
1230 517 105 40 vnam

757 547 174 39 actionem
887 547 188 39 communem,
1032 547 116 39 quam
1104 547 188 39 intendunt
1235 547 72 39 om-

758 581 84 40 nes
806 581 97 40 alij
867 581 157 40 rectores,
987 581 97 40 siue
1048 581 133 40 motores
1144 581 84 40 qui
1192 581 97 40 sunt
1241 581 60 40 sub

756 619 85 32 eo,
804 619 97 32 quae
865 619 109 32 autem
938 619 85 32 sit
987 619 97 32 ista
1048 619 109 32 actio
1121 619 146 32 communis
1230 619 73 32 ab
1254 619 49 32 om

754 647 114 44 nibus
830 647 152 44 intenta,
945 647 152 44 explicat
1059 647 127 44 ibidem
1148 647 127 44 dicens
1224 647 76 44 quod

755 681 100 36 dicta
822 681 100 36 actio
888 681 78 36 est
933 681 122 36 creatio
1021 681 56 36 &
1044 681 167 36 conseruatio
1177 681 111 36 entium
1243 681 67 36 quae

751 717 98 35 sunt
812 717 86 35 hic
861 717 159 35 inferius,
984 717 74 35 si
1020 717 98 35 ergo
1082 717 98 35 Deus
1143 717 147 35 secundum
1241 717 61 35 in-

749 750 168 38 tentionem
878 750 220 38 Commentatoris
1059 750 91 38 est
1111 750 116 38 causa
1189 750 116 38 agens
1266 750 65 38 &

750 782 180 37 conseruans
891 782 116 37 entia
968 782 180 37 inferiora,
1110 782 90 37 cum
1161 782 90 37 non
1199 782 103 37 causet

754 813 107 41 alio
821 813 121 41 modo,
901 813 107 41 quam
968 813 94 41 per
1022 813 107 41 suam
1089 813 188 41 scientiam,
1223 813 81 41 quia

755 849 81 36 sua
802 849 138 36 scientia
905 849 81 36 est
951 849 104 36 causa
1020 849 115 36 entis,
1101 849 69 36 vt
1135 849 104 36 patet
1204 849 81 36 per
1239 849 69 36 eun-

757 880 87 37 dem
806 880 75 37 in
844 880 112 37 eodem
918 880 87 37 12:
968 880 75 37 c.
1005 880 75 37 5o
1043 880 149 37 sequitur
1155 880 75 37 ex
1192 880 100 37 eius
1242 880 62 37 in-

756 915 149 38 tentione
867 915 99 38 Deum
929 915 124 38 habere
1016 915 161 38 scientiam
1140 915 74 38 de
1177 915 111 38 hijs,
1239 915 74 38 quae

755 945 102 43 sunt
819 945 114 43 extra
882 945 102 43 ipsum-

782 978 144 44 Secundo
887 978 144 44 Ipsemet
992 978 131 44 ibidem
1084 978 171 44 assimilat
1202 978 105 44 scien-

754 1012 99 41 tiam
816 1012 87 41 Dei
865 1012 124 41 primae
952 1012 211 41 Philosophiae,
1125 1012 161 41 scientiam
1237 1012 74 41 vero

761 1049 137 37 aliorum
860 1049 149 37 motorum,
972 1049 87 37 qui
1022 1049 100 37 sunt
1084 1049 87 37 sub
1134 1049 87 37 eo,
1171 1049 137 37 assimilat

756 1078 156 40 scientijs
876 1078 228 40 particularibus,
1067 1078 96 40 quae
1127 1078 96 40 sunt
1187 1078 84 40 sub
1223 1078 84 40 prima

757 1115 205 39 Philosophia,
924 1115 116 39 sicut
1001 1115 103 39 ergo
1065 1115 116 39 prima
1129 1115 180 39 Philosophia;

759 1149 62 41 &
783 1149 112 41 aliae
858 1149 162 41 scientiae
983 1149 100 41 quae
1045 1149 100 41 sunt
1108 1149 87 41 sub
1157 1149 75 41 ea
1182 1149 125 41 communi-

755 1185 119 36 cant,
834 1185 66 36 &
860 1185 198 36 communicare
1018 1185 145 36 possunt
1124 1185 79 36 in
1163 1185 119 36 rebus
1229 1185 79 36 con-

756 1216 174 39 sidetatis,
892 1216 137 39 quamuis
992 1216 162 39 differant
1116 1216 75 39 in
1153 1216 99 39 modo
1203 1216 112 39 conside

754 1249 116 43 randi,
835 1249 81 43 ita
882 1249 139 43 scientia
986 1249 92 43 Dei,
1043 1249 58 43 &
1066 1249 139 43 scientia
1170 1249 127 43 aliorum
1251 1249 58 43 mo-

759 1279 114 36 torum
835 1279 190 36 conmunicant
988 1279 76 36 in
1026 1279 114 36 rebus
1102 1279 165 36 cognitis,
1216 1279 89 36 quam-

759 1316 92 43 uis
811 1316 171 43 differant
943 1316 79 43 in
982 1316 105 43 modo
1048 1316 210 43 cognoscendi,
1219 1316 79 43 ac
1245 1316 66 43 per

753 1349 195 35 consequens
906 1349 97 35 cum
962 1349 167 35 scientia
1087 1349 153 35 aliorum
1185 1349 125 35 motorum

754 1379 75 39 se
792 1379 151 39 extendat
905 1379 75 39 ad
943 1379 126 39 entia,
1031 1379 100 39 quae
1094 1379 100 39 sunt
1156 1379 113 39 extra
1219 1379 88 39 Deum,

758 1415 144 35 videtur
862 1415 157 35 dicendum
980 1415 157 35 secundum
1097 1415 196 35 intentionem
1241 1415 65 35 ip-

754 1444 112 37 sius,
828 1444 100 37 quod
891 1444 112 37 multo
966 1444 112 37 magis
1041 1444 150 37 scientia
1153 1444 87 37 Dei
1203 1444 75 37 se
1228 1444 87 37 exten

752 1478 86 39 dat
801 1478 73 39 ad
837 1478 110 39 illa,
911 1478 134 39 quamuis
1009 1478 98 39 alio
1057 1478 86 39 modo,

758 1504 137 51 Tertio,
857 1504 100 51 Idem
920 1504 75 51 in
957 1504 125 51 eodem.
1045 1504 87 51 12:
1095 1504 100 51 com.
1157 1504 87 51 37.
1207 1504 125 51 dicit,

768 1551 89 32 uod
819 1551 77 32 ea
858 1551 102 32 quae
921 1551 89 32 hic
972 1551 140 32 aguntur
1074 1551 128 32 habent
1164 1551 128 32 duplex
1240 1551 64 32 es-

760 1580 92 39 le,
812 1580 105 39 vnum
878 1580 183 39 materiale,
1021 1580 65 39 &
1048 1580 118 39 aliud
1126 1580 196 39 abstractum,
1270 1580 39 39 &

761 1614 192 35 immateriale,
917 1614 144 35 scilicet
1025 1614 72 35 in
1060 1614 108 35 prima
1132 1614 120 35 forma,
1216 1614 120 35 taquam

752 1643 78 43 in
791 1643 117 43 arte,
869 1643 143 43 Constat
973 1643 130 43 autem,
1065 1643 104 43 quod
1130 1643 130 43 habens
1221 1643 117 43 artem

756 1679 147 41 cognoscit
868 1679 180 41 artificiata,
1015 1679 79 41 vel
1060 1679 180 41 artificialia
1207 1679 124 41 tanquam

758 1711 139 38 quaedam
859 1711 139 38 obiecta
960 1711 63 38 a
985 1711 76 38 se
1023 1711 176 38 distincta,
1162 1711 101 38 ergo
1225 1711 88 38 &c.
1263 1711 50 38 Et

758 1743 92 41 ideo
815 1743 69 41 si
849 1743 92 41 haec
907 1743 92 41 fuit
964 1743 92 41 eius
1021 1743 149 41 intentio,
1136 1743 92 41 vnde
1182 1743 126 41 sumpserit

759 1779 146 39 exordium
868 1779 182 39 contrarium,
1014 1779 97 39 quod
1074 1779 97 39 illi
1135 1779 194 39 adscribitur,

761 1810 133 38 indiget
858 1810 181 38 expositone.
1003 1810 85 38 Sed
1051 1810 73 38 de
1087 1810 85 38 hoc
1136 1810 109 38 nihil
1208 1810 73 38 ad
1232 1810 73 38 prae

761 1842 101 46 sens,
828 1842 90 46 quia
884 1842 101 46 sicut
952 1842 101 46 supra
1019 1842 101 46 dixi,
1086 1842 135 46 intentio
1187 1842 112 46 nostra
1255 1842 56 46 est

757 1876 113 37 vitare
836 1876 192 37 prolixitatem.
993 1876 68 37 Si
1027 1876 101 37 autem
1095 1876 180 37 intellexerit
1241 1876 56 37 c
1253 1876 56 37 on-

755 1910 154 40 trarium,
871 1910 116 40 sicut
948 1910 180 40 communiter
1089 1910 103 40 sibi
1153 1910 180 40 imponitur,

766 1941 152 43 possumus
880 1941 76 43 ex
918 1941 152 43 proprijs
1032 1941 127 43 dictis
1121 1941 139 43 arguere
1210 1941 101 43 contra

760 1976 106 38 eum,
826 1976 146 38 propter
932 1976 106 38 quod
998 1976 146 38 cogitur
1104 1976 133 38 omnino
1184 1976 119 38 concede

753 2012 76 35 re
791 2012 101 35 Deum
854 2012 189 35 congnoscere
1005 2012 101 35 alia
1069 2012 113 35 extra
1144 2012 88 35 se,
1195 2012 139 35 tanquam

755 2044 166 45 obiecta
876 2044 211 45 secundaria
1042 2044 75 45 a
1072 2044 91 45 se
1102 2044 181 45 distincta.
