1500 2279
162 186 109 46 libet
235 186 109 46 ente;
307 186 182 46 intellectus
453 186 133 46 diuinus
550 186 85 46 est
586 186 146 46 huiusmodi;

177 226 102 37 ergo
241 226 89 37 &c.
292 226 114 37 Maior
368 226 140 37 videtur
469 226 114 37 nota,
545 226 102 37 quia
609 226 102 37 ideo
660 226 63 37 co-

171 260 160 46 gnoscens
291 260 147 46 aliquod
398 260 120 46 genus
478 260 94 46 non
532 260 174 46 cognoscit
652 260 80 46 eius

177 293 200 39 differentias
339 293 87 39 per
389 293 100 39 quas
451 293 175 39 diuiditur,
589 293 100 39 quia
639 293 87 39 habet

169 327 82 46 de
210 327 109 46 ipso
279 327 205 46 cognitionem
443 327 178 46 confusam,
580 327 68 46 &
593 327 137 46 imperfe-

174 360 114 41 ctam,
250 360 101 41 ergo
314 360 89 41 per
364 360 177 41 oppositum,
503 360 89 41 vbi
554 360 152 41 cognitio
655 360 76 41 ali-

176 397 110 39 cuius
249 397 135 39 generis
347 397 135 39 habetur
445 397 184 39 actualiter,
592 397 61 39 &
605 397 123 39 perfecto

174 425 82 38 ibi
221 425 94 38 sunt
280 425 141 38 cognitae
386 425 106 38 omnes
457 425 200 38 differentiae,
621 425 82 38 per
656 425 71 38 quas

180 456 175 39 diuiditur:
318 456 113 39 Minor
394 456 113 39 etiam
469 456 150 39 apparet,
582 456 100 39 quia
632 456 100 39 absur-

175 487 89 44 dum
226 487 89 44 est
277 487 127 44 dicere
366 487 76 44 de
405 487 102 44 ipso
468 487 102 44 Deo,
532 487 102 44 quod
596 487 127 44 habeat
672 487 64 44 con

186 527 169 42 gnitionem
316 527 169 42 confusam,
446 527 65 42 &
473 527 195 42 imperfectam
629 527 78 42 de
655 527 78 42 ipso

178 561 130 46 ente.
264 561 202 46 Quapropter
423 561 174 46 concludo
553 561 116 46 Deum
611 561 116 46 cogno-

178 589 111 42 scere
252 589 111 42 omnia
326 589 111 42 entia
400 589 160 42 distincte
523 589 62 42 &
535 589 136 42 perfecte.

217 618 82 45 Hic
264 618 106 45 tamen
335 618 118 45 oritur
417 618 188 45 rationabilis
570 618 188 45 difficultas,

179 655 172 44 scilicet,
311 655 119 44 vtrum
390 655 106 44 Deus
456 655 79 44 in
495 655 198 44 cognoscendo
641 655 92 44 omnia

183 693 179 36 distincte,
324 693 166 36 cognoscat
452 693 77 36 ea
490 693 90 36 per
541 693 102 36 vnam
592 693 141 36 rationem,

184 725 96 36 vel
239 725 96 36 per
294 725 151 36 plures.
403 725 96 36 Nam
458 725 137 36 quidam
554 725 151 36 dicunt,
650 725 82 36 quod

182 763 164 37 cognoscit
309 763 114 37 omnia
384 763 88 37 per
435 763 152 37 rationes
549 763 126 37 plures
624 763 114 37 distin-

185 789 120 44 ctas
260 789 90 44 ex
305 789 150 44 natura
395 789 90 44 rei.

186 821 95 42 Sed
240 821 95 42 hoc
294 821 122 42 stare
375 821 95 42 non
429 821 149 42 potest,
537 821 108 42 quia
604 821 122 42 omnes
672 821 68 42 ra-

186 855 133 47 tiones,
282 855 97 47 quae
343 855 97 47 sunt
403 855 145 47 superius
512 855 121 47 factae
596 855 121 47 contra
669 855 72 47 opi-

185 894 127 39 nionem
274 894 76 39 de
312 894 241 39 formalitatibus,
515 894 139 39 possunt
616 894 114 39 fieri
680 894 63 39 con

184 925 92 44 tra
236 925 118 44 istam
302 925 158 44 opinionem.

196 956 106 42 Alij
262 956 106 42 vero
328 956 145 42 dicunt,
433 956 106 42 quod
499 956 92 42 per
552 956 132 42 plures
631 956 106 42 ratio-

188 989 82 41 nes
235 989 164 41 distinctas
364 989 82 41 per
411 989 141 41 diuersos
517 989 153 41 respectus
623 989 117 41 rationis

186 1027 171 46 fabricatos
320 1027 61 46 a
345 1027 122 46 diuino
418 1027 159 46 intellectu.

191 1050 94 52 Sed
244 1050 120 52 neque
324 1050 94 52 hoc
378 1050 107 52 esse
445 1050 147 52 potest;
552 1050 94 52 Tum
605 1050 120 52 quiam
672 1050 67 52 se-

186 1087 173 43 queretur,
319 1087 107 43 quod
385 1087 133 43 diuina
479 1087 160 43 essentia
585 1087 160 43 expectaret

185 1129 104 41 istos
255 1129 150 41 respectus
371 1129 139 41 rationis
475 1129 69 41 ad
510 1129 150 41 distincte
614 1129 127 41 repraesen

187 1161 152 40 tandum:
298 1161 97 40 Tum
353 1161 124 40 etiam
436 1161 111 40 quia
505 1161 193 40 sequeretur
643 1161 97 40 diui-

180 1191 98 38 num
236 1191 210 38 intellectum
404 1191 182 38 expectare
545 1191 140 38 eosdem
629 1191 112 38 respe-

191 1226 97 41 ctus
252 1226 146 41 rationis
361 1226 73 41 ad
398 1226 158 41 distincte
520 1226 207 41 cognoscendum,
678 1226 61 41 quo

188 1255 92 46 rum
240 1255 158 46 vtrunque
359 1255 92 46 est
398 1255 145 46 absurdum.

221 1287 76 48 Et
259 1287 101 48 ideo
322 1287 101 48 alij
385 1287 139 48 dicunt,
486 1287 101 48 quod
549 1287 88 48 per
600 1287 101 48 vnam
650 1287 101 48 ratio-

184 1324 90 39 nem
236 1324 142 39 tantum,
339 1324 90 39 sed
391 1324 90 39 nec
442 1324 116 39 istud
520 1324 142 39 videtur
623 1324 103 39 bene
674 1324 65 39 di-

190 1354 111 39 ctum,
264 1354 99 39 quia
325 1354 86 39 vna
374 1354 123 39 ratio,
461 1354 160 39 inquantum
584 1354 86 39 vna
633 1354 99 39 est,
682 1354 62 39 non

186 1391 116 43 habet
264 1391 194 43 habitudinem
418 1391 219 43 determinatam,
599 1391 103 43 nisi
664 1391 77 43 ad
689 1391 52 43 v-

188 1423 105 38 num,
254 1423 66 38 &
280 1423 79 38 si
320 1423 171 38 contingat
451 1423 105 38 quod
517 1423 132 38 habeat
596 1423 145 38 habitudi-

187 1454 93 52 nem
240 1454 79 52 ad
279 1454 132 52 plura,
372 1454 93 52 hoc
425 1454 106 52 erit
491 1454 93 52 per
544 1454 145 52 quandam
636 1454 106 52 indif-

189 1495 191 42 ferentiam,
339 1495 68 42 &
367 1495 300 42 indeterminationem.
612 1495 123 42 Quapro-

195 1525 98 44 pter
256 1525 196 44 relinquitur,
415 1525 98 44 quod
476 1525 73 44 ex
513 1525 86 44 vna
562 1525 135 44 ratione
647 1525 98 44 inquam

191 1563 83 35 tum
239 1563 83 35 vna
286 1563 95 35 est,
346 1563 83 35 non
394 1563 119 35 possit
477 1563 95 35 sumi
537 1563 107 35 ratio
596 1563 143 35 distinctae

184 1591 238 46 repraesentationis.

223 1622 144 47 Videtur
327 1622 104 47 ergo
393 1622 104 47 mihi
458 1622 170 47 dicendum,
588 1622 104 47 quod
654 1622 117 47 diui

196 1654 86 41 nus
245 1654 184 41 intellectus
392 1654 160 41 cognoscat
515 1654 111 41 omnia
589 1654 111 41 entia
651 1654 98 41 distin

191 1694 93 39 cte
244 1694 93 39 per
297 1694 106 39 vnam
364 1694 173 39 rationem,
496 1694 93 39 non
550 1694 133 39 quidem
643 1694 80 39 in
669 1694 80 39 quan

191 1723 88 40 tum
242 1723 88 40 vna
292 1723 100 40 est,
354 1723 88 40 sed
404 1723 75 40 in
442 1723 138 40 quantum
542 1723 188 40 aequipollet
679 1723 63 40 plu

191 1759 124 40 ribus.
277 1759 74 40 De
315 1759 87 40 hoc
364 1759 112 40 tamen
439 1759 124 40 melius
526 1759 137 40 patebit
625 1759 74 40 in
650 1759 99 40 distin

198 1789 129 39 ctione
289 1789 168 39 sequenti,
418 1789 129 39 quando
508 1789 129 39 agetur
599 1789 78 39 de
625 1789 116 39 ldaeis,

196 1824 67 41 Et
229 1824 89 41 haec
274 1824 89 41 satis.

226 1885 336 42 ARTICVLVS
459 1885 232 42 TERTIVS

245 1950 121 47 Vtrum
325 1950 108 47 Deus
392 1950 175 47 cognoscat
513 1950 175 47 singularia.

767 175 131 72 IVius
855 175 189 72 oppositum
1000 175 160 72 tertium
1116 175 174 72 probabat
1232 175 73 72 ar-

757 222 225 47 gumentum.
930 222 225 47 Conclusio
1103 222 156 47 autem
1189 222 121 47 huius

751 264 141 44 articuli
857 264 118 44 potest
939 264 118 44 patere
1022 264 71 44 ex
1057 264 94 44 ijs,
1116 264 94 44 quae
1175 264 106 44 dicta
1233 264 71 44 sunt

744 298 81 44 in
784 298 215 44 praecedenti.
959 298 94 44 Nam
1013 298 81 44 si
1053 298 108 44 Deus
1121 298 175 44 cognoscit
1242 298 67 44 om-

746 327 80 47 nia
791 327 114 47 entiam
871 327 160 47 distincte,
997 327 69 47 vt
1031 327 137 47 probatum
1134 327 91 47 est,
1191 327 137 47 sequitur

743 357 179 60 necessario,
886 357 95 60 quod
946 357 155 60 cognoscat
1065 357 71 60 ea
1100 357 71 60 in
1136 357 167 60 singulari;
1267 357 60 60 &

753 395 86 40 per
802 395 172 40 consequens
937 395 160 40 cognoscit
1060 395 184 40 singularia.
1208 395 74 40 Et
1232 395 74 40 ideo

745 430 121 48 eaedem
829 430 145 48 rationes
938 430 97 48 quae
998 430 121 48 factae
1083 430 97 48 sunt
1143 430 84 48 pro
1191 430 97 48 illa
1240 430 72 48 con-

748 457 144 54 clusione
856 457 132 54 possent
953 457 108 54 fieri
1025 457 84 54 pro
1061 457 72 54 ista

781 485 236 48 Intelligendum
975 485 139 48 tamen,
1072 485 111 48 quod
1142 485 153 48 quamuis
1239 485 69 48 du-

755 521 109 48 pium
823 521 109 48 sit,
891 521 122 48 vtrum
973 521 81 48 de
1013 521 190 48 intentione
1163 521 95 48 Com
1203 521 109 48 fuerit

751 560 100 40 Deum
813 560 87 40 non
863 560 174 40 cognoscere
1000 560 100 40 alia
1062 560 62 40 a
1087 560 75 40 se
1124 560 174 40 distincte,
1249 560 62 40 cre

747 593 118 52 didit
825 593 131 52 tamen,
917 593 105 52 quod
983 593 92 52 non
1035 593 196 52 cognosceret
1179 593 131 52 singula-

754 629 101 37 ria,
817 629 101 37 quia
880 629 75 37 in
918 629 101 37 xij.
981 629 126 37 Metaph
1069 629 151 37 exponens
1182 629 113 37 illud
1245 629 63 37 ca-

758 659 145 40 bitulum
863 659 211 40 (Snententiam
1034 659 145 40 Patrum)
1140 659 171 40 concludit
1258 659 53 40 in

753 691 110 50 fine
822 691 165 50 commenti
946 691 151 50 tanquam
1056 691 138 50 verum,
1153 691 110 50 quod
1208 691 96 50 scien

758 729 80 34 tia
803 729 80 34 Dei
849 729 80 34 non
895 729 80 34 est
941 729 195 34 particularis,
1102 729 80 34 nec
1148 729 184 34 vniuersalis,

752 762 65 44 &
778 762 130 44 ibidem
869 762 130 44 statim
960 762 182 44 subiungit,
1102 762 104 44 quod
1167 762 169 44 particula

755 796 97 35 ria,
815 796 85 35 cum
864 796 97 35 sint
924 796 157 35 infinita,
1046 796 85 35 non
1094 796 133 35 possunt
1179 796 133 35 terminari

754 826 63 40 a
780 826 165 40 scientia.
906 826 76 40 Et
944 826 101 40 ideo
1008 826 139 40 propter
1109 826 101 40 ista
1160 826 139 40 videbitur

750 851 149 50 fortasse
861 851 124 50 alicui
948 851 99 50 quod
1010 851 161 50 conclusio
1134 851 112 50 huius
1196 851 112 50 articu-

750 892 73 45 li
786 892 86 45 non
835 892 122 45 possit
921 892 135 45 inferri
1019 892 73 45 ex
1056 892 184 45 conclusione
1191 892 122 45 articuli

744 922 198 43 praecedentis

784 955 176 55 Sciendum
916 955 132 55 ergo,
1004 955 117 55 quod
1077 955 117 55 Deum
1136 955 176 55 cognoscere

750 994 109 45 omnia
822 994 157 45 distincte
943 994 121 45 potest
1028 994 157 45 intelligi
1149 994 181 45 dupliciter,

756 1027 96 46 vno
811 1027 110 46 modo
880 1027 110 46 quod
948 1027 178 46 cognoscat
1086 1027 178 46 distincte
1209 1027 96 46 omnes

755 1056 129 46 species
849 1056 223 46 specialissimas,
1037 1056 94 46 quae
1096 1056 82 46 per
1143 1056 70 46 se
1178 1056 129 46 faciunt
1260 1056 47 46 ad

762 1094 199 38 perfectionem
923 1094 162 38 vniuersi:
1048 1094 62 38 &
1073 1094 87 38 sic
1122 1094 112 38 forte
1185 1094 124 38 intelle-

750 1124 98 40 xit
806 1124 112 40 Com.
876 1124 112 40 quod
945 1124 112 40 Deus
1015 1124 209 40 cognoscendo
1182 1124 98 40 ens
1224 1124 84 40 sim-

765 1160 160 39 pliciter
884 1160 160 39 secundum
1004 1160 173 39 quamlibet
1137 1160 160 39 speciem,
1244 1160 67 39 non

764 1194 132 39 gnorat
856 1194 145 39 naturam
961 1194 118 39 entis
1040 1194 79 39 in
1079 1194 145 39 omnibus
1172 1194 132 39 entibus;

757 1227 104 46 Alio
822 1227 117 46 modo,
900 1227 104 46 quod
966 1227 170 46 cognoscat
1096 1227 117 46 omnia
1175 1227 117 46 entia
1240 1227 65 46 di-

751 1256 156 42 stincte,
868 1256 91 42 non
920 1256 117 42 solum
998 1256 156 42 secundum
1116 1256 143 42 species
1207 1256 104 42 specia

755 1292 153 39 lissimas,
873 1292 82 39 sed
920 1292 106 39 etiam
991 1292 177 39 singularia,
1132 1292 59 39 &
1156 1292 94 39 isto
1215 1292 94 39 modo
1262 1292 47 39 vi

761 1325 115 39 detur
838 1325 140 39 negasse
940 1325 64 39 a
965 1325 89 39 Deo
1016 1325 191 39 cognitionem
1156 1325 153 39 distinctam

756 1361 72 44 de
792 1361 143 44 entibus.
899 1361 131 44 Idcirco
995 1361 72 44 si
1031 1361 155 44 rationes,
1138 1361 167 44 praecedentis

751 1392 159 38 articuli
870 1392 93 38 non
923 1392 106 38 plus
989 1392 225 38 concludefent,
1175 1392 106 38 nisi
1228 1392 79 38 quod

766 1425 102 37 Deus
830 1425 128 37 habeat
920 1425 166 37 distictam
1047 1425 192 37 cognitionem
1201 1425 77 37 de
1226 1425 77 37 enti

761 1459 106 41 bus,
827 1459 93 41 non
880 1459 159 41 possemus
999 1459 93 41 per
1052 1459 93 41 eas
1105 1459 133 41 habere
1198 1459 106 41 Deum
1251 1459 53 41 ed

760 1489 160 48 gnoscere
866 1489 160 48 singularia

787 1516 100 45 Nunc
849 1516 125 45 autem,
937 1516 75 45 si
974 1516 100 45 quis
1037 1516 100 45 bene
1099 1516 163 45 attendat,
1212 1516 88 45 ratio

759 1553 94 48 nes
812 1553 175 48 praefatae
947 1553 94 48 non
1001 1553 121 48 solum
1082 1553 202 48 concludunt,
1230 1553 81 48 quod

762 1590 104 41 Deus
827 1590 130 41 habeat
917 1590 181 41 distinctam
1060 1590 194 41 cognitionem
1215 1590 78 41 de
1241 1590 65 41 en-

758 1622 121 43 tibus,
843 1622 85 43 sed
891 1622 121 43 etiam,
976 1622 97 43 quod
1036 1622 121 43 habeat
1121 1622 85 43 eam
1157 1622 145 43 distinctam

760 1655 76 40 de
798 1655 216 40 singularibus.
976 1655 76 40 Et
1015 1655 102 40 ideo
1078 1655 114 40 solum
1154 1655 140 40 remanet
1243 1655 64 40 du-

761 1690 108 48 bium
829 1690 81 48 de
870 1690 122 48 modo,
951 1690 95 48 quo
1005 1690 108 48 Deus
1072 1690 176 48 cognoscat
1194 1690 108 48 singu-

762 1727 131 35 laria.
854 1727 92 35 Nam
906 1727 131 35 dicunt
998 1727 144 35 quidam,
1103 1727 105 35 quod
1168 1727 118 35 aliud
1234 1727 66 35 ess

756 1759 183 39 cognoscere
900 1759 170 39 singulare
1030 1759 170 39 inquantum
1148 1759 157 39 singulare,

757 1790 66 38 &
783 1790 118 38 aliud
862 1790 197 38 intelligere
1020 1790 118 38 ipsum
1099 1790 171 38 inquantum
1217 1790 92 38 singu

751 1823 140 44 lariter
853 1823 217 44 significatum,
1032 1823 64 44 &
1057 1823 204 44 demonstratum
1223 1823 89 44 per
1261 1823 38 44 4

753 1856 114 36 nomen
830 1856 102 36 hoc,
893 1856 89 36 vel
944 1856 127 36 istud,
1033 1856 76 36 vt
1071 1856 89 36 cum
1122 1856 114 36 dico,
1198 1856 89 36 hoc
1236 1856 64 36 no-

760 1888 82 49 men
807 1888 129 49 animal,
901 1888 82 49 uel
947 1888 94 49 iste
1006 1888 117 49 lapis,
1088 1888 94 49 quia
1146 1888 105 49 ille,
1216 1888 82 49 qui
1252 1888 58 49 in-

760 1923 150 38 telligit
872 1923 162 38 singulare
996 1923 100 38 sine
1059 1923 237 38 demonstratione;
1246 1923 62 38 non

754 1953 168 42 intelligit
886 1953 108 42 ipsum
958 1953 72 42 vt
994 1953 168 42 distinctum
1126 1953 72 42 ab
1162 1953 96 42 alio
1210 1953 96 42 singu-

756 1988 110 47 lari;
829 1988 86 47 nam
878 1988 110 47 plura
951 1988 73 47 in
988 1988 171 47 singularia
1122 1988 134 47 eiusdem
1208 1988 110 47 speciei

752 2022 72 41 in
788 2022 107 41 istis
859 2022 107 41 rebus
931 2022 191 41 materialibus
1086 2022 131 41 possunt
1182 2022 95 41 esse
1229 2022 84 41 peni-

758 2055 93 46 tus
811 2055 159 46 similia,
930 2055 66 46 &
957 2055 93 46 per
1010 2055 186 46 consequens
1156 2055 93 46 non
1196 2055 119 46 possunt
