1500 2266
185 165 91 47 ibi
237 165 116 47 loqui
314 165 78 47 de
353 165 142 47 visione
457 165 142 47 patrie,
560 165 65 47 &
586 165 116 47 tamen
651 165 91 47 nomi-

199 211 89 36 nat
250 211 114 36 Ideas
326 211 76 36 in
364 211 152 36 plurali,
478 211 89 36 qui
528 211 126 36 quidem
617 211 114 36 modus
680 211 63 36 lo-

193 241 126 39 quendi
281 241 126 39 omnino
369 241 113 39 esset
445 241 138 39 falsus,
545 241 100 39 nisi
595 241 151 39 distinctio

193 275 145 37 idearum
299 275 145 37 haberet
404 275 119 37 locum
484 275 79 37 in
510 275 106 37 patria

197 307 153 42 Secundo,
312 307 102 42 quia
375 307 102 42 illa
439 307 178 42 distinctio
579 307 153 42 rationis
680 307 64 42 pro

203 341 104 42 uenit
273 341 70 42 ex
308 341 116 42 natura
389 341 81 42 rei
436 341 209 42 necessitantis,
610 341 93 42 quae
656 341 93 42 quidem

196 371 123 49 habet
278 371 96 49 pro
333 371 178 49 immediato
470 371 192 49 fundamento
621 371 123 49 ipsam
689 371 55 49 re

198 405 151 41 secundum
312 405 101 41 suum
374 405 101 41 esse
437 405 214 41 conceptibile,
613 405 63 41 &
626 405 113 41 defini-

203 439 99 40 bile;
269 439 155 40 distinctio
391 439 133 40 rationis
490 439 99 40 inter
556 439 99 40 ideas
623 439 77 40 est
656 439 88 40 huius-

194 474 110 38 modi,
267 474 97 38 ergo
328 474 85 38 &c.
377 474 110 38 Maior
450 474 85 38 est
498 474 110 38 nota,
571 474 97 38 quia
632 474 85 38 cum
669 474 73 38 quae

192 505 110 40 libet
265 505 86 40 res
314 505 171 40 necessario
449 505 122 40 habeat
534 505 98 40 suum
595 505 98 40 esse
644 505 98 40 conce-

199 545 148 39 ptibile,
310 545 62 39 &
334 545 185 39 definibile,
483 545 148 39 quicquid
594 545 148 39 prouenit
693 545 49 39 im

198 575 130 34 mediate
293 575 71 34 ex
328 575 95 34 esse
388 575 83 34 rei
435 575 201 34 conceptibili,
601 575 59 34 &
613 575 130 34 definibi-

199 606 81 42 li,
245 606 138 42 prouenit
348 606 69 42 ex
383 606 115 42 natura
463 606 81 42 rei
509 606 207 42 necessitantis;
670 606 69 42 pro-

188 636 82 37 bo
229 636 164 37 minorem,
352 636 109 37 quia
420 636 123 37 ideae
502 636 164 37 secundum
625 636 109 37 suum
680 636 68 37 es-

199 671 70 38 se
234 671 199 38 conceptibile,
398 671 58 38 &
422 671 164 38 definibile
550 671 152 38 comnotant
655 671 94 38 distin

192 702 152 45 ctionem
303 702 138 45 realem
400 702 194 45 ideatorum,
552 702 69 45 &
580 702 83 45 ex
621 702 97 45 hoc
663 702 83 45 ipso

203 735 135 37 habent,
301 735 98 37 quod
362 735 184 37 necessitent
510 735 184 37 intellectum
657 735 74 37 ad
682 735 61 37 di-

195 771 189 41 stinguendum
347 771 114 41 inter
423 771 101 41 eas,
486 771 101 41 quia
549 771 189 41 impossibile
688 771 63 41 est

201 801 157 38 concipere
321 801 84 38 eas
370 801 84 38 cum
418 801 96 38 suis
478 801 145 38 diuersis
586 801 181 38 connotatis,

194 836 166 35 secundum
318 836 124 35 vnam,
401 836 69 35 &
429 836 138 35 eandem
525 836 179 35 rationem,
663 836 69 35 &
677 836 69 35 sic

196 865 106 48 patet
267 865 201 48 distinctionem
433 865 142 48 rationis
539 865 106 48 inter
610 865 106 48 ideas
669 865 71 48 esse

198 907 81 43 ex
239 907 135 43 natura
334 907 95 43 rei
374 907 217 43 necessitantis.

195 931 173 43 Sciendum
324 931 144 43 tamen,
425 931 115 43 quod
497 931 158 43 quamuis
612 931 115 43 ista
670 931 72 43 di-

196 971 140 40 stinctio
301 971 82 40 sit
348 971 70 40 ex
383 971 117 40 natura
464 971 82 40 rei
511 971 151 40 necessita
627 971 93 40 ntis
674 971 70 40 quem

190 1006 130 37 admodum
285 1006 177 37 distinctio,
427 1006 95 37 quae
486 1006 83 37 est
533 1006 106 37 inter
592 1006 154 37 relationem,

196 1038 63 34 &
222 1038 164 34 essentiam
348 1038 88 34 (vt
398 1038 126 34 dictum
486 1038 101 34 fuit
549 1038 126 34 supra)
637 1038 88 34 non
675 1038 63 34 ta-

197 1065 89 36 men
248 1065 89 36 est
299 1065 114 36 eodem
375 1065 114 36 modo,
451 1065 101 36 quia
514 1065 177 36 distinctio
641 1065 101 36 ratio-

195 1098 100 41 nis,
257 1098 100 41 quae
319 1098 87 41 est
369 1098 112 41 inter
443 1098 187 41 relationem,
593 1098 62 41 &
605 1098 137 41 essentiam

193 1132 90 37 non
245 1132 154 37 supponit
360 1132 141 37 aliquam
463 1132 219 37 distinctionem
643 1132 129 37 realem

198 1165 197 39 extrinsecam,
358 1165 172 39 distinctio
493 1165 98 39 vero
554 1165 148 39 rationis
653 1165 86 39 inter

191 1199 113 34 ideas
267 1199 150 34 supponit
379 1199 175 34 necessario
517 1199 213 34 distinctionem
680 1199 63 34 rea

194 1231 94 37 lem
247 1231 188 37 ideatorum,
395 1231 94 37 hoc
449 1231 121 37 autem
530 1231 188 37 contingit,
664 1231 81 37 quia

195 1264 117 44 ideae
273 1264 155 44 secundum
389 1264 104 44 suum
454 1264 104 44 esse
519 1264 220 44 conceptibile,
700 1264 65 44 &

192 1294 189 51 definibile
340 1294 176 51 connotant
475 1294 122 51 ipsum
556 1294 162 51 ideatum,
664 1294 81 51 quod

203 1329 83 41 est
251 1329 107 41 quasi
322 1329 191 41 extrinsecum,
477 1329 119 41 diuina
560 1329 95 41 Vero
608 1329 131 41 essentia,

194 1364 84 38 vel
242 1364 95 38 ipsa
301 1364 131 38 relatio
397 1364 84 38 non
445 1364 155 38 connotant
564 1364 131 38 aliquid
648 1364 95 38 extrin

189 1404 118 38 secum
268 1404 158 38 secundum
386 1404 105 38 suum
452 1404 105 38 esse
518 1404 223 38 conceptibile,
702 1404 66 38 &

183 1427 186 47 definibile

202 1461 83 40 Et
244 1461 111 40 ideo
313 1461 152 40 debemus
423 1461 138 40 dicere
520 1461 83 40 de
548 1461 193 40 distinctione

190 1494 179 39 idecrum,
325 1494 224 39 quemadmodum
504 1494 194 39 dicebamus
638 1494 105 39 supe-

199 1530 94 38 rius
258 1530 71 38 in
293 1530 106 38 prima
364 1530 153 38 distinct.
482 1530 71 38 de
517 1530 200 38 distinctione,
670 1530 71 38 quae

200 1557 166 52 ponebatur
328 1557 115 52 inter
404 1557 153 52 obiectum
519 1557 191 52 voluntatis,
672 1557 64 52 &
684 1557 64 52 in-

194 1595 173 36 tellectus;
329 1595 86 36 nam
379 1595 111 36 sicut
453 1595 86 36 ibi
502 1595 173 36 dicebatur,
638 1595 99 36 quod
687 1595 62 36 vna

199 1628 63 39 &
225 1628 114 39 eadem
300 1628 88 39 res
351 1628 151 39 induebat
464 1628 151 39 diuersas
578 1628 151 39 rationes
679 1628 63 39 ob-

198 1657 165 43 iectiuas,
325 1657 165 43 inquantum
453 1657 178 43 terminabat
592 1657 153 43 diuersos
694 1657 51 43 a-

201 1693 107 37 ctus,
273 1693 83 37 sic
320 1693 71 37 in
356 1693 167 37 proposito,
487 1693 83 37 vna
535 1693 60 37 &
558 1693 107 37 eadem
630 1693 95 37 res,
678 1693 71 37 sci-

197 1725 105 38 licet
267 1725 116 38 diuina
349 1725 140 38 essentia
453 1725 116 38 induit
535 1725 140 38 diuersas
628 1725 116 38 rationes

196 1759 149 40 ideales,
307 1759 161 40 inquantum
432 1759 149 40 connotat
543 1759 137 40 diuersa
630 1759 112 40 ideata,

200 1795 62 37 &
224 1795 111 37 sicut
298 1795 148 37 rationes
410 1795 173 37 obiectiuae
545 1795 86 37 non
582 1795 161 37 distinguun-

204 1830 77 41 tur
248 1830 99 41 inter
314 1830 77 41 se,
358 1830 55 41 &
380 1830 55 41 a
402 1830 66 41 re
435 1830 88 41 quae
490 1830 77 41 est
534 1830 143 41 obiectum,
644 1830 88 41 nisi
688 1830 55 41 com

200 1859 211 37 ceptibiliter,
373 1859 136 37 propter
472 1859 99 37 quod
534 1859 124 37 cadunt
621 1859 74 37 in
646 1859 99 37 secudo

196 1889 96 38 modo
256 1889 132 38 dicendi
351 1889 84 38 per
399 1889 84 38 se,
447 1889 72 38 vt
483 1889 120 38 ibidem
567 1889 167 38 dicebatur,
686 1889 60 38 ita

195 1922 101 38 isto
259 1922 101 38 modo
322 1922 152 38 rationes
436 1922 139 38 ideales
537 1922 89 38 non
575 1922 165 38 distinguun-

204 1957 78 45 tur
249 1957 67 45 in
282 1957 67 45 er
316 1957 78 45 se,
360 1957 56 45 &
383 1957 67 45 ab
416 1957 145 45 essentia,
528 1957 89 45 nisi
572 1957 168 45 conceptibili-

194 1991 108 36 ter,
261 1991 148 36 propter
368 1991 108 36 quod
436 1991 135 36 cadunt
530 1991 81 36 in
570 1991 148 36 secundo
664 1991 81 36 modo

198 2024 130 49 dicendi
293 2024 83 49 per
340 2024 71 49 se
375 2024 142 49 respectu
482 2024 165 49 essentiae;
611 2024 83 49 ita
659 2024 94 49 quod
706 2024 47 49 si

763 162 174 47 definiretur
903 162 151 47 essentia,
1019 162 140 47 rationes
1124 162 128 47 ideales
1217 162 81 47 non
1252 162 58 47 ca-

756 212 126 36 derent
844 212 75 36 in
882 212 88 36 sua
932 212 201 36 definitione,
1096 212 113 36 prout
1158 212 101 36 eredo.

794 240 165 44 Praeterea
921 240 89 44 est
972 240 165 44 dicendum,
1099 240 102 44 quod
1163 240 114 44 sicut
1226 240 89 44 actus

762 273 190 49 intellectus,
917 273 59 49 &
940 273 166 49 voluntatis
1071 273 178 49 necessitant
1202 273 119 49 intelle-

758 306 113 40 ctum
829 306 227 40 concipientem
1013 306 85 40 ad
1055 306 255 40 praescindendum
1253 306 57 40 in

764 339 109 37 eodem
837 339 133 37 obiecto
933 339 145 37 diuersas
1043 339 145 37 rationes
1152 339 182 37 obiectiuas,

757 370 79 40 sic
802 370 102 40 etiam
870 370 125 40 diuersa
961 370 114 40 ideata
1041 370 170 40 necessitant
1165 370 148 40 intellectum

755 406 84 37 ad
797 406 267 37 praescindendum,
1022 406 98 37 vel
1078 406 239 37 distinguendum
1261 406 56 37 in

756 443 104 36 eadem
826 443 116 36 diuina
907 443 139 36 essentia
1011 443 139 36 diuersas
1115 443 139 36 rationes
1208 443 104 36 ideales

795 471 76 39 Ex
833 471 127 39 quibus
923 471 140 39 omnibus
1025 471 153 39 possumus
1139 471 153 39 vlterius
1241 471 64 39 con

766 504 136 39 cludere,
868 504 91 39 quod
925 504 159 39 distinctio
1050 504 148 39 rationis,
1163 504 91 39 quae
1220 504 80 39 est
1254 504 57 39 in-

766 534 80 48 ter
811 534 114 48 ideas,
891 534 170 48 aequipollet
1027 534 182 48 distinctioni
1175 534 114 48 reali,
1243 534 68 48 quia

763 570 113 39 suum
834 570 212 39 fundamentum
1004 570 212 39 aequipollet
1159 570 156 39 fundamen-

760 604 77 48 to
799 604 219 48 distinctionis
979 604 142 48 realis;
1083 604 90 48 nam
1134 604 129 48 tantum
1212 604 103 48 potest

765 639 121 32 diuina
850 639 157 32 essentia,
971 639 97 32 quae
1031 639 145 32 realiter
1140 639 85 32 est
1189 639 85 32 vna
1225 639 85 32 forma

763 669 183 37 exemplaris
907 669 235 37 simplicissima,
1103 669 144 37 quantum
1194 669 118 37 possent

757 702 146 39 infinitae
869 702 112 39 formae
948 702 157 39 exemplares
1071 702 135 39 realiter
1161 702 146 39 distinctae,

768 736 68 51 si
802 736 102 51 esset
870 736 148 51 possibile
984 736 102 51 illas
1041 736 68 51 dare

808 802 316 47 ARTICVLVS
1027 802 243 47 TERTLVS.

767 866 119 48 Vtrum
846 866 119 48 ldeae
926 866 80 48 in
966 866 93 48 Deo
1019 866 106 48 sint
1085 866 186 48 principium
1218 866 93 48 cogno

877 902 165 43 scendi,
997 902 105 43 vel
1057 902 195 43 operandi.

830 1028 68 41 D
858 1028 95 41 hoc
912 1028 135 41 dicunt
1006 1028 149 41 quidam,
1115 1028 108 41 quod
1182 1028 108 41 idea
1236 1028 68 41 non

758 1043 155 64 potest
867 1043 124 64 esse
945 1043 217 64 principium
1100 1043 202 64 cognoscendi

763 1101 101 44 quia
826 1101 88 44 cum
877 1101 101 44 sint
939 1101 126 44 multae
1027 1101 113 44 ideae
1103 1101 75 44 in
1141 1101 101 44 Deo,
1191 1101 113 44 sequere

766 1141 86 34 tur
815 1141 99 34 quod
877 1141 74 34 in
914 1141 74 34 eo
951 1141 123 34 essent
1037 1141 123 34 multae
1123 1141 148 34 rationes
1222 1141 86 34 cogno

753 1165 146 36 scendi,
859 1165 106 36 quod
926 1165 133 36 omnino
1019 1165 160 36 repugnat
1125 1165 186 36 simplicitati

757 1197 120 51 diuini
841 1197 193 51 intellectus,
998 1197 120 51 potest
1082 1197 108 51 tamen
1154 1197 120 51 habere
1227 1197 84 51 ratio

755 1230 93 44 nem
808 1230 159 44 cogniti,
927 1230 106 44 quia
994 1230 146 44 quamuis
1100 1230 159 44 repugnet
1206 1230 106 44 simpli

761 1266 118 42 citati
844 1266 118 42 diuini
926 1266 177 42 intellectus
1068 1266 118 42 habere
1151 1266 118 42 multas
1221 1266 83 42 ratio

755 1297 93 51 nes
808 1297 212 51 cognoscendi,
980 1297 93 51 non
1032 1297 119 51 tamen
1112 1297 159 51 repugnat
1231 1297 79 51 ei
1257 1297 53 51 ha

758 1330 101 43 bere
822 1330 114 43 multa
885 1330 127 43 cognita-

784 1361 105 40 Alij
849 1361 105 40 vero
915 1361 131 40 dicunt
1007 1361 183 40 contrarium
1151 1361 66 40 :
1177 1361 144 40 Volunt.
1269 1361 39 40 n

763 1401 97 42 quod
823 1401 97 42 idea
884 1401 121 42 aliquo
969 1401 97 42 modo
1029 1401 121 42 possit
1114 1401 97 42 dici
1163 1401 145 42 principium

757 1433 64 38 &
783 1433 115 38 ratio
860 1433 205 38 cognoscendi,
1026 1433 102 38 quia
1090 1433 128 38 diuina
1166 1433 141 38 essentia,

762 1461 113 38 prout
838 1461 113 38 habet
913 1461 150 38 rationem
1025 1461 125 38 ideae,
1113 1461 88 38 est
1163 1461 163 38 exemplar,
1275 1461 38 38 &

762 1500 189 42 similitudo
910 1500 216 42 creaturarum,
1086 1500 68 42 &
1113 1500 95 42 per
1153 1500 162 42 consequens

759 1528 83 46 non
806 1528 118 46 potest
889 1528 130 46 negari,
984 1528 95 46 quin
1043 1528 83 46 sit
1090 1528 106 46 ratio
1161 1528 59 46 &
1173 1528 142 46 principium

759 1564 198 34 cognitionis
917 1564 132 34 earum,
1010 1564 172 34 inquantum
1141 1564 119 34 habet
1207 1564 106 34 ratio-

761 1596 87 40 nem
810 1596 124 40 ideae;
897 1596 87 40 nam
946 1596 124 40 semper
1033 1596 148 40 exemplar
1144 1596 87 40 est
1193 1596 124 40 ratio,
1280 1596 62 40 &

766 1631 187 40 principium
913 1631 200 40 cognoscendi
1073 1631 120 40 ipsum
1139 1631 174 40 exemplatum.

762 1664 142 38 Addunt
861 1664 142 38 tamen,
961 1664 114 38 quod
1032 1664 128 38 ideam
1118 1664 114 38 esse
1175 1664 142 38 rationem

761 1696 192 42 cognoscendi,
917 1696 120 42 potest
1001 1696 156 42 intelligi
1120 1696 180 42 dupliciter,
1252 1696 60 42 vno

764 1727 109 36 modo
832 1727 109 36 quod
900 1727 95 36 sit
954 1727 122 36 ratio
1036 1727 204 36 cognoscendi
1185 1727 136 36 respectu

770 1759 120 38 diuini
854 1759 180 38 intellectus
998 1759 204 38 cognoscentis,
1167 1759 60 38 &
1191 1759 96 38 isto
1239 1759 72 38 modo

767 1797 86 32 non
816 1797 135 32 videtur
914 1797 123 32 verum,
1000 1797 98 32 quod
1061 1797 98 32 ldea
1123 1797 86 32 sit
1172 1797 110 32 ratio
1233 1797 86 32 cogno

765 1827 132 47 scendi,
861 1827 96 47 quia
921 1827 120 47 illud,
1005 1827 96 47 quod
1065 1827 84 47 est
1113 1827 108 47 ratio
1173 1827 144 47 cognoscen-

764 1858 72 47 di
800 1858 144 47 respectu
908 1858 180 47 intellectus
1052 1858 204 47 cognoscentis,
1208 1858 108 47 reducit

762 1893 124 44 ipsum
845 1893 207 44 intellectum
1010 1893 138 44 aliquo
1106 1893 110 44 modo
1175 1893 83 44 de
1203 1893 110 44 poten-

764 1931 89 35 tia
815 1931 77 35 ad
854 1931 115 35 actum
930 1931 166 35 tribuendo
1058 1931 77 35 ei
1096 1931 140 35 aliquam
1185 1931 128 35 actuali-

763 1958 143 40 tatem:
863 1958 100 40 Hoc
920 1958 128 40 autem
1005 1958 143 40 omnino
1105 1958 100 40 est
1162 1958 157 40 alienum
1262 1958 57 40 ab

762 1993 177 41 intellectu
902 1993 127 41 diuino
990 1993 89 41 qui
1041 1993 89 41 est
1091 1993 114 41 purus
1167 1993 127 41 actus:
1243 1993 76 41 alio

764 2027 112 53 autem
838 2027 99 53 modo
900 2027 124 53 potest
987 2027 174 53 intelligi,
1124 2027 99 53 quod
1186 2027 87 53 sit
1223 2027 87 53 ratio
