1500 2272
254 163 70 49 D
282 163 113 49 hunc
353 163 197 49 respondent
508 163 155 49 quidam,
620 163 113 49 quod
677 163 56 49 fu

179 179 120 66 tura
254 179 239 66 contingentia
448 179 269 66 representantur
657 179 75 66 im-

182 232 179 47 mutabiliter
326 232 72 47 in
361 232 120 47 diuina
445 232 143 47 essentia
553 232 84 47 per
600 232 96 47 suas
648 232 84 47 ratio

178 273 88 37 nes
229 273 150 37 ideales,
341 273 113 37 cuius
416 273 113 37 ratio
491 273 88 37 est
541 273 150 37 secundum
654 273 100 37 eos,

182 308 100 41 quia
245 308 113 41 ideae
320 308 150 41 perfecte
433 308 200 41 representant
595 308 125 41 ideata
670 308 63 41 non

170 334 117 42 solum
248 334 144 42 quantum
353 334 78 42 ad
392 334 104 42 suum
457 334 104 42 esse
522 334 235 42 quidditatiuum,

172 365 101 37 sed
229 365 129 37 etiam
315 365 158 37 quantum
430 365 86 37 ad
473 365 129 37 omnem
545 365 187 37 conditionem

176 400 180 43 existentiae
320 400 72 43 in
356 400 108 43 rerum
428 400 132 43 natura:
525 400 168 43 Quapropter
645 400 84 43 ideae

181 431 185 47 futurorum
323 431 242 47 contingentium
508 431 227 47 representabunt

178 463 85 49 ea
220 463 100 49 non
277 463 128 49 solum
363 463 157 49 quantum
477 463 85 49 ad
519 463 114 49 suam
576 463 157 49 simplicem

178 502 205 41 quidditatem,
345 502 90 41 sed
396 502 115 41 etiam
473 502 141 41 quantum
575 502 77 41 ad
601 502 128 41 actualem

178 539 203 41 existentiam,
343 539 102 41 quam
407 539 152 41 habitura
521 539 102 41 sunt
585 539 76 41 in
610 539 127 41 tempore,

178 571 213 37 quamuis
313 571 291 37 contingenter.

203 604 117 43 Hanc
277 604 132 43 autem
365 604 205 43 opinionem,
526 604 147 43 quidam
614 604 117 43 impro-

183 628 103 50 bant
248 628 129 50 maxime
338 628 77 50 ex
364 628 116 50 tribus.

181 668 114 40 Primo
258 668 102 40 sic.
321 668 127 40 lllud,
410 668 102 40 quod
474 668 89 40 est
525 668 114 40 ratio
588 668 140 40 represen-

182 706 107 40 tandi
253 706 143 40 terminos
360 706 166 40 simplices,
491 706 83 40 non
539 706 83 40 est
586 706 107 40 ratio
646 706 83 40 repre

174 731 149 45 sentandi
285 731 198 45 complexionem
446 731 149 45 illorum,
558 731 99 45 nisi
620 731 99 45 illa
669 731 62 45 com

178 768 122 45 plexio
263 768 158 45 proueniat
385 768 170 45 necessario
518 768 73 45 ex
555 768 122 45 natura
628 768 97 45 termi-

173 799 131 39 norum,
265 799 92 39 sed
317 799 171 39 complexio
448 799 171 39 essentiae
580 799 92 39 cum
619 799 118 39 actuali

172 833 172 43 existentia
307 833 74 43 in
344 833 136 43 futuris
443 833 222 43 contingentibus
627 833 86 43 non
664 833 62 43 pro

176 866 114 39 uenit
252 866 177 39 necessario
391 866 76 39 ex
429 866 127 39 natura
518 866 190 39 terminorum,
657 866 76 39 quia

181 898 87 45 sic
230 898 87 45 non
280 898 124 45 essent
366 898 198 45 contingentia
527 898 87 45 sed
564 898 161 45 necessaria,

128 935 526 39 ergo
391 935 329 39 &c.

176 968 156 40 Secundo.
293 968 130 40 Illud,
384 968 117 40 cuius
462 968 221 40 representatio
630 968 104 40 subest

174 1007 158 35 voluntati
295 1007 146 35 diuinae,
404 1007 85 35 non
453 1007 121 35 potest
538 1007 97 35 esse
586 1007 146 35 representa

175 1036 91 33 tum
227 1036 91 33 per
279 1036 130 33 ideam,
370 1036 91 33 sed
422 1036 221 33 representatio
591 1036 143 33 futurorum

176 1063 206 44 contingentium
345 1063 121 44 subest
430 1063 157 44 voluntati
551 1063 145 44 diuinae,
648 1063 73 44 ergo

178 1101 79 34 &c
217 1101 118 34 Maior
296 1101 170 34 probatur,
427 1101 105 34 quia
492 1101 223 34 representatio
663 1101 65 34 per

176 1134 119 39 ideam
255 1134 92 39 est
308 1134 106 39 mere
374 1134 172 39 naturalis
506 1134 198 39 praeueniens
651 1134 79 39 omne

174 1169 120 39 actum
254 1169 187 39 voluntatis
401 1169 160 39 diuinae:
521 1169 120 39 Minor
588 1169 134 39 apparet.

178 1202 96 41 quia
238 1202 72 41 si
274 1202 145 41 voluntas
383 1202 120 41 diuina
467 1202 84 41 non
515 1202 108 41 sinat
588 1202 120 41 venire
660 1202 60 41 fu-

182 1234 100 39 tura
245 1234 200 39 contingentia
408 1234 88 39 pro
458 1234 125 39 aliquo
546 1234 150 39 tempore,
646 1234 75 39 nun-

177 1273 95 39 quam
236 1273 237 39 representabuntur
438 1273 71 39 in
474 1273 83 39 sua
521 1273 154 39 essentia,
640 1273 107 39 alio

177 1294 99 44 quin
238 1294 235 44 representaretur
436 1294 86 44 ibi
473 1294 111 44 falsum.

178 1315 136 57 Tertio.
277 1315 112 57 Sicut
351 1315 74 57 se
388 1315 112 57 habet
463 1315 99 57 idea
525 1315 174 57 possibilis
661 1315 87 57 non

174 1359 131 44 futuri
265 1359 78 44 ad
305 1359 105 44 suum
370 1359 170 44 possibile
501 1359 92 44 non
553 1359 157 44 futurum;
658 1359 65 44 ita

178 1397 92 36 idea
236 1397 161 36 possibllis
363 1397 115 36 futuri
443 1397 69 36 ad
478 1397 92 36 suum
536 1397 150 36 possibile
639 1397 81 36 futu-

177 1432 95 35 rum:
237 1432 83 35 sed
284 1432 95 35 idea
344 1432 166 35 possibilis
474 1432 83 35 non
522 1432 119 35 futuri
605 1432 83 35 ita
641 1432 83 35 repre

172 1463 126 44 sentat
261 1463 114 44 ipsum
336 1463 139 44 quantum
437 1463 76 44 ad
475 1463 101 44 suum
538 1463 101 44 esse
589 1463 126 44 possibi-

173 1497 93 43 le,
226 1497 106 43 quod
292 1497 93 43 non
345 1497 146 43 quantum
451 1497 80 43 ad
491 1497 106 43 suum
557 1497 93 43 non
610 1497 106 43 esse
663 1497 53 43 fu

169 1531 131 34 turum,
260 1531 105 34 quia
326 1531 92 34 hoc
378 1531 157 34 procedit
496 1531 78 34 ex
535 1531 105 34 mera
587 1531 131 34 volunta-

171 1565 67 35 te
204 1565 123 35 diuina,
294 1565 89 35 ergo
350 1565 89 35 idea
405 1565 156 35 possibilis
528 1565 112 35 futuri
606 1565 78 35 ita
640 1565 78 35 repre

174 1597 153 37 sentabit
289 1597 114 37 ipsum
365 1597 140 37 quantum
467 1597 76 37 ad
505 1597 102 37 suum
568 1597 102 37 esse
619 1597 102 37 possi-

174 1631 122 40 bile,
256 1631 109 40 quod
324 1631 95 40 non
378 1631 149 40 quantum
487 1631 82 40 ad
528 1631 109 40 suum
582 1631 136 40 futurum.

196 1664 111 37 Haec
266 1664 125 37 autem
349 1664 194 37 improbatio
502 1664 153 37 quantum
613 1664 83 37 ad
641 1664 83 37 ali-

174 1701 97 39 quid
235 1701 134 39 videtur
332 1701 97 39 esse
393 1701 231 39 irrationabilis;
588 1701 97 39 quia
637 1701 85 39 ponit

173 1731 117 43 quod,
251 1731 169 43 represeni
381 1731 104 43 atio
446 1731 169 43 futurorum
564 1731 156 43 contingen-

171 1765 92 38 tium
228 1765 69 38 in
262 1765 114 38 diuina
342 1765 137 38 essentia
445 1765 80 38 non
491 1765 80 38 sit
537 1765 160 38 naturalis,
651 1765 69 38 quod

168 1794 108 37 nullo
240 1794 96 37 modo
300 1794 132 37 videtur
396 1794 120 37 verum,
480 1794 108 37 sicut
552 1794 144 37 patebit:
660 1794 84 37 sed

169 1830 129 40 quantum
263 1830 71 40 ad
299 1830 106 40 aliud
369 1830 188 40 rationabilis
522 1830 141 40 apparet,
616 1830 94 40 scili-

174 1868 87 37 cet
223 1868 75 37 in
261 1868 87 37 eo,
311 1868 100 37 quod
373 1868 162 37 concludit
498 1868 125 37 contra
586 1868 162 37 praefatam

167 1893 179 39 opinionem,
308 1893 102 39 quod
372 1893 154 39 praecisa
487 1893 115 39 ratio
551 1893 167 39 cognoscendi

164 1928 152 42 futurum
275 1928 152 42 quantum
385 1928 83 42 ad
426 1928 110 42 suum
495 1928 110 42 fore
564 1928 97 42 non
606 1928 110 42 possit

172 1961 102 36 esse
236 1961 89 36 sua
287 1961 140 36 simplex
388 1961 114 36 idea.
465 1961 102 36 Quod
528 1961 114 36 etiam
605 1961 102 36 nunc
655 1961 64 36 con

174 1996 101 36 firmo
241 1996 78 36 per
286 1996 90 36 vnam
342 1996 134 36 rationem
442 1996 90 36 quae
498 1996 101 36 talis
566 1996 90 36 est:
621 1996 112 36 lllud,

175 2026 100 56 quod
238 2026 75 56 se
276 2026 113 56 habet
351 2026 88 56 per
401 2026 226 56 indifferentiam
590 2026 75 56 ad
627 2026 88 56 duo
665 2026 50 56 op

755 169 136 46 posita,
853 169 86 46 non
903 169 86 46 est
952 169 111 46 magis
1026 169 111 46 ratio
1100 169 210 46 representandi
1261 169 49 46 v-

750 198 101 47 num,
813 198 101 47 quam
876 198 151 47 alterum,
990 198 88 47 sed
1040 198 101 47 idea
1103 198 126 47 futuri
1192 198 76 47 se
1217 198 88 47 habet

753 235 91 48 per
805 235 233 48 indifferentiam
999 235 78 48 ad
1038 235 104 48 suum
1103 235 117 48 fore,
1180 235 65 48 &
1206 235 78 48 ad
1232 235 78 48 suum

743 275 155 34 non
832 275 200 34 fore,
965 275 177 34 ergo
1053 275 111 34 &c.

788 299 74 46 Et
825 299 98 46 ideo
886 299 98 46 isti
947 299 86 46 qui
996 299 159 46 improbant
1119 299 98 46 hanc
1168 299 135 46 praefatam

752 332 189 49 opinionem,
901 332 149 49 dicunt,
1009 332 108 49 quod
1077 332 135 49 futura
1158 332 149 49 contingen

747 369 85 44 tia
795 369 85 44 non
844 369 218 44 representantur
1026 369 73 44 in
1062 369 121 44 diuina
1147 369 146 44 essentia
1244 369 61 44 ni-

755 403 70 40 si
790 403 129 40 praeuia
884 403 211 40 determinatione
1060 403 164 40 voluntatis
1189 403 141 40 diuinae,

750 443 105 37 ratio
820 443 105 37 autem
890 443 151 37 praecipua
1006 443 93 37 quae
1065 443 81 37 est
1111 443 81 37 pro
1158 443 81 37 hac
1193 443 116 37 opinione

753 466 122 43 potest
838 466 85 43 sic
887 466 146 43 formari.
996 466 110 43 Sicut
1069 466 73 43 se
1106 466 110 43 habet
1179 466 134 43 aliquid
1264 466 49 43 ad

750 498 96 52 esse
810 498 108 52 verum
882 498 60 52 &
907 498 217 52 intelligibile,
1087 498 84 52 ita
1135 498 72 52 ad
1159 498 145 52 representa

751 531 70 48 ri
786 531 70 48 in
821 531 117 48 diuina
903 531 152 48 essentia;
1020 531 82 48 sed
1067 531 117 48 futura
1137 531 163 48 contingentia

753 562 87 53 non
802 562 125 53 habent
890 562 100 53 esse
952 562 125 53 verum,
1040 562 62 53 &
1065 562 212 53 intelligibile
1227 562 75 53 nisi

751 603 138 45 praeuia
852 603 226 45 determinatione
1040 603 188 45 voluntatis,
1178 603 126 45 diuinae,

749 632 111 48 ergo
818 632 97 48 &c.
874 632 125 48 Maior
957 632 97 48 est
1013 632 125 48 nota,
1096 632 69 48 &
1124 632 125 48 Minor
1193 632 111 48 proba-

755 664 100 50 tur,
817 664 100 50 quia
879 664 124 50 futura
966 664 199 50 contingentia
1128 664 87 50 non
1178 664 124 50 habent
1252 664 50 50 es

749 700 74 45 se
786 700 111 45 verum
859 700 61 45 &
884 700 209 45 intelligibile
1056 700 98 45 nisi
1118 700 160 45 inquantum
1228 700 74 45 sunt

750 737 155 44 habitura
866 737 155 44 actualem
983 737 194 44 existentiam
1138 737 78 44 in
1177 737 116 44 rerum
1241 737 65 44 na-

746 765 116 43 tura,
823 765 116 43 talem
900 765 116 43 autem
978 765 193 43 existentiam
1132 765 90 43 non
1183 765 103 43 sunt
1235 765 64 43 ha-

752 801 118 44 bitura
835 801 94 44 nisi
894 801 130 44 praeuia
988 801 212 44 determinatione
1165 801 130 44 diuinae
1248 801 47 44 vo

755 825 160 58 luntatis.
878 825 185 58 Imaginantur
1025 825 111 58 autem
1099 825 98 58 isti
1161 825 111 58 talem
1222 825 74 58 ordi

756 875 96 37 nem,
816 875 72 37 vt
852 875 108 37 pote,
924 875 96 37 quod
984 875 192 37 intellectus,
1139 875 132 37 diuinus
1223 875 72 37 prae

751 897 131 45 sentet
843 897 170 45 voluntati
974 897 144 45 diuinae
1078 897 118 45 ipsum
1144 897 157 45 contingens

746 933 81 44 sub
793 933 127 44 vtraque
885 933 104 44 parte
954 933 231 44 contradictionis,
1151 933 139 44 scilicet
1243 933 58 44 sub

752 974 95 38 esse
812 974 131 38 futuro,
907 974 60 38 &
931 974 83 38 sub
978 974 95 38 esse
1038 974 83 38 non
1086 974 131 38 futuro,
1181 974 60 38 &
1205 974 95 38 tunc
1252 974 48 38 in

755 997 155 44 potestate
874 997 167 44 voluntatis
1006 997 84 44 est
1053 997 203 44 praeacceptare
1208 997 84 44 quan-

749 1029 88 51 tum
800 1029 75 51 ad
837 1029 138 51 alteram
937 1029 125 51 partem
1025 1029 100 51 quae
1087 1029 88 51 est
1137 1029 100 51 esse
1200 1029 88 51 sub
1237 1029 63 51 fu-

751 1057 111 52 turo,
825 1057 99 52 quod
886 1057 74 52 si
923 1057 86 52 est
973 1057 210 52 praeacceptum,
1145 1057 74 52 ex
1182 1057 86 52 hoc
1219 1057 74 52 ipso

747 1101 88 42 est
798 1101 163 42 habiturum
923 1101 150 42 actualem
1035 1101 188 42 existentiam
1185 1101 75 42 in
1210 1101 88 42 rerum

740 1132 139 46 natura,
841 1132 76 46 ac
879 1132 88 46 per
929 1132 176 46 consequens
1068 1132 76 46 ex
1106 1132 88 46 hoc
1156 1132 101 46 ipso
1207 1132 88 46 capit

744 1160 103 50 esse
808 1160 116 50 verum
886 1160 64 50 &
911 1160 219 50 intelligibile
1091 1160 141 50 quantum
1194 1160 77 50 ad
1220 1160 77 50 suam

729 1201 232 42 futuritionem.

776 1232 138 40 Contra
873 1232 124 40 istam
956 1232 124 40 autem
1039 1232 180 40 opinionem
1163 1232 138 40 videntur

746 1264 121 46 sequi
826 1264 108 46 tria
880 1264 229 46 inconuenientia.

774 1299 123 45 Primum
860 1299 98 45 est,
921 1299 98 45 quia
982 1299 123 45 aliqua
1068 1299 172 45 limitatio,
1203 1299 61 45 &
1215 1299 86 45 possi

745 1328 125 48 bilitas
835 1328 102 48 esset
903 1328 68 48 in
937 1328 215 48 representatione
1119 1328 125 48 diuinae
1198 1328 91 48 essen-

744 1360 113 49 tiae,
820 1360 101 49 quod
883 1360 126 49 omnino
971 1360 88 49 est
1022 1360 214 49 inconueniens:
1185 1360 101 49 Conse-

750 1396 124 47 uentia
836 1396 148 47 apparet,
948 1396 99 47 quia
1009 1396 74 47 in
1047 1396 235 47 representatione
1232 1396 62 47 fu-

743 1438 102 36 turi
807 1438 205 36 contingentis
974 1438 154 36 expectat
1076 1438 218 36 determinationem

743 1464 132 52 diuinae
839 1464 180 52 voluntatis,
983 1464 156 52 vbicunque
1104 1464 108 52 autem
1176 1464 84 52 est
1212 1464 72 52 expe

739 1500 118 42 ctatio,
825 1500 75 42 ibi
868 1500 75 42 est
910 1500 182 42 possibilitas,
1060 1500 53 42 &
1082 1500 150 42 limitatio.

765 1539 165 36 Secundum
889 1539 220 36 inconueniens
1067 1539 110 36 est,
1136 1539 110 36 quod
1191 1539 96 36 repre

735 1567 137 40 sentatio
838 1567 126 40 diuinae
929 1567 160 40 voluntatis
1055 1567 92 40 erit
1112 1567 149 40 naturalis
1215 1567 69 40 quan

737 1593 97 45 tum
793 1593 84 45 ad
835 1593 125 45 omnia
918 1593 237 45 representata;
1113 1593 97 45 nam
1155 1593 139 45 secundum

737 1630 111 48 istam
810 1630 98 48 viam
872 1630 86 48 non
921 1630 209 48 representabit
1093 1630 184 48 naturaliter
1229 1630 61 48 fu-

743 1659 102 52 tura
807 1659 217 52 contingentia,
985 1659 102 52 immo
1049 1659 140 52 libere,
1151 1659 102 52 quod
1202 1659 89 52 vide-

739 1693 102 45 tur:
803 1693 140 45 maximum
905 1693 216 45 inconueniens,
1083 1693 102 45 quia
1146 1693 114 45 sicut
1210 1693 76 45 diui

739 1728 80 42 nus
784 1728 171 42 intellectus
921 1728 171 42 naturaliter
1058 1728 160 42 intelligit
1172 1728 114 42 quicquid

736 1759 167 46 intelligit,
870 1759 78 46 ita
914 1759 111 46 diuina
992 1759 134 46 essentia
1092 1759 167 46 naturaliter
1215 1759 78 46 repre

729 1795 129 47 sentat
819 1795 155 47 quicquid
922 1795 168 47 representat

766 1810 140 64 Tertium
868 1810 203 64 inconueniens
1033 1810 102 64 est,
1097 1810 102 64 quod
1160 1810 127 64 diuina
1236 1810 51 64 es

735 1864 125 45 sentia
822 1864 137 45 caperet
922 1864 87 45 vim
971 1864 237 45 representatiuam
1171 1864 75 45 ab
1196 1864 87 45 ipsis

735 1894 148 49 futuris
842 1894 242 49 contingentibus
1043 1894 107 49 quod
1110 1894 134 49 omnino
1191 1894 94 49 vide-

738 1934 93 39 tur
791 1934 172 39 absurdum:
923 1934 212 39 Consequentia
1096 1934 159 39 apparet,
1202 1934 80 39 quo-

735 1959 98 50 niam
796 1959 159 50 (secundum
918 1959 98 50 viam
979 1959 122 50 istius
1065 1959 171 50 opinionis)
1187 1959 98 50 diuina

739 1999 138 45 essentia
842 1999 69 45 ea
876 1999 80 45 non
922 1999 184 45 representat,
1071 1999 92 45 nisi
1129 1999 126 45 praeuia
1221 1999 80 45 eo

730 2026 85 58 rum
778 2026 158 58 veritate,
900 2026 73 58 ac
937 2026 268 58 intelligibilitate,
1168 2026 97 58 quam
1216 2026 61 58 ha
