1500 2318
201 176 106 62 ces;
267 176 66 62 &
293 176 79 62 P.
333 176 185 62 Augustinus
479 176 79 62 in
519 176 146 62 sermone
625 176 79 62 de
651 176 106 62 tempo-

196 226 74 47 re
233 226 111 47 vult,
306 226 98 47 quod
368 226 98 47 tota
430 226 123 47 nostra
516 226 160 47 operatio,
639 226 62 47 &
651 226 111 47 studium

200 257 74 46 in
237 257 87 46 hac
286 257 99 46 vita
348 257 87 46 sit
397 257 124 46 sanare
484 257 124 46 oculum
571 257 136 46 cordis,
669 257 74 46 vt
694 257 62 46 vi-

191 292 223 49 deatur
324 292 156 49 Deus.

231 320 63 52 3
257 320 101 52 Quod
320 320 113 52 finis
395 320 113 52 huius
471 320 164 52 scientiae
597 320 88 52 sit
635 320 126 52 operatio

196 360 128 44 arguit.
289 360 116 44 lllius
371 360 139 44 habitus,
475 360 81 44 qui
522 360 128 44 dirigit
615 360 70 44 in
649 360 105 44 puram
708 360 46 44 o-

204 391 183 49 perationem,
350 391 110 49 finis
424 391 86 49 est
473 391 159 49 operatio,
595 391 61 49 &
619 391 86 49 est
656 391 110 49 practi-

197 428 89 45 cus
248 428 63 45 :
273 428 165 45 Theologia
400 428 89 45 est
451 428 177 45 huiusmodi,
590 428 101 45 ergo
654 428 89 45 &c.
692 428 63 45 Ma-

198 458 86 46 ior
247 458 123 46 patet.
333 458 111 46 Minor
407 458 147 46 probatur
517 458 86 46 per
566 458 111 46 illud
640 458 74 46 D.
665 458 98 46 Iacobi

196 500 74 41 4.
233 500 123 41 Estote
319 500 147 41 factores
429 500 123 41 verbi,
515 500 61 41 &
540 500 86 41 non
589 500 160 41 auditores
700 500 61 41 tan

200 525 93 46 tum.
258 525 70 46 Et
293 525 70 46 P.
328 525 151 46 Augustin.
444 525 70 46 in
479 525 70 46 de
513 525 93 46 vera
571 525 151 46 religione
687 525 93 46 ait,

200 565 114 41 quod
271 565 86 41 in
314 565 129 41 vanum
400 565 129 41 legem
486 565 100 41 Dei
543 565 200 41 meditatur,
686 565 71 41 qui

201 596 146 36 laborat,
310 596 73 36 vt
346 596 146 36 memoriae
456 596 133 36 teneat,
553 596 97 36 quod
613 596 133 36 actione
698 596 61 36 non

202 632 131 45 implet,
298 632 95 45 ergo
357 632 107 45 finis
429 632 167 45 Theologiae
560 632 84 45 est
608 632 155 45 operatio,
727 632 60 45 &

206 665 75 43 sic
249 665 75 43 est
281 665 117 43 practica.

240 692 57 53 4
262 692 91 53 Quod
319 692 182 53 complectatur
468 692 137 53 vtrumque
570 692 103 53 fine,
639 692 80 53 sic
684 692 103 53 argui

194 733 90 36 tur.
250 733 90 36 Illa
306 733 146 36 scientia,
418 733 90 36 quae
474 733 123 36 excedit
563 733 101 36 omnes
631 733 101 36 alias
687 733 78 36 etiam

195 760 119 44 simul
274 760 158 44 sumptas,
393 760 119 44 debet
472 760 171 44 complecti
604 760 119 44 omnes
670 760 92 44 perfe

198 800 138 44 ctiones
299 800 75 44 in
337 800 113 44 alijs
412 800 164 44 repertas,
538 800 63 44 &
563 800 88 44 per
601 800 151 44 consequens

206 828 108 44 debet
278 828 120 44 habere
362 828 84 44 pro
410 828 96 44 fine
470 828 180 44 cognitionem
615 828 168 44 veritatis,

206 866 66 38 &
232 866 211 38 operationem,
404 866 79 38 vt
443 866 132 38 habeat
536 866 211 38 perfectionem
694 866 66 38 spe

201 895 153 40 culatiuae
319 895 164 40 scientiae,
448 895 59 40 &
471 895 164 40 practicae,
601 895 153 40 Theologia
706 895 59 40 ex-

198 934 145 39 cellit
299 934 131 39 omnes
386 934 131 39 alias
473 934 203 39 scientias,
633 934 116 39 ergo
691 934 73 39 &c.

205 990 342 53 ARGVITVR
461 990 171 53 AD
518 990 228 53 PARTEM

373 1029 197 47 negatiuam.

197 1091 96 60 TV
245 1091 80 60 O
277 1091 80 60 D
309 1091 192 60 dilectio
453 1091 112 60 sit
518 1091 144 60 finis
614 1091 176 60 Theolo¬

289 1131 95 46 giae
348 1131 83 46 sic
396 1131 154 46 probatur.
514 1131 142 46 Scientia
608 1131 154 46 nobilissima

198 1162 117 44 debet
276 1162 130 44 habere
366 1162 117 44 sinem
444 1162 220 44 nobilissimum,
625 1162 91 44 sed
664 1162 91 44 dile-

204 1196 92 41 ctio
261 1196 160 41 charstatis
387 1196 80 41 est
432 1196 103 41 finis
501 1196 194 41 nobilissimus,
661 1196 69 41 vt
684 1196 80 41 patet

203 1232 95 50 per
258 1232 136 50 Apost.
353 1232 68 50 &
380 1232 82 50 D.
421 1232 190 50 Augustinum
571 1232 136 50 quarto
666 1232 82 50 de
693 1232 68 50 Tri

199 1261 122 49 nitate
284 1261 158 49 dicentem,
406 1261 122 49 nullum
491 1261 85 49 est
540 1261 97 49 isto
601 1261 97 49 dono
662 1261 85 49 Der
698 1261 61 49 ex-

205 1299 175 46 cellentius,
345 1299 93 46 ergo
404 1299 140 46 dilectio
508 1299 163 46 charitatis
637 1299 105 46 debet
695 1299 70 46 poni

202 1334 111 43 finis
276 1334 111 43 huius
350 1334 172 43 scientiae.
485 1334 197 43 Confirmatur,
645 1334 99 43 quia
694 1334 62 43 nos

201 1366 132 43 maxime
293 1366 146 43 dirigit
399 1366 79 43 in
439 1366 146 43 amorem,
545 1366 146 43 dicente
638 1366 119 43 Euange-

202 1404 111 35 lio,
272 1404 153 35 Diliges
383 1404 153 35 Dominum
494 1404 111 35 tuum
563 1404 83 35 ex
605 1404 111 35 toto
661 1404 97 35 corde

202 1432 106 50 tuo,
268 1432 93 50 &c.
321 1432 79 50 Et
360 1432 159 50 proximum
479 1432 106 50 tuum
545 1432 119 50 sicut
625 1432 79 50 te
651 1432 106 50 ipsum,

203 1467 79 48 in
242 1467 132 48 quibus
335 1467 132 48 duobus
428 1467 159 48 mandatis
546 1467 106 48 tota
613 1467 93 48 lex
652 1467 106 48 pendet

200 1504 63 47 &
226 1504 176 47 Prophetae,
364 1504 63 47 &
389 1504 88 47 per
439 1504 176 47 consequens
577 1504 100 47 haec
627 1504 126 47 scientis

196 1535 88 44 non
247 1535 88 44 est
297 1535 163 44 practica,
423 1535 88 44 nec
461 1535 163 44 speculatiua

229 1557 63 56 2
255 1557 201 56 Consirmatur,
418 1557 101 56 quia
481 1557 151 56 dilectio
594 1557 189 56 charitatis,

203 1607 101 43 quae
267 1607 139 43 ponitur
368 1607 114 43 finis
444 1607 177 43 Theologiae
583 1607 89 43 non
633 1607 127 43 potest
709 1607 51 43 re

206 1637 99 42 duci
267 1637 74 42 ad
304 1637 222 42 speculationem,
489 1637 86 42 cum
538 1637 86 42 sit
588 1637 111 42 extra
649 1637 111 42 intelle

207 1667 108 48 ctum,
279 1667 84 48 nec
327 1667 72 48 ad
363 1667 132 48 praxim,
459 1667 96 48 quia
519 1667 96 48 eius
579 1667 156 48 obiectum,
687 1667 72 48 quod

201 1699 85 45 est
249 1699 109 45 Deus,
322 1699 85 45 non
371 1699 85 45 est
420 1699 170 45 practicum,
553 1699 85 45 nec
602 1699 146 45 agibile,
699 1699 61 45 er-

197 1739 77 48 go
236 1739 180 48 collocanda
377 1739 90 48 est
429 1739 77 48 in
468 1739 129 48 tertio
558 1739 142 48 quoddam
648 1739 116 48 genere,

199 1770 113 41 quod
269 1770 141 41 aliquo
368 1770 113 41 modo
439 1770 99 41 est
495 1770 226 41 denominandum
664 1770 99 41 dile-

209 1801 110 44 ctio,
282 1801 61 44 &
307 1801 98 44 inde
368 1801 135 44 dicetur
454 1801 147 44 affectiua.

236 1832 212 44 RESPONDEO:
402 1832 91 44 in
448 1832 121 44 ista
523 1832 212 44 quaestione
674 1832 91 44 sunt

207 1870 89 41 sex
258 1870 153 41 articuli
373 1870 192 41 examinandi,
526 1870 115 41 prout
603 1870 140 41 tangunt
692 1870 77 41 argu

202 1906 137 41 menta
278 1906 121 41 omnia.

210 1932 72 42 1
238 1932 87 42 An
282 1932 202 42 distinctio
440 1932 130 42 inter
527 1932 245 42 speculatiuum,
715 1932 43 42 &

208 1967 190 50 practicum
355 1967 161 50 habitum
472 1967 103 50 sit
531 1967 176 50 summenda
662 1967 88 50 ex
692 1967 73 50 ob

187 2007 109 41 iecto.

242 2035 63 41 2
268 2035 76 41 An
306 2035 114 41 finis
382 2035 177 41 Theologiae
521 2035 89 41 sit
572 2035 177 41 speculatio
699 2035 63 41 ve

183 2073 149 52 ritatis.

808 164 69 68 3
836 164 83 68 An
877 164 110 68 dato
946 164 110 68 quod
1015 164 220 68 contemplatio
1180 164 151 68 veritatis

779 221 80 50 non
824 221 80 50 sit
870 221 115 50 finis,
951 221 103 50 vtrum
1020 221 126 50 praxis,
1112 221 80 50 vel
1158 221 138 50 operatio
1250 221 80 50 dice-

776 258 68 40 da
810 258 79 40 sit
855 258 91 40 eius
900 258 91 40 finis.

810 287 65 49 4
836 287 78 49 An
875 287 208 49 complectatur
1044 287 117 49 simul
1121 287 117 49 ambos
1199 287 117 49 istos
1264 287 65 49 fi-

774 325 93 47 nes,
832 325 116 47 sicque
914 325 116 47 possit
995 325 93 47 dici
1053 325 151 47 practica,
1169 325 58 47 &
1181 325 151 47 speculatiua

837 355 73 55 An
873 355 145 55 Dilectio
982 355 182 55 simpliciter
1127 355 85 55 sit
1176 355 109 55 finis
1248 355 109 55 Theo¬

761 384 108 54 logiae.

811 417 61 51 S
835 417 74 51 An
872 417 111 51 talis
946 417 148 51 dilectio
1057 417 123 51 debeat
1143 417 123 51 reduci
1229 417 74 51 ad
1253 417 74 51 spe-

778 457 182 50 culationem,
923 457 85 50 vel
972 457 133 50 praxim,
1069 457 85 50 vel
1118 457 85 50 sit
1166 457 170 50 collocanda
1287 457 49 50 in

775 490 142 40 quoddam
878 490 129 40 tertio
968 490 129 40 genere
1059 490 180 40 distinctum
1200 490 77 40 ab
1226 490 103 40 istis,

776 523 164 45 dicendaque
905 523 82 45 sit
952 523 164 45 dilectiua,
1081 523 82 45 vel
1116 523 140 45 affectiua.

806 585 376 46 ARTICVLVS
1067 585 260 46 PRIMVS.

771 649 115 56 Vtrum
848 649 178 56 distinctio
988 649 191 56 speculatiui
1141 649 140 56 habitus
1243 649 64 56 a
1256 649 76 56 pra-

844 696 123 42 ctico
927 696 96 42 sit
981 696 164 42 summenda
1105 696 82 42 ab
1132 696 137 42 obiecto.

856 922 91 47 Vic
908 922 156 47 articulo
1025 922 182 47 respondent
1167 922 130 47 quidam
1245 922 91 47 affir

779 964 171 41 matiue.
904 964 109 41 Pro
966 964 109 41 quo
1028 964 202 41 declarant
1184 964 155 41 primo,
1277 964 62 41 in

778 998 86 47 quo
827 998 160 47 consistat
950 998 111 47 ratio
1024 998 136 47 habitus
1123 998 160 47 practici,
1247 998 62 47 &
1259 998 74 47 sup-

779 1033 126 42 ponunt
868 1033 76 42 ex
905 1033 126 42 tertio
994 1033 76 42 de
1031 1033 126 42 anima,
1120 1033 101 42 quod
1170 1033 164 42 intellectus

775 1069 174 33 ertensione
911 1069 99 33 fiat
973 1069 174 33 practicus,
1110 1069 62 33 &
1134 1069 87 33 sic
1184 1069 112 33 omnis
1246 1069 87 33 habi-

782 1097 77 47 tus
826 1097 110 47 ipsius
903 1097 177 47 intellectus,
1047 1097 77 47 qui
1091 1097 77 47 est
1135 1097 155 47 practicus,
1257 1097 66 47 ad
1279 1097 55 47 ali

787 1127 110 46 quam
856 1127 207 46 operationem
1022 1127 207 46 extenditur:
1187 1127 110 46 Haec
1242 1127 97 46 autem

781 1166 164 43 operatio,
907 1166 76 43 ad
945 1166 101 43 quam
1008 1166 76 43 se
1046 1166 164 43 extendit,
1172 1166 139 43 oportet
1260 1166 76 43 quod

776 1199 84 36 sit
824 1199 143 36 alterius
931 1199 155 36 potentiae
1051 1199 72 36 ab
1086 1199 179 36 intellectu,
1230 1199 95 36 quia
1277 1199 60 36 nec

778 1230 192 45 intellectus,
934 1230 84 45 nec
982 1230 132 45 habitus
1079 1230 156 45 extendunt
1199 1230 72 45 se
1223 1230 108 45 proprie

780 1271 92 36 nisi
837 1271 69 36 ad
871 1271 103 36 actus
940 1271 138 36 alterius
1043 1271 161 36 potentiae,
1169 1271 138 36 respectu
1261 1271 69 36 quo-

778 1303 94 39 rum
831 1303 134 39 habent
925 1303 94 39 vim
978 1303 200 39 directiuam,
1139 1303 67 39 &
1165 1303 80 39 si
1192 1303 147 39 quandoque

776 1332 134 35 dirigat
873 1332 146 35 proprios
982 1332 122 35 actus,
1068 1332 85 35 non
1116 1332 109 35 tamen
1189 1332 134 35 dicitur
1274 1332 61 35 pra

772 1365 81 43 xis
819 1365 105 43 actus
889 1365 151 43 directus,
1005 1365 81 43 nec
1052 1365 140 43 dirigens
1156 1365 128 43 dicitur
1238 1365 93 43 practi

774 1402 83 37 ca,
822 1402 142 37 alioquin
928 1402 131 37 logica,
1023 1402 95 37 quae
1083 1402 131 37 dirigit
1178 1402 107 37 actum
1237 1402 95 37 discur

779 1431 106 48 rendi
850 1431 106 48 esset
921 1431 142 48 cognitio
1028 1431 154 48 practica,
1146 1431 59 48 &
1169 1431 154 48 discutsus
1276 1431 59 48 es-

778 1466 93 37 set
831 1466 145 37 quaedam
936 1466 145 37 praxis,
1042 1466 106 37 quod
1108 1466 159 37 reputant
1214 1466 119 37 falsum:

778 1497 146 52 Operatio
887 1497 122 52 igitur
972 1497 122 52 praxis
1057 1497 85 52 est
1106 1497 109 52 extra
1167 1497 170 52 intellectum,

777 1532 79 40 Et
816 1532 79 40 si
856 1532 172 40 quaeratur
988 1532 79 40 de
1028 1532 106 40 modo
1093 1532 198 40 extensionis
1239 1532 92 40 huius

778 1567 141 43 habitus
881 1567 77 43 ad
920 1567 193 43 operationem
1074 1567 180 43 practicam,
1215 1567 141 43 dicunt,

781 1599 115 45 quod
853 1599 202 45 extenditur
1011 1599 87 45 ad
1055 1599 101 45 eam
1113 1599 173 45 secundum
1228 1599 101 45 ordi-

781 1631 91 48 nem
833 1631 195 48 prioritatis
989 1631 78 48 in
1028 1631 143 48 ratione
1131 1631 195 48 dirigentis,
1287 1631 65 48 &

774 1671 173 37 secundum
903 1671 159 37 ordinem
1019 1671 188 37 naturalis
1149 1671 173 37 conformita

778 1704 99 42 tis
834 1704 85 42 in
877 1704 156 42 ratione
990 1704 241 42 conformantis.
1188 1704 142 42 Primum
1273 1704 57 42 pa

780 1736 97 39 tet,
840 1736 97 39 quia
901 1736 97 39 illi
961 1736 121 39 actus,
1045 1736 84 39 qui
1094 1736 84 39 non
1142 1736 157 39 subduntur
1251 1736 84 39 dire-

780 1769 120 38 ctioni
864 1769 192 38 intellectus,
1020 1769 72 38 vt
1056 1769 96 38 sunt
1116 1769 108 38 actus
1176 1769 156 38 vegetatiui,

785 1803 82 36 non
832 1803 141 36 dicuntur
938 1803 153 36 practici,
1055 1803 82 36 nec
1102 1803 117 36 aliqua
1184 1803 141 36 cognitio
1278 1803 59 36 est

780 1837 72 36 in
816 1837 179 36 intellectu,
959 1837 96 36 quae
1019 1837 72 36 ex
1055 1837 120 36 ordine
1139 1837 72 36 ad
1175 1837 108 36 ipsos
1234 1837 96 36 possit

779 1870 103 46 dici
844 1870 155 46 practica
959 1870 103 46 Quod
1024 1870 116 46 etiam
1101 1870 129 46 habeat
1191 1870 77 46 ad
1230 1870 90 46 eam
1269 1870 64 46 ope

776 1905 159 37 rationem
895 1905 146 37 ordinem
1001 1905 172 37 naturalis
1120 1905 212 37 conformitatis,

792 1937 102 39 atet,
860 1937 79 39 nam
905 1937 91 39 illa
961 1937 147 39 operatio,
1075 1937 102 39 cuius
1143 1937 181 39 intellectus,
1278 1937 57 39 vel

781 1970 137 40 habitus
880 1970 99 40 eius
942 1970 112 40 habet
1016 1970 149 40 virtutem
1128 1970 186 40 directiuam,
1277 1970 87 40 non

777 2004 122 35 dicitur
866 2004 111 35 recta,
944 2004 89 35 nisi
999 2004 78 35 sit
1044 2004 145 35 conformis
1155 2004 89 35 suae
1211 2004 122 35 regulae
1289 2004 44 35 in

779 2039 161 39 intellectu
906 2039 173 39 existentis,
1045 2039 81 39 cui
1091 2039 92 39 apta
1148 2039 81 39 est
1183 2039 150 39 conformari,

813 2074 82 55 His
860 2074 165 55 praemissis
990 2074 129 55 apparet
1084 2074 141 55 secundum
1190 2074 118 55 istos,
1260 2074 71 55 quod
