1500 2256
193 161 170 47 tecedente
324 161 131 47 probat
402 161 170 47 dupliciter.

231 201 130 37 Primo,
322 201 104 37 quia
387 201 156 37 voluntas
505 201 195 37 antecedens,
661 201 65 37 &
674 201 78 37 con-

194 236 138 45 sequens
295 236 88 45 non
345 236 101 45 sunt
408 236 176 45 oppositae,
547 236 63 45 &
572 236 88 45 per
610 236 138 45 consequen

194 270 135 35 illud,
288 270 108 35 quod
355 270 94 35 est
409 270 162 35 secundum
530 270 121 35 vnam,
611 270 94 35 non
651 270 108 35 potest

194 301 136 45 esse
279 301 171 45 contra
399 301 171 45 aliam.

198 337 164 36 Secundo,
321 337 109 36 quia
389 337 82 36 si
430 337 177 36 immolatio
567 337 123 36 lsaac
635 337 123 36 fuisset

201 371 127 37 volita
290 371 166 37 voluntate
418 371 204 37 antecedente,
583 371 64 37 &
609 371 89 37 non
647 371 102 37 conse-

201 404 125 36 quente,
292 404 103 36 sicut
360 404 103 36 ponit
429 404 91 36 alia
486 404 125 36 opinio,
577 404 160 36 sequeretur
691 404 57 36 quo

200 436 158 39 simpletio
322 436 146 39 ordinis,
431 436 97 39 quae
492 436 85 39 est
541 436 146 39 secundum
638 436 110 39 volunta

197 470 89 36 tem
248 470 204 36 antecedentem
414 470 114 36 esset
490 470 165 36 contraria
604 470 153 36 executioni

198 500 155 38 ordinis,
315 500 104 38 quae
379 500 91 38 fit
431 500 155 38 secundum
548 500 181 38 voluntatem
677 500 78 38 con-

200 532 194 48 sequentem,
353 532 111 48 quod
422 532 97 48 est
464 532 152 48 absurdum.

236 573 114 35 Addit
312 573 139 35 insuper
413 573 101 35 quod
477 573 76 35 in
515 573 101 35 tali
578 573 152 35 precepto
679 573 76 35 nul-

202 596 71 46 la
238 596 95 46 fuit
297 596 131 46 fictio,
392 596 95 46 quia
452 596 131 46 quamuis
547 596 95 46 Deus
606 596 119 46 nollet
678 596 83 46 illud

203 633 101 43 quod
267 633 215 43 praecipiebat,
444 633 139 43 volebat
545 633 114 43 tamen
621 633 114 43 illud
684 633 76 43 quod

198 674 92 37 per
250 674 105 37 tale
316 674 183 37 praeceptum
460 674 196 37 intendebat,
604 674 157 37 intendebat

204 706 121 36 autem
284 706 202 36 probationem
446 706 121 36 fidei
527 706 162 36 Abrahae,
648 706 67 36 &
662 706 94 36 illam

188 733 133 45 volebat.

196 772 166 32 Arguitur
321 772 125 32 autem
404 772 69 32 a
432 772 180 32 quibusdam
570 772 139 32 contra
667 772 125 32 istam

203 802 172 40 opinionem
335 802 145 40 quantum
440 802 79 40 ad
480 802 106 40 tria
546 802 132 40 puncta
638 802 106 40 quae
691 802 66 40 vi-

207 835 122 34 detur
289 835 149 34 ponere,
397 835 122 34 primo
479 835 149 34 probant
574 835 190 34 immolationem

204 863 114 42 dsaac
280 863 127 42 fuisse
369 863 63 42 a
395 863 89 42 Deo
446 863 140 42 volitam
547 863 165 42 voluntate
661 863 102 42 antece

206 898 122 45 dente,
291 898 98 45 tali
352 898 146 45 ratione.
462 898 122 45 lllud,
547 898 73 45 ad
584 898 98 45 quod
645 898 98 45 Deus
694 898 73 45 ordi

196 941 88 33 nat
247 941 151 33 aliquem,
360 941 88 33 est
410 941 76 33 ab
448 941 76 33 eo
486 941 139 33 volitum
587 941 164 33 voluntate
700 941 63 33 an-

195 965 168 44 recedente,
327 965 84 44 sed
375 965 96 44 Deus
435 965 72 44 ex
471 965 72 44 vi
508 965 120 44 illius
592 965 156 44 praecepti
700 965 60 44 or-

199 1003 147 39 dinabat
306 1003 147 39 Abraham
413 1003 80 39 ad
453 1003 214 39 immolationem
627 1003 134 39 lsaac,
707 1003 54 39 er

204 1034 74 43 go
241 1034 111 43 talis
315 1034 161 43 immolatio
439 1034 99 43 erat
501 1034 74 43 ab
538 1034 74 43 eo
563 1034 111 43 volita.

201 1066 137 40 Secundo
300 1066 137 40 probant
400 1066 87 40 qud
450 1066 125 40 illud,
537 1066 100 40 quod
600 1066 87 40 est
637 1066 125 40 secundum

209 1098 175 44 voluntatem
347 1098 213 44 antecedentem,
522 1098 125 44 potest
610 1098 100 44 esse
660 1098 100 44 contra

199 1134 98 41 rium
260 1134 160 41 voluntati
383 1134 209 41 consequenti,;
555 1134 98 41 quia
617 1134 147 41 saluatio
715 1134 49 41 om

200 1164 114 42 nium
271 1164 170 42 hominum,
399 1164 71 42 &
427 1164 170 42 damnatio
555 1164 185 42 aliquorum
683 1164 85 42 sunt

200 1201 173 40 contraria,
336 1201 99 40 siue
397 1201 235 40 contradictoria,
595 1201 86 40 sed
644 1201 99 40 Deus
694 1201 74 40 vult

208 1236 168 34 voluntate
337 1236 194 34 antecedente
493 1236 116 34 omnes
570 1236 142 34 homines
661 1236 103 34 saluos

197 1263 136 40 fieri,
293 1263 177 40 voluntate
429 1263 109 40 vero
497 1263 205 40 consequente
647 1263 123 40 aliquos

204 1297 99 46 vult
266 1297 149 46 damnari,
377 1297 99 46 ergo
439 1297 124 46 illud,
526 1297 99 46 quod
588 1297 99 46 vult
637 1297 124 46 secundum

213 1334 112 34 vnam
283 1334 209 34 voluntatem,
450 1334 139 34 potest
548 1334 112 34 esse
604 1334 167 34 contrarium

195 1365 103 46 alteri.

239 1397 124 43 Tertio
326 1397 149 43 probant,
437 1397 99 43 quod
500 1397 124 43 fuerit
587 1397 124 43 fictio
674 1397 75 43 in
698 1397 75 43 tali

201 1430 176 47 praecepto,
339 1430 100 47 quia
402 1430 88 47 cum
452 1430 176 47 praeceptum
590 1430 88 47 sit
628 1430 138 47 indicati-

207 1461 88 45 uum
257 1461 138 45 diuinae
357 1461 188 45 voluntatis,
507 1461 75 45 si
544 1461 88 45 non
594 1461 138 45 indicet
682 1461 88 45 diui-

203 1498 94 37 nam
256 1498 202 37 voluntatem,
418 1498 94 37 nec
472 1498 215 37 antecedente,
647 1498 94 37 nec
687 1498 81 37 con-

202 1530 171 42 sequentem,
336 1530 134 42 videtur
434 1530 98 42 esse
495 1530 73 42 in
532 1530 73 42 eo
556 1530 110 42 fictio.

246 1562 91 44 His
298 1562 117 44 tamen
376 1562 91 44 non
428 1562 195 44 obstantibus
585 1562 104 44 dico
650 1562 91 44 cum
689 1562 78 44 pri-

204 1593 79 49 ma
243 1593 171 49 opinione,
374 1593 105 49 quod
440 1593 171 49 immolatio
571 1593 118 49 lsaac
650 1593 92 49 non
689 1593 79 49 fuit

215 1631 63 48 2
241 1631 88 48 Deo
291 1631 125 48 volita
378 1631 88 48 nec
428 1631 163 48 voluntate
553 1631 200 48 antecedente,
703 1631 63 48 nec

207 1660 208 40 consequente,
376 1660 104 40 quia
441 1660 78 40 ad
480 1660 91 40 hoc
532 1660 104 40 quod
597 1660 143 40 aliquod
688 1660 65 40 pre

212 1698 122 43 ceptum
297 1698 86 43 non
346 1698 86 43 sit
395 1698 122 43 fictum
481 1698 159 43 sufficit,
603 1698 98 43 quod
652 1698 110 43 aliquid

213 1730 108 42 aliud
285 1730 84 42 sit
333 1730 144 42 volitum,
441 1730 132 42 propter
537 1730 96 42 quod
597 1730 108 42 illud
657 1730 108 42 praece-

216 1769 108 36 ptum
283 1769 94 36 est
337 1769 135 36 datum:
431 1769 108 36 Quod
498 1769 108 36 ergo
552 1769 216 36 immolatiolsaac

214 1801 86 35 nen
263 1801 123 35 fuerit
349 1801 62 35 a
374 1801 86 35 Deo
423 1801 123 35 volita
510 1801 160 35 voluntate
621 1801 148 35 anteceden-

211 1827 89 44 te,
262 1827 89 44 nec
313 1827 164 44 voluntate
439 1827 202 44 consequente,
604 1827 114 44 sicut
667 1827 101 44 dicunt

207 1863 99 55 isti
268 1863 86 55 qai
318 1863 111 55 nobis
391 1863 222 55 contrariantur,
576 1863 111 55 probo
650 1863 99 55 tali
699 1863 62 55 ra

192 1901 115 40 tione.

242 1918 133 54 lllud,
335 1918 106 54 quod
401 1918 173 54 concordat
534 1918 173 54 voluntati
654 1918 120 54 antece-

207 1963 124 39 denti,
293 1963 87 39 non
343 1963 124 39 potest
430 1963 173 39 discordare
566 1963 62 39 a
591 1963 161 39 vcluntate
702 1963 62 39 con

209 1993 170 41 sequente,
339 1993 91 41 sed
392 1993 170 41 immolatio
522 1993 117 41 Isaac
587 1993 183 41 concordabat.

218 2030 163 49 voluntati
344 2030 188 49 antecedenti
494 2030 163 49 (secundum
620 2030 125 49 istos)
695 2030 75 49 ergo

771 165 82 47 non
818 165 128 47 poterat
911 165 163 47 discordare
1040 165 58 47 a
1063 165 152 47 voluntate
1168 165 163 47 consequente,

774 202 65 50 &
800 202 90 50 per
852 202 181 50 consequens
993 202 181 50 necessario
1135 202 142 50 fuisset
1226 202 103 50 facta.

779 240 97 40 quod
840 240 85 40 est
888 240 134 40 falsum.
985 240 134 40 Maiorem
1082 240 121 40 probo,
1167 240 97 40 quia
1228 240 121 40 illud,

778 273 104 40 quod
843 273 169 40 concordat
973 273 169 40 voluntati
1102 273 208 40 antecedenti,
1258 273 65 40 non

769 303 91 44 est
821 303 104 44 nisi
886 303 130 44 bonum,
977 303 117 44 bonum
1055 303 117 44 autem
1132 303 91 44 non
1184 303 130 44 potest
1262 303 65 44 di-

770 339 149 41 scordare
881 339 62 41 a
906 339 162 41 voluntate
1031 339 199 41 consequente,
1192 339 75 41 si
1230 339 99 41 ergo
1279 339 50 41 im

777 369 135 47 molatio
875 369 110 47 Isaac
948 369 135 47 fuisset
1046 369 61 47 a
1070 369 86 47 Deo
1119 369 122 47 volita
1193 369 135 47 voluntate

770 403 188 44 antecedente
921 403 88 44 (vt
971 403 100 44 isti
1034 403 138 44 dicunt)
1134 403 176 44 sequeretur
1260 403 75 44 quod

774 440 212 43 concordasset
946 440 79 43 ei
985 440 145 43 tanquam
1091 440 145 43 aliquod
1197 440 132 43 bonum,
1289 440 66 43 &

777 469 93 43 per
830 469 185 43 consequens
975 469 93 43 non
1028 469 172 43 potuisset
1160 469 185 43 discordare
1292 469 40 43 a

777 504 175 51 voluntate
911 504 215 51 consequente.
1085 504 121 51 Minor
1166 504 121 51 autem
1233 504 94 51 habe-

769 536 130 39 tur
844 536 112 39 ab
881 536 93 39 eis

804 571 92 41 Nec
857 571 132 41 motiua
949 571 132 41 contra
1041 571 145 41 nostram
1147 571 172 41 opinionem
1266 571 66 41 ad-

780 602 121 43 ducta
860 602 147 43 cogunt,
967 602 94 43 nam
1021 602 94 43 cum
1074 602 121 43 primo
1155 602 147 43 dicunt,
1249 602 80 43 quod

783 637 112 40 Deus
853 637 182 40 ordinabat
993 637 154 40 Abraham
1105 637 84 40 ad
1133 637 196 40 immolationem

783 671 118 45 lsaac,
866 671 94 45 dico
924 671 94 45 quod
983 671 82 45 est
1030 671 129 45 falsum,
1124 671 94 45 quia
1183 671 71 45 si
1218 671 71 45 ad
1254 671 82 45 hoc
1289 671 47 45 ip

773 701 94 39 sum
826 701 202 39 ordinasset,
988 701 188 39 necessario
1135 701 121 39 ipsum
1203 701 134 39 immolas-

776 735 105 42 set,
841 735 183 42 quapropter
985 735 92 42 non
1038 735 92 42 est
1090 735 170 42 dicendum,
1221 735 105 42 quod
1274 735 65 42 or-

784 767 167 47 dinauerit
912 767 90 47 eum
964 767 77 47 ad
1002 767 218 47 immolationem,
1181 767 90 47 sed
1233 767 77 47 ad
1258 767 77 47 suae

781 801 117 46 fidei
846 801 182 46 probationem.

811 834 85 42 Ad
853 834 171 42 secundum
981 834 128 42 dico,
1067 834 114 42 quod
1138 834 171 42 damnatio
1252 834 85 42 homi

780 864 84 51 num
828 864 84 51 non
876 864 84 51 est
925 864 121 51 volita
1009 864 60 51 a
1033 864 97 51 Deo,
1094 864 97 51 nisi
1154 864 157 51 supposita
1263 864 72 51 cul-

784 906 84 41 pa,
832 906 60 41 &
856 906 96 41 ideo
916 906 84 41 sic
964 906 168 41 accipiendo
1096 906 84 41 non
1144 906 84 41 est
1192 906 84 41 ibi
1228 906 108 41 contra-

781 933 138 46 rietas;
882 933 88 46 nam
932 933 151 46 saluatio
1045 933 138 46 hominum
1146 933 138 46 exclusa
1234 933 100 46 culpa,

786 969 65 49 &
812 969 157 49 damnatio
930 969 170 49 aliquorum
1060 969 170 49 supposita
1191 969 131 49 culpa,
1270 969 65 49 non

764 1001 215 41 contradicunt.

777 1010 76 63 Ad
815 1010 140 63 tertium
917 1010 114 63 dico,
993 1010 102 63 quod
1057 1010 89 63 non
1107 1010 102 63 fuit
1171 1010 89 63 ibi
1222 1010 140 63 fictio,

781 1067 107 44 quia
847 1067 146 44 quamuis
954 1067 120 44 illud
1034 1067 186 44 praeceptum
1180 1067 160 44 secundum
1287 1067 53 44 se

774 1109 91 36 non
826 1109 169 36 indicaret
956 1109 143 36 diuinam
1060 1109 182 36 voluntate,
1189 1109 156 36 indicabat.

782 1134 117 39 tamen
860 1134 91 39 eam
912 1134 143 39 quantum
1016 1134 78 39 ad
1055 1134 130 39 illud,
1146 1134 104 39 quod
1211 1134 91 39 per
1250 1134 91 39 ipsum

779 1168 186 42 intendebat,
928 1168 87 42 nam
977 1168 149 42 probatio
1089 1168 112 42 fidei
1163 1168 149 42 Abrahae,
1263 1168 74 42 quae

780 1206 95 49 per
835 1206 122 49 ipsum
916 1206 231 49 intendebatur,
1107 1206 150 49 diuinam
1202 1206 136 49 volunta-

785 1233 93 38 tem
825 1233 159 38 indicabat.

814 1259 115 58 Patet
891 1259 102 58 ergo
955 1259 102 58 quid
1018 1259 153 58 dicendum
1133 1259 89 58 sit
1184 1259 77 58 ad
1222 1259 102 58 hunc
1273 1259 64 58 ar-

779 1297 162 43 ticulum,
900 1297 67 43 &
927 1297 81 43 ad
967 1297 121 43 totam
1034 1297 189 43 quaestionem.

813 1329 81 51 AD
853 1329 162 51 Rationes
975 1329 122 51 autem
1056 1329 203 51 principales
1218 1329 122 51 patet
1285 1329 54 51 so

783 1364 105 55 lutio
853 1364 70 55 ex
888 1364 116 55 dictis
969 1364 70 55 in
1004 1364 128 55 ambobus
1097 1364 163 55 articulis.

786 1417 460 67 DISTINCTIONIS
1138 1417 189 67 RLVII

841 1482 341 69 QV.AESTIO
1077 1482 183 69 VNICA

801 1559 126 52 Vtrum
885 1559 168 52 voluntas
1011 1559 140 52 nostra
1108 1559 140 52 debeat
1192 1559 126 52 confor-

961 1595 110 48 mari
1016 1595 138 48 diuinae.

780 1732 211 77 EeDETVR
933 1732 173 77 primo
1048 1732 153 77 quod
1144 1732 153 77 non,
1221 1732 115 77 quia

871 1798 149 45 voluntas
983 1798 124 45 diuina
1070 1798 162 45 aliquando
1194 1798 100 45 vult
1244 1798 87 45 illud

752 1785 105 53 V

781 1824 101 49 quod
844 1824 88 49 est
895 1824 126 49 contra
983 1824 139 49 naturam
1084 1824 151 49 nostram,
1197 1824 113 49 puta,
1260 1824 76 49 quia

786 1867 104 34 vult
851 1867 130 34 mortem
941 1867 155 34 alicuius
1058 1867 155 34 hominis,
1175 1867 130 34 nullus
1252 1867 91 34 autem

790 1894 121 45 potest
875 1894 73 45 se
911 1894 170 45 conformare
1044 1894 157 45 voluntati
1165 1894 133 45 diuinae
1262 1894 73 45 in
1287 1894 48 45 eo

792 1934 103 39 quod
857 1934 90 39 est
908 1934 129 39 contra
999 1934 142 39 naturam
1102 1934 116 39 suam,
1180 1934 103 39 quia
1245 1934 90 39 cum
1283 1934 52 39 vo

788 1959 115 45 luntas
869 1959 115 45 diuina
950 1959 81 45 sit
996 1959 104 45 eausa
1065 1959 138 45 naturae,
1169 1959 138 45 dedisset
1261 1959 81 45 incli

779 1997 160 45 nationem
898 1997 146 45 naturae
1005 1997 133 45 contra
1098 1997 160 45 seipsam,
1217 1997 106 45 quod
1271 1997 66 45 vi-

778 2025 157 61 detur
865 2025 244 61 impossibile.
