1500 2288
197 156 104 61 AD
249 156 224 61 OPPOSITVM
421 156 173 61 arguo,
542 156 138 61 quia
611 156 121 61 debe-

173 210 96 46 mus
228 210 150 46 imitari
337 210 123 46 ipsum
419 210 177 46 Christum,
556 210 96 46 sed
597 210 137 46 Christus

166 242 137 42 quando
262 242 150 42 debebat
371 242 109 42 pati
440 242 205 42 conformabat
590 242 137 42 volunta-

176 281 91 40 tem
228 281 104 40 suam
293 281 117 40 Patri
372 281 144 40 dicens,
476 281 117 40 Pater
554 281 91 40 non
607 281 117 40 sicut
672 281 65 40 ego

171 309 118 43 volo,
249 309 92 43 sed
302 309 118 43 sicut
380 309 92 43 tu,
432 309 105 43 ergo
498 309 65 43 &
524 309 92 43 nos
576 309 144 43 debemus
668 309 65 43 hoc

168 348 113 43 idem
225 348 113 43 facere

203 374 197 44 RESPONDEO
355 374 91 44 ad
400 374 137 44 istam
491 374 212 44 questionem
643 374 91 44 bre-

174 417 114 45 niter
250 417 126 45 dicedo
339 417 88 45 non
389 417 101 45 enim
452 417 88 45 est
503 417 126 45 magnae
578 417 152 45 difficulta

175 450 101 45 tis
232 450 115 45 quod
304 450 159 45 tenemur
420 450 202 45 conformare
564 450 173 45 voluntatem

177 478 132 47 nostram
273 478 156 47 voluntati
393 478 132 47 diuinae
488 478 72 47 in
524 478 144 47 quatuor,
632 478 72 47 ex
656 478 72 47 qui-

172 511 90 42 bus
223 511 128 42 pendet
313 511 167 42 rectitudo
442 511 141 42 nostrae
531 511 167 42 voluntatis.

209 545 115 46 Primo
286 545 77 46 in
325 545 141 46 obiecto
427 545 141 46 volito,
530 545 103 46 quod
594 545 90 46 est
632 545 103 46 bonum,

177 577 89 43 nam
228 577 114 43 sicut
304 577 152 43 voluntas
418 577 127 43 diuina
507 577 89 43 non
558 577 102 43 vult
621 577 102 43 nisi
672 577 51 43 bo

171 608 110 48 num,
240 608 97 48 ita
295 608 166 48 voluntas
420 608 138 48 nostra
516 608 97 48 non
571 608 124 48 debet
640 608 97 48 velle

153 647 226 48 nisi
266 647 226 48 bonum.

208 677 153 46 Secundo,
323 677 76 46 in
361 677 102 46 modo
425 677 153 46 volendi,
539 677 102 46 puta
603 677 102 46 quod
654 677 89 46 actus

165 712 128 46 noster
255 712 141 46 volendi
357 712 90 46 sit
408 712 90 46 ita
460 712 205 46 modificatus,
626 712 102 46 quod
677 712 64 46 sit

164 744 176 45 informatus
302 744 138 45 gratia,
403 744 63 45 &
428 744 176 45 charitate,
566 744 88 45 per
616 744 100 45 quam
666 744 63 45 su-

172 778 91 52 mus
224 778 144 52 diuinae
329 778 144 52 naturae
420 778 157 52 conformes.

205 803 142 51 Tertio,
308 803 78 51 in
347 803 103 51 fine
412 803 142 51 propter
515 803 103 51 quem
580 803 155 51 volumus,
683 803 52 51 pu

166 854 89 33 ta,
217 854 101 33 quod
280 854 127 33 nostra
369 854 152 33 voluntas
483 854 127 33 semper
572 854 152 33 intendat
674 854 63 33 il-

172 880 93 44 lum
225 880 133 44 finem,
318 880 107 44 quem
385 880 107 44 Deus
451 880 160 44 intendit
571 880 80 44 in
598 880 133 44 quolibet

164 914 129 51 nostro
254 914 116 51 actu;
332 914 64 51 &
357 914 142 51 quamuis
460 914 116 51 finis
538 914 64 51 a
564 914 90 51 Deo
602 914 129 51 intentus

167 951 84 45 non
215 951 84 45 sit
263 951 108 45 notus
335 951 72 45 in
371 951 156 45 speciali,
492 951 144 45 sufficit
600 951 108 45 tamen
660 951 72 45 quod

161 983 80 44 in
201 983 159 44 generali
320 983 186 44 acceptemus
466 983 119 44 omnia
545 983 106 44 quae
598 983 133 44 credimus

171 1020 107 44 Deo
217 1020 137 44 placere

196 1051 160 51 Quarto,
312 1051 87 51 in
355 1051 232 51 subsequendo,
544 1051 116 51 quia
602 1051 131 51 debemus

168 1079 121 45 sequi
248 1079 94 45 eam
302 1079 81 45 in
343 1079 162 45 volendo,
464 1079 94 45 ita
518 1079 81 45 vt
559 1079 94 45 non
599 1079 135 45 vellimus

165 1113 151 46 aliquid,
279 1113 101 46 nisi
342 1113 101 46 quod
405 1113 101 46 ipsa
468 1113 101 46 vult
531 1113 88 46 nos
582 1113 126 46 velle,
670 1113 63 46 &
683 1113 50 46 eo

166 1153 118 37 modo,
245 1153 92 37 quo
297 1153 105 37 ipsa
363 1153 105 37 vult
428 1153 92 37 nos
481 1153 131 37 velle,
573 1153 66 37 &
599 1153 105 37 ideo
651 1153 79 37 con-

164 1186 124 44 cludo
247 1186 110 44 quod
316 1186 152 44 quantum
426 1186 83 44 ad
468 1186 152 44 quatuor
578 1186 110 44 ista
633 1186 97 44 tene-

163 1223 96 57 mur
218 1223 191 57 conformare
368 1223 191 57 voluntatem
518 1223 150 57 nostram
614 1223 109 57 volun

752 156 94 54 tati
811 156 142 54 diuinae,
918 156 94 54 quia
977 156 71 54 ex
1012 156 83 54 eis
1059 156 154 54 rectitudo
1177 156 130 54 nostrae
1260 156 59 54 vo-

750 208 142 44 luntatis
857 208 154 44 dependet,
975 208 83 44 ita
1022 208 71 44 vt
1058 208 71 44 si
1093 208 130 44 aliquid
1188 208 106 44 eorum
1247 208 59 44 de-

750 236 146 44 fceret,
856 236 159 44 voluntas
975 236 132 44 nostra
1067 236 119 44 recta
1147 236 93 44 non
1186 236 93 44 esset

771 276 249 41 Intelligendum
976 276 132 41 tamen
1064 276 117 41 quod
1137 276 161 41 quartum
1240 276 73 41 vi-

748 306 111 44 detur
822 306 160 44 includere
945 306 111 44 omnia
1019 306 98 44 tria
1080 306 209 44 praecedentia:
1252 306 86 44 nam

752 339 74 36 si
789 339 112 36 volun
863 339 74 36 as
900 339 124 36 nostra
987 339 124 36 vellit
1074 339 124 36 illud,
1161 339 99 36 quod
1211 339 99 36 diuina

752 376 153 37 voluntas
867 376 102 37 vult
931 376 89 37 eam
982 376 127 37 velle,
1071 376 64 37 &
1096 376 76 37 eo
1135 376 102 37 modo
1198 376 89 37 quo
1237 376 76 37 vult

749 410 91 43 eam
801 410 130 43 velle,
892 410 182 43 necessario
1035 410 91 43 ibi
1087 410 182 43 concurrent
1217 410 91 43 omnia

755 443 96 38 illa
803 443 72 38 tria

751 472 105 50 Quod
817 472 105 50 ergo
883 472 158 50 voluntas
1001 472 132 50 nostra
1093 472 132 50 debeat
1185 472 105 50 esse
1238 472 79 50 com-

749 503 119 44 formis
832 503 131 44 diuinae
928 503 155 44 voluntati
1047 503 131 44 quantum
1142 503 71 44 ad
1178 503 107 44 omnia
1238 503 71 44 ista

750 544 137 41 quatuor
849 544 112 41 probo
924 544 112 41 vnica
998 544 149 41 ratione,
1110 544 100 41 quae
1173 544 112 41 talis
1235 544 62 41 est

773 576 85 49 De
815 576 156 49 ratione
929 576 199 49 mensurati,
1085 576 71 49 &
1113 576 170 49 regulati
1241 576 113 49 est,

751 610 107 45 quod
817 610 200 45 conformetur
977 610 146 45 regulae
1084 610 120 45 suae,
1164 610 67 45 &
1177 610 133 45 mensurae

755 650 143 37 quantum
859 650 78 37 ad
898 650 117 37 omnia
976 650 78 37 in
1015 650 130 37 quibus
1107 650 143 37 potest,
1211 650 91 37 sed
1250 650 65 37 vo-

756 678 116 42 untas
834 678 129 42 diuina
924 678 90 42 est
975 678 142 42 regula,
1079 678 65 42 &
1105 678 142 42 mensura
1195 678 116 42 nostrae

754 710 185 40 voluntatis,
902 710 62 40 &
926 710 148 40 voluntas
1037 710 123 40 nostra
1123 710 123 40 potest
1209 710 74 40 ei
1234 710 74 40 con-

754 741 147 43 formari
861 741 147 43 quantum
967 741 80 43 ad
1008 741 107 43 illa
1074 741 160 43 quatuor,
1195 741 107 43 ergo
1248 741 67 43 &c.

751 777 130 40 Maior,
842 777 65 40 &
868 777 117 40 Minor
946 777 156 40 videntur
1064 777 117 40 satis
1142 777 117 40 note,
1220 777 65 40 &
1233 777 78 40 ideo

749 810 80 41 in
789 810 121 41 eorum
869 810 188 41 probatione
1016 810 94 41 non
1057 810 147 41 persisto.

779 845 192 38 PATETergo
927 845 118 38 quid
1001 845 103 38 sit
1060 845 177 38 dicendum
1178 845 133 38 quantum

749 878 80 40 ad
789 878 121 40 istam
869 878 215 40 quaestionem,
1044 878 67 40 &
1071 878 80 40 ad
1111 878 121 40 totam
1178 878 134 40 lecturam

749 912 120 44 primi
829 912 120 44 libri
896 912 200 44 Sententiarum.

767 945 88 41 AD
811 945 176 41 Rationem
943 945 132 41 autem
1031 945 220 41 inoppositum
1207 945 132 41 dico,

749 980 104 40 quod
814 980 143 40 quamuis
918 980 104 40 mors
983 980 182 40 corporalis
1126 980 91 40 sit
1178 980 130 40 contra
1256 980 52 40 na

743 1014 128 40 turam,
833 1014 64 40 &
858 1014 217 40 inclinationem
1037 1014 166 40 appetitus
1153 1014 153 40 sensitiui,

752 1047 91 43 non
804 1047 117 43 tamen
882 1047 91 43 est
934 1047 130 43 contra
1025 1047 143 43 naturam
1129 1047 169 43 appetitus
1246 1047 65 43 in-

746 1081 193 35 tellectiui;
900 1081 154 35 alioquin
1016 1081 167 35 Apostolus
1144 1081 90 35 non
1183 1081 128 35 dixisset

743 1115 116 37 cupio
820 1115 167 37 dissolui,
949 1115 64 37 &
975 1115 103 37 esse
1039 1115 90 37 cum
1090 1115 154 37 Christo.
1206 1115 90 37 Cui
1245 1115 64 37 cum

751 1147 124 43 Patre,
837 1147 62 43 &
862 1147 136 43 Spiritu
961 1147 136 43 Sancto,
1060 1147 87 43 vna
1109 1147 87 43 cum
1146 1147 161 43 Peatissima,

744 1180 69 41 &
772 1180 193 41 immaculata
923 1180 152 41 virgine
1034 1180 96 41 sit
1089 1180 138 41 honor,
1185 1180 69 41 &
1199 1180 110 41 gloria

745 1212 76 47 in
783 1212 140 47 saecula
873 1212 165 47 saeculorum.
