1500 2362
142 170 85 64 net
191 170 73 64 ex
227 170 110 64 parte
300 170 146 64 habitus,
410 170 85 64 non
459 170 85 64 sit
508 170 134 64 sumenda
605 170 61 64 a
630 170 110 64 fine,

143 223 108 44 sicut
215 223 144 44 sumitur,
323 223 84 44 pro
371 223 72 44 ut
407 223 72 44 se
444 223 108 44 tenet
516 223 72 44 ex
552 223 108 44 parte
612 223 96 44 intel-

145 258 147 47 lectus.
251 258 174 47 Secundum,
385 258 107 47 quia
452 258 147 47 videtur
559 258 134 47 velle,
639 258 80 47 quod

140 292 172 40 distinctio
275 292 184 40 essentialis
422 292 74 40 in
459 292 172 40 potentijs,
593 292 61 40 &
606 292 110 40 habiti-

148 324 86 44 bus
197 324 147 44 causetur
307 324 111 44 solum
381 324 74 44 ab
418 324 147 44 obiecto,
529 324 61 44 &
553 324 86 44 non
602 324 61 44 a
627 324 111 44 fine,

143 360 92 41 cum
195 360 118 41 tamen
274 360 118 41 finis
353 360 92 41 sit
405 360 118 41 causa
484 360 171 41 causarum.
602 360 118 41 Tertium

144 395 109 48 est,
213 395 109 48 quia
281 395 150 48 ponunt,
390 395 109 48 quod
458 395 191 48 practicum,
609 395 68 48 &
622 395 96 48 specu

149 428 134 48 latiuum
246 428 97 48 sint
307 428 194 48 accidentales
465 428 194 48 differentiae
611 428 97 48 respe-

144 463 87 47 ctu
193 463 199 47 intellectus,
355 463 62 47 &
380 463 187 47 essentiales
529 463 149 47 respectu
629 463 87 47 habi-

145 495 125 48 tuum,
228 495 111 48 quod
298 495 125 48 valde
381 495 139 48 dubium
478 495 111 48 est,
548 495 97 48 nam
603 495 97 48 cum
645 495 69 48 pre

145 532 106 40 fatae
216 532 189 40 differentiae
369 532 106 40 prius
440 532 153 40 competant
546 532 165 40 intellectui,

145 567 106 43 quam
211 567 160 43 habitui,
331 567 80 43 si
371 567 160 43 respectu
491 567 200 43 intellectus
637 567 80 43 sunt

145 602 214 37 accidentales,
321 602 113 37 multo
397 602 113 37 magis
472 602 151 37 videtur,
585 602 101 37 quod
636 602 75 37 sint

148 636 197 37 accidentales
308 636 148 37 respectu
419 636 148 37 habitus,
529 636 98 37 nisi
591 636 111 37 aliud
652 636 62 37 di-

147 667 140 41 catur:
245 667 168 41 Accedit,
371 667 112 41 quod
442 667 140 41 maxime
540 667 168 41 respectu
652 667 70 41 si-

142 704 95 32 nis
196 704 108 32 sumi
263 704 122 32 solet
344 704 203 32 differentia
506 704 216 32 essentialis.

141 732 144 54 Idcirco
245 732 91 54 est
298 732 104 54 alia
363 732 130 54 opinio
454 732 183 54 affirmans,
598 732 104 54 quod
650 732 65 54 di-

151 765 146 55 stinctio
260 765 146 55 practici
369 765 61 55 a
394 765 182 55 speculatiuo
539 765 133 55 habitu,
624 765 85 55 sumen

147 807 79 37 da
186 807 92 37 est
239 807 66 37 a
265 807 118 37 fine,
344 807 66 37 &
370 807 92 37 non
423 807 79 37 ab
462 807 158 37 obiecto;
581 807 105 37 quod
633 807 79 37 pro-

147 838 117 41 bant,
225 838 104 41 quia
290 838 78 41 de
329 838 117 41 eodem
407 838 143 41 obiecto
511 838 91 41 non
563 838 143 41 extenso
654 838 52 41 ad

154 874 95 43 opus
213 874 83 43 est
261 874 142 43 scientia
367 874 190 43 speculatiua,
521 874 71 43 de
557 874 83 43 quo
604 874 71 43 si
628 874 83 43 exten

151 909 108 38 datur
223 909 72 38 ad
259 909 108 38 opus,
331 909 84 38 est
379 909 144 38 scientia
488 909 156 38 practica:
608 909 108 38 sicut
668 909 48 38 pa

151 941 85 43 tet
200 941 73 43 de
236 941 158 43 medicina,
358 941 97 43 quae
419 941 158 43 diuiditur
541 941 73 43 in
565 941 146 43 practicam,

151 978 64 36 &
177 978 219 36 speculatiuam,
357 978 116 36 licet
434 978 90 36 sit
486 978 77 36 de
524 978 116 36 eodem
588 978 129 36 obiecto:

153 1011 93 40 hoc
206 1011 120 40 autem
286 1011 173 40 prouenit,
419 1011 107 40 quia
486 1011 120 40 prout
552 1011 160 40 extenditur

145 1046 73 40 ad
181 1046 110 40 opus,
254 1046 85 40 est
303 1046 158 40 practica,
425 1046 61 40 &
449 1046 61 40 e
474 1046 122 40 contra
547 1046 170 40 speculatiua.

174 1079 163 42 Praeterea
300 1079 113 42 actus
375 1079 176 42 practicus:
513 1079 138 42 dicitur
614 1079 125 42 bonus,

148 1113 70 38 &
176 1113 126 38 malus
260 1113 182 38 bonitate,
400 1113 70 38 &
428 1113 154 38 malitia
541 1113 140 38 moris,
625 1113 84 38 quam

152 1148 161 44 bonitatem
275 1148 87 44 vel
325 1148 149 44 malitiam
437 1148 111 44 habet
511 1148 74 44 ex
548 1148 136 44 debitis
635 1148 74 44 cir-

147 1184 203 38 cunstantijs,
312 1184 114 38 intet
388 1184 101 38 quas
451 1184 165 38 praecipue
578 1184 89 38 est
616 1184 101 38 circum

149 1216 130 40 stantia
244 1216 118 40 finis,
326 1216 94 40 ergo
385 1216 106 40 ratio
456 1216 142 40 practici
562 1216 130 40 sumitur
657 1216 59 40 a
669 1216 47 40 fi

151 1249 84 44 ne,
199 1249 60 44 &
223 1249 157 44 similiter
344 1249 109 44 ratio
404 1249 169 44 speculatiui.

152 1280 106 50 Haec
218 1280 133 50 opinio
311 1280 146 50 quamuis
418 1280 120 50 forte
497 1280 93 50 sit
550 1280 106 50 vera
617 1280 80 50 in
644 1280 66 50 con

158 1318 159 41 clusione,
280 1318 86 41 non
329 1318 159 41 innititur
452 1318 110 41 tamen
525 1318 123 41 firmis
599 1318 110 41 rationi

148 1352 110 38 bus,
217 1352 96 38 nam
272 1352 96 38 cum
326 1352 123 38 primo
409 1352 151 38 dicunt,
518 1352 110 38 quod
587 1352 82 38 de
614 1352 96 38 eoden

147 1388 139 39 obiecto
248 1388 88 39 non
299 1388 139 39 extenso
399 1388 76 39 ad
437 1388 101 39 opus
500 1388 88 39 est
550 1388 151 39 scientia
651 1388 63 39 spe

146 1430 164 34 culatiua,
273 1430 76 34 de
311 1430 139 34 extenso
412 1430 101 34 vero
475 1430 164 34 practica,
589 1430 126 34 videntur

153 1455 95 44 sibi
213 1455 203 44 contradicere,
379 1455 95 44 quia
439 1455 71 44 eo
475 1455 95 44 ipso
534 1455 95 44 quod
594 1455 95 44 tale
642 1455 71 44 obie

158 1491 106 43 ctum
224 1491 132 43 potest
316 1491 145 43 extendi
422 1491 79 43 ad
462 1491 119 43 opus,
541 1491 93 43 non
594 1491 93 43 est
634 1491 79 43 pure

154 1524 198 43 speculatiuum
314 1524 62 43 &
339 1524 87 43 sic
389 1524 148 43 scientia
500 1524 74 43 de
537 1524 99 43 ipso
599 1524 87 43 non
636 1524 74 43 eris

160 1558 100 43 pure
223 1558 201 43 speculatiua,
386 1558 88 43 sed
437 1558 163 43 practica,
562 1558 113 43 sicut
625 1558 88 43 vide-

155 1594 85 44 mus
203 1594 73 44 de
240 1594 133 44 obiecto
337 1594 157 44 scientiae
458 1594 133 44 moralis
555 1594 109 44 libri
615 1594 97 44 Ethico

151 1633 108 38 rum,
219 1633 108 38 quod
287 1633 149 38 quamuis
395 1633 95 38 non
449 1633 189 38 extendatur
598 1633 81 38 ad
625 1633 81 38 opus

154 1664 97 39 quia
215 1664 110 39 tamen
288 1664 122 39 potest
373 1664 146 39 extendi,
483 1664 146 39 scientia
592 1664 73 39 de
629 1664 73 39 eo
653 1664 61 39 est

158 1695 157 47 practica:
279 1695 121 47 dicere
363 1695 109 47 ergo,
436 1695 97 47 quod
496 1695 145 47 scientia
605 1695 85 47 sit
641 1695 73 47 spe-

153 1730 167 43 culatiua,
282 1730 64 43 &
308 1730 103 43 quod
372 1730 155 43 obiectum
488 1730 103 43 eius
553 1730 129 43 possit
630 1730 90 43 exten

150 1768 75 39 di
187 1768 75 39 ad
224 1768 112 39 opus,
299 1768 87 39 est
349 1768 137 39 dicere,
449 1768 100 39 quod
511 1768 87 39 sit
561 1768 100 39 pure
611 1768 100 39 specu-

156 1802 142 38 latiua,
259 1802 65 38 &
285 1802 90 38 non
337 1802 103 38 pure
401 1802 194 38 speculatiua
556 1802 90 38 Nec
608 1802 129 38 valet,

162 1837 97 41 quod
223 1837 134 41 dicitur
320 1837 73 41 de
357 1837 158 41 medicina,
479 1837 97 41 quia
539 1837 85 41 ibi
588 1837 85 41 non
625 1837 85 41 acci-

161 1872 113 37 bitur
237 1872 189 37 speculatiua
388 1872 151 37 proprie,
501 1872 88 37 sed
551 1872 113 37 valde
614 1872 101 37 large,

152 1903 163 41 secundum
275 1903 109 41 quem
343 1903 122 41 modum
424 1903 122 41 etiam
506 1903 163 41 scientia
615 1903 95 41 libri

154 1940 166 36 Ethicorum
282 1940 128 36 potest
371 1940 102 36 dici
435 1940 204 36 speculatiua,
601 1940 89 36 pro
639 1940 77 36 quan

153 1971 76 40 to
191 1971 89 40 non
242 1971 178 40 applicatur
382 1971 76 40 ad
420 1971 114 40 opus,
496 1971 102 40 nisi
560 1971 152 40 mediante
661 1971 51 40 ha

154 2004 104 41 bitu
219 2004 196 41 prudentiae,
376 2004 91 41 ita
428 2004 65 41 &
454 2004 170 41 medicina,
585 2004 104 41 quia
650 2004 91 41 non

153 2040 180 39 applicatur
295 2040 77 39 ad
333 2040 116 39 opus,
411 2040 103 39 nisi
475 2040 155 39 mediante
591 2040 103 39 alio
643 2040 77 39 habi

149 2073 75 41 tu
187 2073 176 41 practicae,
325 2073 63 41 &
350 2073 201 41 experientiae
513 2073 125 41 potest
589 2073 125 41 denomina

149 2106 82 49 ri
177 2106 177 49 speculatiua

767 178 138 61 Secunda
868 178 113 61 etiam
943 178 113 61 ratio
1019 178 113 61 parum
1094 178 126 61 valet,
1182 178 100 61 quia
1232 178 63 61 non

731 227 154 40 loquimur
847 227 90 40 hic
898 227 77 40 de
936 227 167 40 practico,
1064 227 115 40 prout
1141 227 77 40 se
1167 227 128 40 extendit

730 265 83 37 ad
772 265 124 37 omnem
854 265 138 37 actum,
950 265 96 37 sed
1005 265 124 37 solum
1088 265 165 37 secundum
1198 265 96 37 actum

731 297 212 40 intellectus.
903 297 106 40 Dato
969 297 119 40 etiam
1049 297 106 40 quod
1115 297 93 40 hoc
1168 297 93 40 non
1208 297 93 40 obsta

732 334 100 45 ret,
794 334 124 45 falsum
881 334 112 45 tamen
956 334 174 45 assumitur,
1092 334 100 45 quia
1155 334 112 45 saepe
1217 334 87 45 inue-

732 367 111 46 nitur
806 367 111 46 actus
880 367 186 46 intellectus
1029 367 173 46 practicus,
1165 367 87 46 vbi
1202 367 99 46 nonest

734 402 145 36 bonitas,
842 402 84 36 nec
891 402 132 36 malitia
987 402 72 36 in
1023 402 120 36 genere
1107 402 120 36 moris,
1192 402 108 36 sicut
1252 402 48 36 in

742 435 184 38 productione
889 435 221 38 artificialium.
1073 435 98 38 Item
1134 435 147 38 concesso
1233 435 61 38 ar-

732 469 166 43 gumento,
857 469 125 43 adhuc
940 469 97 43 non
995 469 139 43 habent
1092 469 180 43 intentum,
1217 469 83 43 quia

732 503 165 39 secundum
856 503 96 39 hoc
911 503 207 39 sequeretur,
1077 503 110 39 quod
1132 503 165 39 distinctio

739 536 153 38 practici
854 536 64 38 a
879 536 191 38 speculatiuo
1032 536 166 38 sumeretur
1160 536 76 38 ex
1185 536 115 38 omnibus

737 569 250 57 circunstantijs,
947 569 92 57 cum
1000 569 118 57 tamen
1079 569 79 57 de
1118 569 105 57 solo
1184 569 105 57 fine
1236 569 66 57 in

696 603 222 41 tendat.

769 638 181 41 Quapropter
911 638 142 41 videtur
1015 638 103 41 mihi
1079 638 129 41 aliter
1170 638 103 41 esse
1221 638 78 41 pro-

734 670 157 46 cedendum
852 670 78 46 in
891 670 92 46 hoc
943 670 170 46 articulo,
1074 670 92 46 pro
1126 670 118 46 cuius
1191 670 105 46 euidem

729 710 103 36 tia
788 710 118 36 pono
862 710 162 36 quatuor
966 710 222 36 conclusiones.

725 740 151 51 PRIMA
826 740 134 51 est,
909 740 134 51 quod
993 740 234 51 practicum,
1177 740 84 51 &
1194 740 100 51 spe-

730 778 166 40 culatiuum
858 778 153 40 dicuntur
972 778 166 40 aequiuoce
1100 778 76 40 de
1125 778 166 40 intellectu,

734 813 68 36 &
762 813 149 36 habitu,
870 813 109 36 quam
938 813 122 36 probo
1006 813 190 36 tripliciter.

729 844 75 43 1
759 844 149 43 Quando
864 844 149 43 aliqua
968 844 194 43 competunt
1118 844 179 43 pluribus
1252 844 75 43 &

732 877 97 46 vni
788 877 167 46 mediante
913 877 139 46 altero
1010 877 167 46 secundum
1135 877 153 46 quendam
1232 877 69 46 or-

736 911 119 40 dinem
815 911 212 40 essentialem,
987 911 66 40 &
1014 911 225 40 causalitatis,
1199 911 93 40 non
1239 911 66 40 po-

738 946 105 41 test
803 946 92 41 eis
856 946 157 41 vniuoce,
974 946 92 41 sed
1026 946 170 41 aequiuoce
1144 946 157 41 conuenire:

738 984 184 44 practicum
879 984 71 44 &
908 984 226 44 speculatiuum
1092 984 184 44 competunt
1219 984 85 44 pri-

730 1015 81 37 mo
771 1015 217 37 intellectui,
947 1015 95 37 quo
1001 1015 162 37 mediante
1123 1015 176 37 competunt
1245 1015 54 37 ha

736 1053 122 39 bitui
818 1053 163 39 secundum
941 1053 150 39 ordinem
1049 1053 218 39 essentialem,
1226 1053 68 39 &
1240 1053 68 39 cau

739 1085 174 40 salitaris:
875 1085 99 40 ergo
937 1085 87 40 &c.
987 1085 112 40 Maior
1061 1085 87 40 est
1111 1085 112 40 nota,
1185 1085 99 40 quia
1235 1085 74 40 ordo

735 1121 203 35 essentialis,
900 1121 63 35 &
925 1121 127 35 maxime
1014 1121 89 35 cum
1064 1121 190 35 causalitate
1204 1121 101 35 tollit

736 1152 124 46 veram
819 1152 248 46 vniuocationem:
1026 1152 124 46 sicut
1108 1152 124 46 patet
1191 1152 83 46 de
1219 1152 96 46 gene-

733 1185 82 45 re,
780 1185 106 45 inter
851 1185 106 45 cuius
921 1185 129 45 species
1015 1185 82 45 est
1062 1185 94 45 ordo
1121 1185 176 45 essentialis
1250 1185 59 45 si-

735 1220 74 37 ne
772 1220 198 37 causalitate,
932 1220 62 37 &
957 1220 148 37 tollitur
1068 1220 74 37 ab
1105 1220 86 37 eis
1155 1220 99 37 Vera
1204 1220 99 37 vniuo-

730 1254 122 42 catio,
815 1254 85 42 ita
864 1254 73 42 vt
900 1254 134 42 lateant
997 1254 231 42 aequiuocationes
1192 1254 73 42 in
1216 1254 85 42 gene-

727 1283 129 47 ribus,
817 1283 116 47 multo
894 1283 116 47 magis
972 1283 103 47 ergo
1036 1283 90 47 vbi
1087 1283 103 47 erit
1152 1283 103 47 ordo
1203 1283 103 47 essen-

734 1325 130 37 tialis
825 1325 91 37 cum
877 1325 208 37 causalitate.
1047 1325 117 37 Minor
1125 1325 91 37 est
1177 1325 117 37 etiam
1242 1325 65 37 no-

730 1359 96 38 ta,
785 1359 110 38 quia
854 1359 137 38 nullus
950 1359 165 38 negaret,
1073 1359 110 38 quod
1128 1359 165 38 practicum,

729 1392 72 35 &
757 1392 230 35 speculatiuum
944 1392 129 35 prius
1030 1392 187 35 competant
1159 1392 144 35 intelle-

729 1422 109 46 ctui
798 1422 136 46 deinde
893 1422 150 46 habitui
1002 1422 68 46 &
1029 1422 95 46 sic
1084 1422 95 46 est
1138 1422 95 46 ibi
1193 1422 123 46 ordo;
1261 1422 41 46 &

735 1460 112 45 etiam
809 1460 198 45 essentialis,
970 1460 99 45 quia
1032 1460 198 45 intellectus;
1193 1460 62 45 &
1206 1460 99 45 hiabi-

734 1489 95 43 tus
789 1489 95 43 non
843 1489 108 43 sunt
910 1489 149 43 eiusdem
1018 1489 176 43 rationis,
1153 1489 68 43 &
1180 1489 95 43 cum
1221 1489 81 43 cau-

737 1529 144 38 salitate
845 1529 96 38 est,
905 1529 96 38 quia
965 1529 120 38 aliter
1049 1529 120 38 posset
1133 1529 144 38 inueniri
1229 1529 72 38 pra-

730 1563 149 39 cticum,
839 1563 68 39 &
866 1563 217 39 speculatiuum
1042 1563 81 39 in
1083 1563 190 39 habitibus,
1219 1563 81 39 remo

736 1594 72 47 to
772 1594 192 47 speculatiuo,
928 1594 60 47 &
952 1594 144 47 practico
1061 1594 72 47 ab
1097 1594 180 47 intellectu,
1229 1594 72 47 quod

739 1629 85 39 est
788 1629 134 39 falsum,
885 1629 97 39 quia
946 1629 134 39 habitus
1043 1629 97 39 haeo
1104 1629 110 39 habet
1177 1629 73 39 ab
1202 1629 97 39 intel-

733 1666 120 41 lectu,
817 1666 108 41 cuius
890 1666 120 41 signum
974 1666 96 41 est,
1034 1666 96 41 quia
1094 1666 132 41 habitus
1179 1666 120 41 existens

729 1694 75 52 in
767 1694 151 52 appetitu
880 1694 88 52 non
930 1694 125 52 potest
1018 1694 100 52 esse
1081 1694 201 52 speculatiuus
1231 1694 63 52 ta-

732 1727 120 46 tione
812 1727 93 46 sui
865 1727 173 46 subiecti,
998 1727 107 46 ergo
1065 1727 80 46 si
1105 1727 200 46 remoueretur
1252 1727 53 46 ab

727 1764 200 41 intellectu,
887 1764 93 41 non
940 1764 133 41 posset
1033 1764 107 41 esse
1100 1764 187 41 practicus,
1233 1764 67 41 nec

720 1799 196 54 speculatiuus.

764 1835 70 41 2
792 1835 112 41 Quae
862 1835 183 41 competunt
1003 1835 183 41 aliquibus
1143 1835 98 41 non
1186 1835 112 41 secun-

732 1866 94 48 dum
785 1866 134 48 eandem
879 1866 174 48 rationem,
1012 1866 160 48 dicuntur
1132 1866 80 48 de
1172 1866 94 48 eis
1213 1866 94 48 aequi

732 1909 123 37 uoce:
814 1909 191 37 practicum,
964 1909 68 37 &
991 1909 218 37 speculatiuum
1155 1909 150 37 competunt

733 1936 213 41 intellectui,
906 1936 67 41 &
933 1936 147 41 habitui
1039 1936 93 41 non
1093 1936 160 41 secundum
1199 1936 107 41 eandem

730 1975 179 37 rationem,
868 1975 110 37 ergo
937 1975 97 37 &c.
992 1975 124 37 Maior
1075 1975 97 37 est
1130 1975 124 37 nota.
1199 1975 97 37 Minor

737 2005 163 48 probatur,
863 2005 88 48 nam
913 2005 163 48 speculari
1039 2005 151 48 competit
1139 2005 163 48 intellectui

736 2037 87 45 nil
785 2037 137 45 dicendo
885 2037 74 45 de
922 2037 161 45 fugiendo,
1046 2037 87 45 vel
1095 2037 199 45 prosequendo,
1244 2037 50 45 vt

746 2074 97 45 atet
806 2074 72 45 in
842 2074 121 45 tertio
927 2074 72 45 de
963 2074 121 45 anima:
1048 2074 97 45 haec
1108 2074 109 45 autem
1180 2074 109 45 ratio
1241 2074 60 45 nul

732 2107 74 46 lo
769 2107 98 46 modo
830 2107 147 46 competit
941 2107 98 46 ipsi
1002 2107 172 46 speculari,
1137 2107 74 46 vt
1174 2107 74 46 se
1198 2107 111 46 tenetex
