1500 2329
150 171 159 52 bilitate,
272 171 98 52 quod
334 171 86 52 est
383 171 123 52 falsum
469 171 86 52 per
518 171 110 52 Arist
591 171 74 52 1.
616 171 110 52 Metaph-

159 223 229 45 Consequentiam
347 223 135 45 probo,
441 223 108 45 quia
509 223 81 45 si
549 223 162 45 ponantur
657 223 67 45 es-

153 250 74 44 se
190 250 198 44 differentiae
351 250 198 44 accidentales
512 250 173 44 scientiae,
648 250 112 44 eadem

161 290 145 41 scientia
270 290 133 41 poterit
366 290 97 41 esse
427 290 157 41 practica,
548 290 60 41 &
560 290 169 41 speculatiua,

154 323 65 42 &
180 323 78 42 de
219 323 117 42 eodem
297 323 156 42 obiecto,
414 323 117 42 sicut
493 323 169 42 concedunt
623 323 130 42 aliqui

158 360 137 37 eorum,
254 360 68 37 &
281 360 96 37 per
336 360 192 37 consequens
487 360 123 37 eadem
569 360 164 37 scientia
678 360 55 37 ex

160 393 140 35 cederet
262 393 140 35 seipsam
364 393 76 35 in
402 393 191 35 nobilitate,
555 393 64 35 &
581 393 102 35 idem
632 393 89 35 obie-

155 426 104 37 etum
220 426 169 37 excederet
350 426 78 37 se
389 426 130 37 ipsum,
481 426 104 37 quod
546 426 91 37 est
585 426 117 37 falsum.

198 456 142 42 Secundo
302 456 194 42 sequeretur,
457 456 104 42 quod
522 456 168 42 quaelibet
638 456 91 42 scien

161 494 93 36 tia
214 494 146 36 haberet
320 494 106 36 suum
387 494 106 36 esse
454 494 186 36 completum,
600 494 160 36 antequam

160 528 76 47 ei
198 528 165 47 adueniret
325 528 127 47 aliqua
414 528 152 47 dictarum
515 528 216 47 differentiarum,

165 558 108 43 quod
233 558 95 43 est
287 558 149 43 falsum.
395 558 216 43 Consequentia
571 558 135 43 patet,
652 558 81 43 quia

154 593 180 40 differentia
298 593 192 40 accidentalis
454 593 132 40 aduenit
550 593 96 40 post
610 593 96 40 esse
658 593 72 40 com-

160 626 132 47 pletum.
256 626 168 47 Falsitatem
388 626 120 47 probo,
473 626 96 47 quia
533 626 72 47 si
569 626 144 47 scientia
665 626 60 47 ha-

161 660 126 51 beret
245 660 112 51 essc
315 660 181 51 completum
454 660 112 51 ante
524 660 167 51 aduentum
635 660 98 51 harum

161 693 232 45 differentiarum,
356 693 86 45 vel
405 693 134 45 haberet
503 693 73 45 ex
540 693 86 45 se,
588 693 86 45 vel
637 693 73 45 ab
662 693 73 45 obie

161 732 104 41 cto;
226 732 91 41 non
278 732 78 41 ex
317 732 91 41 se,
369 732 104 41 quia
434 732 104 41 tunc
499 732 156 41 obiectum
616 732 91 41 non
655 732 78 41 habe

151 763 87 38 ret
200 763 198 38 causalitatem
361 763 112 38 super
436 763 99 38 eam,
498 763 99 38 quod
560 763 99 38 ipsi
621 763 136 38 negant,

152 797 98 39 non
208 797 84 39 ab
250 797 169 39 obiecto,
377 797 112 39 quia
447 797 112 39 tunc
517 797 141 39 quaero
602 797 126 39 quomodo

162 830 159 38 obiectum
281 830 146 38 dederit
387 830 93 38 hoc
440 830 106 38 essc
506 830 172 38 completum
625 830 106 38 scien-

158 865 115 37 tiae:
235 865 103 37 quia
299 865 90 37 non
350 865 77 37 vt
389 865 103 37 pure
453 865 205 37 speculabile,
620 865 90 37 sic
658 865 77 37 enim

159 901 91 37 non
211 901 129 37 potest
301 901 103 37 dare
366 901 103 37 nisi
431 901 103 37 esse
495 901 220 37 speculatiuum;
663 901 65 37 nec

155 933 76 41 vt
193 933 102 41 pure
257 933 178 41 operabile,
397 933 102 41 quia
461 933 102 41 tunc
524 933 115 41 daret
601 933 115 41 solum
664 933 64 41 es-

152 965 76 39 se
190 965 165 39 practicu,
317 965 101 39 ergo
380 965 89 39 vel
431 965 114 39 nullo
507 965 101 39 modo
570 965 114 39 dedit
633 965 89 39 istuc

157 1001 103 47 essc
222 1001 181 47 completum,
364 1001 91 47 vel
416 1001 168 47 oportebit
545 1001 129 47 ponere
635 1001 78 47 in
661 1001 65 47 ob-

151 1032 122 41 iecto
233 1032 149 41 quandam
342 1032 149 41 tertiam
450 1032 163 41 rationem
559 1032 163 41 abstrahen-

157 1068 90 41 tem
209 1068 65 41 a
235 1068 142 41 ratione
338 1068 168 41 practici,
467 1068 65 41 &
493 1068 103 41 pure
544 1068 181 41 speculabili,

157 1102 93 39 sed
210 1102 93 39 hoc
263 1102 93 39 est
316 1102 146 39 quoddam
422 1102 185 39 fictitium,
567 1102 106 39 ideo
620 1102 106 39 scien-

153 1137 96 38 tia
208 1137 96 38 non
263 1137 137 38 potest
359 1137 137 38 habere
455 1137 110 38 suum
524 1137 110 38 esse
579 1137 151 38 completum

154 1173 111 38 ante
224 1173 167 38 aduentum
348 1173 167 38 alicuius
473 1173 153 38 istarum
570 1173 153 38 differen

145 1207 135 38 tiarum.

195 1230 91 52 Sed
247 1230 143 52 diceret
351 1230 156 52 aliquis,
468 1230 104 52 quod
533 1230 117 52 sicut
611 1230 78 52 ex
637 1230 91 52 parte

153 1277 195 36 intellectus
309 1277 208 36 speculatiuum
479 1277 169 36 ponebatur
596 1277 130 36 differe-

151 1316 84 33 tia
199 1316 179 33 essentialis
342 1316 191 33 intellectus,
497 1316 155 33 practicum
617 1316 95 33 vero
664 1316 60 33 ac-

162 1343 190 39 cidentalis,
315 1343 89 39 ita
365 1343 152 39 videtur,
479 1343 101 39 quod
543 1343 127 39 debeat
632 1343 101 39 poni
682 1343 51 39 ex

157 1380 123 43 parte
239 1380 164 43 habitus,
362 1380 96 43 cum
417 1380 178 43 huiusmodi
540 1380 191 43 differentiae

159 1409 117 49 primo
237 1409 170 49 competant
368 1409 209 49 intellectui,
537 1409 65 49 &
563 1409 78 49 ex
603 1409 78 49 eo
629 1409 91 49 deue-

159 1443 128 47 niant
230 1443 171 47 adhabitum.

196 1477 223 39 Respondetur,
377 1477 111 39 quod
447 1477 97 39 hoc
502 1477 97 39 non
558 1477 97 39 est
600 1477 125 39 simile,

161 1514 102 41 quia
225 1514 102 41 idem
289 1514 166 41 obiectum,
416 1514 64 41 &
442 1514 102 41 idem
505 1514 127 41 finis,
595 1514 102 41 quae
646 1514 76 41 sunt

150 1546 198 44 accidentalia
310 1546 148 44 respectu
422 1546 198 44 intellectus,
583 1546 136 44 possunt
669 1546 62 44 es-

162 1579 71 38 se
198 1579 178 38 essentialia
340 1579 143 38 respectu
448 1579 143 38 habitus.
555 1579 71 38 Ad
590 1579 107 38 cuius
650 1579 71 38 eui-

161 1611 150 43 dentiam
270 1611 95 43 est
325 1611 245 43 intelligendum,
529 1611 109 43 quod
584 1611 136 43 obiectum

162 1642 61 44 &
186 1642 110 44 finis
260 1642 196 44 intellectus,
418 1642 61 44 &
443 1642 134 44 habitus
541 1642 147 44 practici
651 1642 61 44 i
663 1642 61 44 hoc

152 1679 211 48 conueniunt,
321 1679 112 48 quod
391 1679 197 48 necessario
545 1679 183 48 supponunt
672 1679 56 48 a-

159 1714 105 41 ctum
224 1714 197 41 voluntatis,
382 1714 79 41 si
421 1714 105 41 enim
487 1714 92 41 non
539 1714 118 41 esset
605 1714 118 41 aliquid

165 1747 138 42 volitum
266 1747 113 42 actu,
341 1747 88 42 vel
392 1747 163 42 potentia,
517 1747 88 42 non
568 1747 113 42 esset
643 1747 113 42 etiam

156 1780 132 41 aliquid
252 1780 144 41 agibile,
360 1780 60 41 &
384 1780 84 41 sic
432 1780 168 41 tolleretur
564 1780 144 41 obiectum
660 1780 60 41 in-

153 1822 186 36 tellectus,
299 1822 67 36 &
326 1822 146 36 habitus
432 1822 173 36 practici,
565 1822 67 36 &
592 1822 120 36 eodem
658 1822 67 36 mo-

163 1851 73 45 do
199 1851 171 45 tolleretur
334 1851 110 45 finis
407 1851 159 45 vtriusque
529 1851 86 45 cum
578 1851 86 45 hac
615 1851 110 45 simili-

157 1883 132 47 tudine
249 1883 105 47 stat
315 1883 119 47 tamen
394 1883 132 47 aliqua
486 1883 211 47 differentia,
644 1883 79 47 quia

161 1918 106 42 dato
227 1918 106 42 quod
293 1918 119 42 nihil
372 1918 119 42 esset
452 1918 185 42 operabile,
597 1918 93 42 non
637 1918 93 42 tamen

164 1951 132 48 propter
260 1951 84 48 hoc
308 1951 132 48 periret
404 1951 96 48 ipse
465 1951 192 48 intellectus,
621 1951 96 48 quia
669 1951 60 48 to-

166 1985 98 38 tum
222 1985 112 38 suum
292 1985 126 38 esse,
376 1985 70 38 &
404 1985 154 38 ordinem
515 1985 210 38 essentialem
669 1985 56 38 ad

163 2024 160 36 obiectum
283 2024 160 36 complete
403 2024 120 36 habet
483 2024 107 36 ante
537 2024 187 36 possibilita-

166 2054 89 44 tem
217 2054 140 44 operis,
319 2054 63 44 &
344 2054 102 44 ideo
408 2054 165 44 dicebatur
535 2054 165 44 superius,
649 2054 76 44 quod

158 2092 150 50 habebat
268 2092 150 50 ordinem
377 2092 219 50 accidentalem
554 2092 82 50 ad
595 2092 123 50 ipsum
664 2092 68 50 ope

750 187 132 41 rabile,
846 187 60 41 &
870 187 72 41 ad
906 187 108 41 opus,
978 187 96 41 ideo
1038 187 108 41 ratio
1110 187 156 41 practici,
1230 187 96 41 quae
1278 187 48 41 ex

757 222 88 50 sto
807 222 125 50 ordine
894 222 150 50 sumitur,
1007 222 88 50 non
1057 222 125 50 potest
1144 222 100 50 dici
1194 222 125 50 differen

748 255 89 38 tia
799 255 192 38 essentialis
953 255 204 38 intellectus.
1119 255 77 38 De
1157 255 128 38 habitu
1234 255 89 38 autem

757 294 166 40 practico
881 294 97 40 non
937 294 97 40 est
992 294 97 40 sic
1047 294 179 40 dicendum,
1185 294 97 40 nam
1226 294 97 40 amoto

751 323 98 44 omni
812 323 171 44 operabili,
946 323 61 44 &
971 323 98 44 omni
1032 323 208 44 possibilitate
1191 323 122 44 operis..

753 357 180 39 necessario,
897 357 144 39 tollitur
1005 357 108 39 omnis
1077 357 132 39 habitus
1173 357 168 39 practicus,

745 396 107 40 quia
812 396 134 40 dictus
906 396 148 40 habitus
1013 396 94 40 non
1067 396 175 40 praecedit
1188 396 134 40 rationem

742 430 166 42 agibilis,
870 430 89 42 imo
921 430 153 42 sequitur
1036 430 102 42 eam,
1100 430 64 42 &
1125 430 89 42 per
1177 430 115 42 illam
1240 430 77 42 con-

744 458 170 36 stituitur
874 458 183 36 quapropter
1018 458 117 36 ordo,
1096 458 91 36 qui
1148 458 104 36 erat
1201 458 117 36 acciden

751 494 102 35 talis
819 494 136 35 respectu
921 494 182 35 intellectus,
1069 494 148 35 efficitur
1171 494 148 35 essentialis

751 528 159 46 respectu
870 528 159 46 habitus,
989 528 66 46 &
1015 528 106 46 ideo
1081 528 93 46 non
1134 528 93 46 est
1187 528 132 46 mirum,
1266 528 53 46 fi

742 560 109 41 ratio
815 560 146 41 practici
924 560 85 41 est
973 560 182 41 differentia
1119 560 182 41 essentialis
1252 560 61 41 ha-

749 594 130 44 bitus,

787 624 133 42 Quarta
880 624 186 42 conclusio.
1026 624 186 42 Distinctio
1173 624 160 42 practici
1279 624 40 42 a

748 658 192 43 speculatiuo
901 658 89 43 non
953 658 89 43 est
1004 658 140 43 sumenda
1106 658 166 43 totaliter
1233 658 77 43 ex
1259 658 51 43 ob

746 698 120 33 iecto,
830 698 84 33 sed
878 698 72 33 ex
915 698 145 33 obiecto,
1023 698 60 33 &
1047 698 96 33 fine
1107 698 120 33 simul,
1180 698 132 33 principa-

744 730 115 47 lius
816 730 130 47 tamen
902 730 86 47 ex
945 730 130 47 fine.
1032 730 144 47 Primam
1133 730 144 47 partem
1219 730 101 47 huius

745 762 207 46 conclusionis
913 762 90 46 sic
952 762 103 46 probo.

785 796 223 47 Quandocunque
966 796 139 47 plures
1063 796 139 47 causae
1147 796 167 47 concurrunt

742 830 77 38 ad
781 830 102 38 vnum
844 830 166 38 effectum,
972 830 64 38 &
998 830 89 38 vna
1049 830 102 38 siue
1113 830 128 38 altera
1202 830 89 38 non
1240 830 77 38 suf-

744 866 117 39 ficit,
826 866 93 39 ille
884 866 140 39 effectus
989 866 82 39 non
1036 866 117 39 potest
1118 866 117 39 reduci
1188 866 128 39 totaliter

747 900 81 36 in
787 900 148 36 aliquam
895 900 162 36 illarum,
1016 900 94 36 sed
1070 900 175 36 obiectum,
1204 900 67 36 &
1218 900 94 36 finis

748 935 164 41 scientiae
874 935 101 41 sunt
937 935 176 41 huiusmodi,
1076 935 101 41 ergo
1139 935 88 41 &c.
1189 935 113 41 Maior
1252 935 63 41 est

745 970 127 37 nota.
830 970 127 37 Minor
914 970 184 37 probatur.
1056 970 99 37 Nam
1112 970 113 37 quod
1169 970 141 37 obiectum

743 1005 82 36 sit
790 1005 106 36 causa
861 1005 165 36 scientiae,
990 1005 59 36 &
1014 1005 94 36 eius
1073 1005 177 36 differentia
1202 1005 118 36 essentia

748 1035 89 37 lis
799 1035 140 37 apparet
901 1035 89 37 per
953 1035 140 37 eosmet,
1055 1035 102 37 quia
1118 1035 102 37 fere
1182 1035 115 37 omnes
1246 1035 64 37 re-

740 1071 136 38 ducunt
836 1071 231 38 distinctionem
1026 1071 204 38 scientiarum
1190 1071 82 38 in
1217 1071 95 38 obie-

743 1105 111 37 ctum,
816 1105 111 37 patet
890 1105 111 37 etiam
964 1105 147 37 ratione,
1075 1105 98 37 quia
1136 1105 98 37 idem
1197 1105 86 37 est
1234 1105 74 37 cau-

747 1139 77 44 sa
786 1139 129 44 actus,
876 1139 64 44 &
902 1139 155 44 habitus,
1018 1139 90 44 sed
1069 1139 155 44 obiectum
1185 1139 90 44 est
1224 1139 90 44 causa

738 1173 160 37 habitus,
857 1173 106 37 ergo
924 1173 67 37 &
951 1173 133 37 actus,
1044 1173 67 37 &
1070 1173 93 37 per
1124 1173 186 37 consequens
1257 1173 53 37 om

745 1206 111 46 nis
808 1206 221 46 distinctio
982 1206 126 46 erit
1061 1206 111 46 per
1124 1206 205 46 obiectum.

793 1240 94 44 Quod
852 1240 106 44 autem
923 1240 141 44 obiectum
1029 1240 83 44 non
1076 1240 153 44 sufficiat
1194 1240 94 44 sine
1241 1240 71 44 fine

741 1271 82 43 ad
782 1271 136 43 dictam
877 1271 217 43 causalitatem
1054 1271 136 43 probo,
1149 1271 109 43 quia
1203 1271 109 43 nullus

743 1310 116 35 agens
820 1310 103 35 agit
884 1310 205 35 determinatum
1051 1310 167 35 effectum,
1180 1310 103 35 nisi
1231 1310 77 35 pro-

760 1349 88 39 ter
811 1349 113 39 finem
886 1349 213 39 determinatum,
1061 1349 138 39 constat
1161 1349 125 39 autem,
1236 1349 75 39 quod

749 1375 152 41 obiectum
864 1375 76 41 in
902 1375 152 41 causando
1016 1375 165 41 scientiam
1143 1375 127 41 causat
1219 1375 89 41 deter

741 1410 146 36 minatum
847 1410 173 36 effectum,
980 1410 106 36 ergo
1047 1410 146 36 oportet
1153 1410 106 36 quod
1207 1410 106 36 deter-

741 1444 157 46 minetur
855 1444 100 46 per
912 1444 157 46 debitum
1011 1444 114 46 finem.

783 1477 102 45 Item
847 1477 115 45 agens
924 1477 128 45 semper
1013 1477 153 45 intendit
1128 1477 128 45 finem,
1218 1477 64 45 &
1230 1477 77 45 ideo

744 1507 83 54 si
786 1507 96 54 per
841 1507 138 54 nullum
937 1507 124 54 finem
1020 1507 234 54 determinatur,
1199 1507 110 54 nullum

741 1547 120 41 finem
821 1547 173 41 intendit,
954 1547 67 41 &
981 1547 107 41 tunc
1047 1547 93 41 non
1101 1547 147 41 ageret,
1194 1547 120 41 oportet

747 1583 127 37 ergo,
832 1583 113 37 quod
902 1583 127 37 finis
987 1583 184 37 concurrat
1128 1583 99 37 cum
1185 1583 141 37 agente
1270 1583 42 37 &

747 1614 150 47 connotet
859 1614 113 47 ipsum
934 1614 175 47 necessaria
1072 1614 238 47 significatione,
1259 1614 50 47 vt

739 1648 148 40 dicit
837 1648 115 40 Com
903 1648 99 40 in
952 1648 99 40 de
1002 1648 230 40 substantia
1166 1648 132 40 orbis.

783 1681 108 40 Quod
850 1681 121 40 autem
930 1681 121 40 finis
1011 1681 94 40 non
1065 1681 175 40 concurrat
1199 1681 81 40 ad
1226 1681 81 40 cau-

739 1711 158 47 salitatem
861 1711 158 47 scientiae
982 1711 97 47 sine
1043 1711 134 47 obiecto
1141 1711 122 47 agente
1214 1711 97 47 facile

748 1752 128 43 paret,
838 1752 90 43 tum
889 1752 103 43 quia
954 1752 116 43 finis
1031 1752 154 43 supponit
1146 1752 116 43 ipsum
1210 1752 103 43 agens;

742 1788 90 37 tum
794 1788 103 37 quia
858 1788 116 37 finis
935 1788 77 37 ex
973 1788 77 37 se
1012 1788 90 37 non
1063 1788 116 37 habet
1127 1788 180 37 causalitatem

746 1820 108 41 nisi
813 1820 81 41 in
853 1820 148 41 mouendo
961 1820 188 41 quaecunque
1108 1820 108 41 alia
1176 1820 81 41 ad
1202 1820 108 41 operan

748 1849 108 40 dum,
815 1849 148 40 propter
922 1849 108 40 quod
989 1849 148 40 dicitur
1097 1849 121 40 causa
1164 1849 148 40 causarum.

781 1888 112 43 Quod
851 1888 126 43 autem
935 1888 224 43 principalius
1116 1888 154 43 sumenda
1228 1888 98 43 sit
1270 1888 42 43 a

746 1913 117 48 fine,
824 1913 104 48 quam
889 1913 78 48 ab
928 1913 156 48 obiecto,
1046 1913 117 48 probo
1111 1913 182 48 tripliciter.

780 1950 66 45 1
806 1950 133 45 Quando
899 1950 106 45 duae
966 1950 133 45 causae
1059 1950 186 45 concurrunt
1205 1950 80 45 ad
1231 1950 80 45 vnum

749 1994 156 43 effectum,
869 1994 96 43 illa
929 1994 84 43 est
977 1994 192 43 principalior
1133 1994 84 43 cui
1181 1994 108 43 magis
1241 1994 72 43 inni

746 2021 101 46 titur
813 2021 146 46 effectus,
926 2021 79 46 sed
971 2021 68 46 in
1005 2021 180 46 distinctione
1151 2021 146 46 scientiae
1253 2021 56 46 pra

752 2060 128 43 cticae,
845 2060 58 43 &
869 2060 186 43 speculatiuae
1020 2060 163 43 distinctio
1147 2060 105 43 magis
1205 2060 105 43 inniti-

745 2088 93 54 tur
798 2088 119 54 fini,
877 2088 106 54 quam
943 2088 159 54 obiecto,
1062 2088 106 54 ergo
1128 2088 93 54 &c.
1181 2088 119 54 Maior
1247 2088 66 54 est
