1500 2308
215 166 82 55 de
256 166 96 55 Deo
311 166 96 55 per
366 166 192 55 Theologiam
518 166 137 55 saltem
614 166 151 55 quantum
710 166 55 55 ad

216 216 80 41 ea,
261 216 91 41 quae
318 216 91 41 sunt
376 216 160 41 necessaria
501 216 114 41 sciri,
581 216 57 41 &
604 216 91 41 tali
650 216 114 41 cognitio

217 249 78 40 ni
256 249 129 40 habent
346 249 194 40 conformari,
501 249 65 40 &
527 249 91 40 per
579 249 91 40 eam
618 249 155 40 rectifica-

211 281 88 48 ri,
262 281 100 48 quod
324 281 138 48 apparet
424 281 125 48 signo,
512 281 63 48 &
537 281 150 48 ratione,
650 281 113 48 signo
712 281 63 48 qui

215 320 103 39 dem,
280 320 103 39 quia
344 320 167 39 Theologia
473 320 90 39 non
524 320 129 39 tradit
614 320 77 39 de
653 320 90 39 Deo
692 320 77 39 ali-

215 348 103 50 quam
279 348 206 50 cognitionem,
447 348 103 50 quae
511 348 154 50 videatur
614 348 154 50 speculati-

216 384 87 43 ua,
265 384 99 43 quin
327 384 185 43 virtualiter
475 384 148 43 includat
574 384 198 43 conformitatem,

219 422 62 43 &
243 422 198 43 rectitudinem
404 422 198 43 dilectionis,
564 422 74 43 vt
601 422 111 43 patet
676 422 74 43 de
700 422 62 43 co-

218 451 150 48 gnitione
331 451 188 48 Trinitatis,
482 451 100 48 quae
544 451 138 48 videtur
645 451 100 48 pure
695 451 75 48 spe-

216 483 159 50 culatiua,
338 483 61 50 &
362 483 110 50 tamen
435 483 85 50 est
484 483 159 50 practica,
606 483 98 50 quia
655 483 110 50 virtua-

215 522 108 33 liter
287 522 144 33 includit
395 522 192 33 rectitudinem
551 522 192 33 dilectionis;
707 522 84 33 nam

214 552 143 42 dilectio
321 552 83 42 Dei
369 552 83 42 non
416 552 107 42 esset
488 552 119 42 recta,
571 552 95 42 nisi
618 552 143 42 terminare-

209 589 84 39 tur
257 589 72 39 ad
293 589 96 39 eum,
353 589 72 39 vt
389 589 72 39 in
425 589 120 39 tribus
510 589 144 39 personis
606 589 156 39 existentem,

213 624 114 43 sicut
289 624 114 43 illum
365 624 190 43 cognoscimus
517 624 89 43 per
568 624 190 43 Theologiam,
707 624 63 43 qua

212 652 129 47 propter
306 652 105 47 talis
376 652 141 47 dilectio
482 652 82 47 est
529 652 152 47 posterior
634 652 129 47 cognitio-

208 684 89 50 ne,
259 684 63 50 &
284 684 102 50 illi
348 684 229 50 conformabitur,
538 684 63 50 &
564 684 89 50 per
615 684 89 50 eam
653 684 114 50 regula-

210 719 122 40 bitur:
295 719 110 40 patet
368 719 110 40 etiam
441 719 97 40 idem
502 719 146 40 ratione,
612 719 97 40 quia
673 719 73 40 ab
697 719 61 40 ob-

209 751 106 49 iecto
280 751 106 49 huius
351 751 165 49 scientiae,
481 751 71 49 vt
516 751 106 49 habet
587 751 142 49 rationem
681 751 83 49 vlti-

205 787 75 45 mi
242 787 125 45 finis,
329 787 149 45 sumuntur
441 787 149 45 regulae,
553 787 125 45 quibus
628 787 137 45 rectifica

207 819 88 37 tur
258 819 126 37 nostra
346 819 151 37 dilectio
459 819 151 37 respectu
572 819 138 37 eiusdem
660 819 101 37 finis:

205 853 104 40 Immo
270 853 168 40 vlterius,
399 853 104 40 quia
464 853 65 40 a
490 853 104 40 fine
555 853 91 40 non
607 853 155 40 sumuntur
710 853 52 40 ni

211 887 70 40 si
246 887 152 40 principia
363 887 152 40 practica,
480 887 140 40 oportet,
586 887 94 40 quod
632 887 129 40 principia

210 922 124 42 sumpta
296 922 74 42 ab
333 922 136 42 obiecto
432 922 111 42 huius
507 922 161 42 scientiae
630 922 99 42 sint
680 922 74 42 pra-

206 951 129 40 ctica,
296 951 64 40 &
322 951 90 40 per
373 951 180 40 consequens
515 951 116 40 omnes
579 951 180 40 conclusiones

204 988 117 34 erunt
282 988 181 34 practicae.
424 988 91 34 Nec
476 988 117 34 tamen
554 988 142 34 propter
657 988 91 34 hoc
696 988 65 34 se-

205 1022 138 35 quitur
302 1022 166 35 secundum
426 1022 111 35 eos,
495 1022 111 35 quod
565 1022 166 35 obiectum
675 1022 83 35 Theo

204 1054 117 47 logiae
286 1054 82 47 sit
333 1054 94 47 Deus
392 1054 82 47 sub
439 1054 129 47 ratione
533 1054 117 47 vltimi
615 1054 117 47 finis,
686 1054 70 47 quia

208 1092 87 35 nec
257 1092 112 35 dicta
332 1092 162 35 principia
457 1092 150 35 sumuntur
570 1092 75 35 ab
607 1092 100 35 illo
657 1092 100 35 respe-

200 1122 86 39 ctu
249 1122 110 39 finis
322 1122 74 39 in
359 1122 86 39 Deo
408 1122 147 39 fundato,
519 1122 86 39 sed
568 1122 74 39 ab
605 1122 147 39 absoluto
703 1122 61 39 fun

200 1158 127 35 damento
293 1158 116 35 illius
374 1158 162 35 respectus,
501 1158 58 35 &
525 1158 104 35 illud
594 1158 81 35 est
629 1158 127 35 obiectum.

239 1192 102 40 lsti
303 1192 102 40 bene
366 1192 127 40 dicunt
455 1192 140 40 ponendo
557 1192 191 40 dilectionem
697 1192 64 40 Dei

205 1222 114 38 finem
281 1222 190 38 Theologiae,
433 1222 139 38 quaedam
535 1222 101 38 vero
598 1222 139 38 dicunt,
687 1222 76 38 quae

206 1255 153 39 videntur
321 1255 140 39 deuiare
422 1255 64 39 a
448 1255 165 39 veritate.
575 1255 89 39 Tum
626 1255 102 39 quia
689 1255 89 39 vo

206 1292 107 34 lunt,
277 1292 95 34 quod
337 1292 143 34 dilectio
444 1292 83 34 Dei
491 1292 83 34 sit
539 1292 95 34 vera
598 1292 131 34 praxis,
682 1292 71 34 quod

206 1318 123 47 reputo
292 1318 135 47 falsum,
390 1318 74 47 vt
426 1318 147 47 patebit:
537 1318 86 47 Tum
586 1318 98 47 quia
647 1318 135 47 dicunt,

202 1359 100 35 hanc
265 1359 163 35 scientiam
390 1359 125 35 debere
478 1359 100 35 dici
540 1359 163 35 practicam
653 1359 100 35 ratio-

207 1386 71 42 ne
243 1386 118 42 finis,
325 1386 83 42 qui
373 1386 83 42 est
420 1386 154 42 dilectio,
538 1386 95 42 quod
597 1386 83 42 non
633 1386 118 42 admitto.

205 1424 157 40 Accedit,
323 1424 105 40 quod
388 1424 170 40 Theologia
519 1424 92 40 non
572 1424 118 40 esset
637 1424 118 40 dignior

205 1456 158 41 scientijs
327 1456 195 41 speculatiuis
485 1456 158 41 humanitus
595 1456 158 41 adinuentis;

210 1489 89 36 hoc
261 1489 101 36 enim
324 1489 139 36 videtur
426 1489 215 36 vniuersaliter
603 1489 114 36 verum
666 1489 89 36 secu-

208 1524 88 38 dum
259 1524 164 38 doctrinam
385 1524 126 38 Arist.
473 1524 101 38 quod
536 1524 189 38 speculatiua
674 1524 76 38 scie

199 1554 86 38 tia
248 1554 86 38 sit
297 1554 148 38 nobilior
408 1554 160 38 practica.
531 1554 123 38 Tandem
617 1554 135 38 videtur
703 1554 49 38 ma

199 1589 72 40 le
235 1589 132 40 dicere,
331 1589 96 40 quod
391 1589 72 40 ab
427 1589 132 40 obiecto
523 1589 108 40 huius
595 1589 156 40 scientiae
703 1589 48 40 su

203 1622 135 44 muntur
297 1622 176 44 principia
432 1622 122 44 eius,
513 1622 81 44 vt
554 1622 122 44 habet
621 1622 135 44 rationem

203 1657 122 36 vltimi
288 1657 122 36 finis,
373 1657 85 36 non
422 1657 110 36 tamen
495 1657 134 36 propter
593 1657 85 36 hoc
641 1657 85 36 est
678 1657 73 36 obio

193 1689 97 35 ctum
254 1689 85 35 sub
302 1689 97 35 tali
363 1689 134 35 ratione
461 1689 122 35 finis,
546 1689 61 35 &
570 1689 183 35 nihilominus
704 1689 49 35 vo

196 1721 104 41 lunt
261 1721 130 41 alibi,
351 1721 104 41 quod
416 1721 181 41 principia,
559 1721 65 41 &
572 1721 181 41 conclusiones

202 1757 154 38 scientiae
321 1757 178 38 virtualiter
463 1757 190 38 contineantur
617 1757 71 38 in
641 1757 107 38 obiecto

201 1795 111 35 eius:
275 1795 74 35 si
312 1795 99 35 ergo
373 1795 172 35 principia,
509 1795 62 35 &
533 1795 197 35 conclusiones
681 1795 74 35 Theo

203 1823 120 36 logiae
287 1823 145 36 sumuntur
396 1823 72 36 ab
432 1823 145 36 obiecto,
540 1823 72 36 vt
576 1823 108 36 habet
637 1823 120 36 rationem

205 1859 120 37 vltimi
289 1859 120 37 finis,
373 1859 144 37 coguntur
481 1859 120 37 dicere
564 1859 180 37 necessario,
696 1859 60 37 vel

196 1890 108 39 quod
264 1890 108 39 Deus
332 1890 95 39 sit
386 1890 176 39 subiectum
521 1890 95 39 sub
575 1890 95 39 hac
616 1890 135 39 ratione,

199 1924 94 39 vel
252 1924 107 39 quod
319 1924 188 39 principia,
467 1924 67 39 &
493 1924 214 39 conclusiones
654 1924 94 39 huius

203 1957 154 36 scientiae
322 1957 83 36 non
369 1957 190 36 contineantur
524 1957 178 36 virtualiter
666 1957 71 36 in
690 1957 59 36 suo

195 1988 151 44 obiecto,
308 1988 100 44 quod
371 1988 88 44 est
421 1988 125 44 contra
497 1988 100 44 dicta.

242 2023 126 40 Quidam
331 2023 101 40 alij
394 2023 126 40 eandem
482 2023 126 40 tenent
558 2023 189 40 cenclusionem,

191 2057 88 44 sed
242 2057 101 44 alio
305 2057 114 44 modo,
381 2057 63 44 &
406 2057 114 44 magis
482 2057 114 44 illam
558 2057 177 44 extendunt;
684 2057 63 44 Nam

786 164 154 66 volunt,
898 164 112 66 quod
968 164 154 66 dicatur
1081 164 168 66 practiea
1207 164 98 66 non
1263 164 70 66 Aex

783 224 88 31 eo
827 224 117 31 quod
900 224 175 31 extendat
1032 224 88 31 se
1076 224 88 31 ad
1120 224 161 31 diriger
1237 224 132 31 actum

782 252 196 39 dilectionis,
941 252 86 39 qui
990 252 86 39 est
1039 252 74 39 in
1076 252 98 39 alia
1137 252 110 39 pote.
1211 252 86 39 sed
1247 252 86 39 etiam

777 287 108 42 quia
844 287 162 42 extendit
965 287 81 42 se
1006 287 81 42 ad
1046 287 202 42 dirigendum.
1208 287 94 42 cum
1249 287 94 42 cogni

784 318 136 45 tionis
880 318 82 45 in
921 318 123 45 eadem
1003 318 164 45 potentia
1125 318 164 45 secundum
1235 318 95 45 tamen

779 350 120 50 alium
859 350 147 50 habitum
965 350 200 50 superiorem,
1126 350 107 50 puta
1192 350 107 50 quia
1246 350 93 50 diri-

777 385 94 43 git
830 385 215 43 cognitionem,
1005 385 107 43 quae
1072 385 94 43 est
1125 385 161 43 secundum
1246 385 121 43 actum

787 418 126 39 Fidei,
876 418 88 39 nam
926 418 88 39 per
977 418 139 39 habitum
1078 418 177 39 Theologiae
1216 418 114 39 Fides
1280 418 50 39 gi

777 454 141 40 gnitur,
880 454 167 40 nutritur,
1009 454 193 40 defenditur,
1163 454 64 40 &
1176 454 154 40 roboratur:

781 486 161 46 secundum
901 486 107 46 ergo
969 486 107 46 hanc
1036 486 94 46 via
1089 486 94 46 non
1143 486 161 46 oportet,
1250 486 81 46 quod

784 520 151 39 scientia
898 520 151 39 practica
1011 520 76 39 se
1049 520 151 39 extendat
1163 520 76 39 ad
1188 520 151 39 regulandum

781 555 105 41 actum
851 555 139 41 alterius
956 555 163 41 potentiae,
1083 555 81 41 sed
1130 555 151 41 sufficit,
1246 555 93 41 quod
1293 555 46 41 se

790 586 141 41 extendat
896 586 70 41 ad
931 586 106 41 actum
1001 586 141 41 alterius
1107 586 141 41 habitus,
1213 586 106 41 licet
1271 586 59 41 sit

784 619 76 47 in
822 619 113 47 eadem
898 619 151 47 potentia
1011 619 139 47 animae;
1112 619 88 47 nam
1162 619 88 47 hoc
1213 619 113 47 pacto
1276 619 50 47 ha

782 653 105 40 bebit
852 653 140 40 quicquid
957 653 82 40 est
1004 653 70 40 de
1039 653 128 40 ratione
1132 653 151 40 practicae
1237 653 93 40 scili-

785 685 93 41 cet
838 685 159 41 duplicem
957 685 133 41 finem,
1050 685 119 41 actum
1129 685 172 41 proprium,
1249 685 80 41 quem

782 723 129 39 elicit,
876 723 59 39 &
899 723 94 39 iste
958 723 82 39 est
1005 723 105 39 finis
1075 723 187 39 intrinsecus,
1228 723 59 39 &
1251 723 105 39 actum

780 752 135 38 alterius
881 752 169 38 facultatis,
1016 752 90 38 quem
1072 752 135 38 dirigit,
1174 752 79 38 qui
1219 752 79 38 est
1252 752 79 38 finis

786 786 208 35 extrinsecus:
955 786 65 35 &
981 786 91 35 sic
1033 786 169 35 concedunt
1164 786 156 35 Logicam,
1268 786 65 35 Re-

781 820 155 36 thoricam
898 820 130 36 etiam,
988 820 104 36 esse
1053 820 168 36 scientiam
1170 820 155 36 Practicam.

803 852 106 38 Hoc
863 852 136 38 autem
954 852 181 38 probant.
1090 852 106 38 Tum
1150 852 121 38 quia
1210 852 121 38 Logica

782 877 87 47 cum
831 877 87 47 sit
881 877 112 47 modus
956 877 150 47 sciendi,
1068 877 112 47 vltra
1143 877 150 47 proprium
1243 877 87 47 actum

779 923 146 42 extendit
888 923 73 42 se
925 923 73 42 ad
961 923 109 42 actus
1034 923 134 42 aliarum
1131 923 182 42 scientiarum
1264 923 61 42 per

784 955 117 45 modum
862 955 156 45 regulae,
979 955 65 45 &
1005 955 91 45 hoc
1057 955 156 45 sufficit
1173 955 78 45 ad
1199 955 130 45 rationem

781 989 169 35 practici,
911 989 91 35 Tum
963 989 104 35 quia
1028 989 130 35 Logica
1120 989 91 35 non
1172 989 91 35 est
1211 989 117 35 inuenta

787 1023 134 35 propter
884 1023 110 35 actum
957 1023 158 35 proprium,
1079 1023 97 35 quem
1140 1023 122 35 elicit
1213 1023 110 35 tantum,

777 1059 86 35 sed
826 1059 110 35 etiam
899 1059 135 35 propter
997 1059 110 35 actum
1071 1059 135 35 aliarum
1157 1059 172 35 scientiarum,

779 1088 97 36 quas
839 1088 145 36 dirigit,
948 1088 72 36 in
984 1088 84 36 hoc
1032 1088 109 36 autem
1105 1088 193 36 distinguitur
1250 1088 72 36 spe-

776 1124 161 38 culatiuum
900 1124 62 38 a
925 1124 161 38 practico,
1049 1124 99 38 quia
1111 1124 199 38 speculatiuum
1260 1124 62 38 est

780 1157 120 40 gratia
864 1157 84 40 sui
912 1157 108 40 actus
985 1157 133 40 eliciti
1081 1157 133 40 tantum.
1177 1157 84 40 Tum
1226 1157 96 40 quia
1274 1157 48 40 Lo

777 1187 101 45 gica
841 1187 114 45 facit
917 1187 101 45 suum
980 1187 165 45 obiectum,
1107 1187 127 45 docens
1183 1187 139 45 conficere

775 1229 212 40 svllogismum,
947 1229 238 40 enuntiationem,
1145 1229 66 40 &
1171 1229 145 40 caetera
1264 1229 66 40 en-

783 1255 97 41 tia,
844 1255 73 41 de
880 1255 121 41 quibus
965 1255 97 41 est:
1026 1255 182 41 speculatiua
1171 1255 97 41 vero
1232 1255 85 41 non
1268 1255 61 41 fa-

777 1291 96 39 cit
832 1291 110 39 suum
901 1291 178 39 obiectum.
1037 1291 96 39 Tum
1092 1291 123 39 etiam
1174 1291 110 39 quia
1229 1291 96 39 nulla

776 1323 148 40 scientia
887 1323 185 40 speculatiua
1035 1323 161 40 diuiditur
1158 1323 74 40 in
1183 1323 136 40 docentem,

772 1360 62 38 &
796 1360 148 38 vtentem,
907 1360 111 38 sicut
981 1360 160 38 diuiditur
1104 1360 136 38 Logica,
1203 1360 99 38 ergo
1252 1360 74 38 erit

778 1392 158 39 Practica,
899 1392 158 39 similiter
1021 1392 61 39 &
1045 1392 170 39 Rethorica,
1179 1392 97 39 quae
1228 1392 97 39 sequi-

773 1421 99 41 tur
815 1421 99 41 illam

796 1456 100 46 Haec
859 1456 125 46 opinio
947 1456 125 46 multum
1035 1456 125 46 deuiat
1122 1456 63 46 a
1147 1456 163 46 veritate,
1260 1456 63 46 est

775 1490 101 41 enim
839 1490 114 41 primo
914 1490 139 41 falsum,
1016 1490 101 41 quod
1079 1490 126 41 dicunt
1167 1490 76 41 ad
1193 1490 126 41 rationem

768 1520 136 40 habitus
867 1520 148 40 Practici
978 1520 173 40 sufficere,
1114 1520 99 40 quod
1176 1520 74 40 se
1200 1520 124 40 extendat

767 1562 79 37 ad
806 1562 118 37 actum
885 1562 158 37 alterius
1003 1562 158 37 habitus;
1122 1562 79 37 ad
1161 1562 105 37 quod
1214 1562 105 37 seque-

776 1594 90 35 tur
827 1594 128 35 magnum
917 1594 205 35 inconueniens
1083 1594 166 35 scilicet,
1211 1594 102 35 quod
1262 1594 64 35 ra-

774 1628 85 44 tio
823 1628 146 44 Practici
932 1628 73 44 ex
969 1628 110 44 parte
1042 1628 134 44 habitus
1140 1628 171 44 praeueniat
1262 1628 61 44 ra-

773 1658 121 47 tionem
858 1658 145 47 Practici
967 1658 133 47 ratione
1064 1658 194 47 intellectus,
1221 1658 97 47 quod
1270 1658 48 47 pa

775 1692 79 38 tet
820 1692 113 38 falsum
899 1692 90 38 esse
955 1692 68 38 ex
989 1692 113 38 dictis
1068 1692 101 38 supra
1136 1692 68 38 in
1169 1692 101 38 primo
1226 1692 90 38 artic.

779 1725 193 38 Consequentia
936 1725 84 38 est
984 1725 108 38 nota,
1056 1725 96 38 quia
1116 1725 120 38 certum
1201 1725 96 38 est,
1249 1725 72 38 quod

772 1761 181 36 intellectus
917 1761 85 36 non
965 1761 85 36 fit
1014 1761 157 36 Practicus
1135 1761 145 36 sistendo
1231 1761 85 36 intra

767 1791 88 45 se,
818 1791 215 45 quantumcunque
995 1791 126 45 habeat
1083 1791 152 45 diuersos
1197 1791 152 45 habitus,

777 1822 86 41 sed
826 1822 111 41 debet
900 1822 172 41 necessario
1035 1822 74 41 se
1072 1822 160 41 extendere
1195 1822 74 41 ad
1232 1822 111 41 actum

769 1858 150 46 alterius
882 1858 175 46 potentiae;
1020 1858 100 46 nunc
1082 1858 113 46 autem
1157 1858 150 46 extensio
1257 1858 63 46 ha-

769 1894 112 33 bitus
843 1894 87 33 cum
893 1894 87 33 sit
943 1894 75 33 in
980 1894 112 33 eadem
1055 1894 150 33 potentia
1167 1894 87 33 est
1217 1894 75 33 ad
1242 1894 75 33 ter-

765 1926 131 40 minum
853 1926 131 40 magis
940 1926 218 40 propinquum,
1114 1926 116 40 quam
1173 1926 145 40 extensio

767 1960 188 46 intellectus,
920 1960 94 46 quae
979 1960 82 46 fit
1026 1960 70 46 ad
1061 1960 106 46 actum
1131 1960 141 46 alterius
1225 1960 94 46 poten-

764 1995 110 33 tiae,
837 1995 61 33 &
862 1995 86 33 per
911 1995 171 33 consequens
1045 1995 110 33 prior
1119 1995 110 33 illa,
1192 1995 73 33 ex
1229 1995 86 33 quo
1266 1995 61 33 vi-

772 2027 104 41 detur
842 2027 104 41 sequi
911 2027 174 41 necessario,
1051 2027 93 41 quod
1108 2027 104 41 ratio
1178 2027 139 41 practici
1271 2027 46 41 ex

770 2064 110 48 parte
843 2064 135 48 habitus
941 2064 159 48 praecedat
1063 2064 147 48 rationem
1173 2064 147 48 Practici
1271 2064 49 48 ex
