1500 2318
197 162 108 62 citus
269 162 72 62 ab
305 162 72 62 eo
341 162 96 62 sint
401 162 108 62 idem,
473 162 108 62 sicut
546 162 108 62 patet
618 162 72 62 in
642 162 108 62 virtute

194 213 137 41 morali
290 213 96 41 vbi
345 213 137 41 medium
441 213 178 41 virtutis,
578 213 110 41 quod
633 213 123 41 videtur

193 251 98 43 esse
254 251 98 43 eius
315 251 159 43 obiectum,
437 251 85 43 non
486 251 85 43 est
534 251 122 43 aliud,
620 251 98 43 quam
669 251 85 43 actus

206 280 149 50 virtuosus
320 280 138 50 elicitus
424 280 57 50 a
435 280 115 50 virtute-

234 307 78 49 Ad
273 307 142 49 quartam
376 307 116 49 dico,
454 307 103 49 quod
518 307 90 49 nec
570 307 155 49 scientia
673 307 78 49 spe-

195 349 147 43 culatiua,
307 349 79 43 nec
353 349 135 43 practica
454 349 79 43 sic
499 349 158 43 diuiditur,
623 349 101 43 petit
679 349 68 43 ergo

195 378 92 45 sibi
253 378 104 45 solui
322 378 104 45 aliam
391 378 207 45 difficultatem,
564 378 69 45 de
598 378 81 45 qua
644 378 104 45 nihil
702 378 46 45 ac

195 417 159 41 praesens.
317 417 85 41 Vel
366 417 110 41 dico,
439 417 98 41 quod
500 417 110 41 etiam
573 417 146 41 scientia
671 417 85 41 specu

190 445 125 44 latiua
278 445 163 44 diuiditur
403 445 188 44 indocentem,
554 445 63 44 &
579 445 163 44 vtentem;,
691 445 63 44 vi-

198 487 117 34 demus
276 487 104 34 enim
341 487 104 34 quod
405 487 155 34 scientia
522 487 168 34 naturalis
651 487 91 34 est
690 487 65 34 do-

198 512 88 48 ces
249 512 76 48 in
287 512 114 48 primo
363 512 189 48 physicorum,
514 512 164 48 principia
628 512 126 48 corporis

197 547 155 48 mobilis,
313 547 65 48 &
339 547 116 48 tamen
417 547 129 48 Metaph
507 547 129 48 vtitur
598 547 91 48 ijs
650 547 78 48 in
688 547 78 48 7.
714 547 39 48 &

198 584 97 43 12.
254 584 138 43 Metaph
350 584 83 43 ad
392 584 208 43 declarandum
558 584 125 43 eadem
627 584 125 43 princi-

195 614 112 52 pia,
265 614 70 52 &
293 614 126 52 eodem
377 614 112 52 modo
447 614 210 52 philosophus
601 614 154 52 naturalis

197 655 135 42 vtitur
292 655 135 42 Metaph
387 655 81 42 in
427 655 122 42 primo
509 655 189 42 phisicorum
644 655 108 42 dispu-

196 683 125 50 tando
279 683 138 50 contra
376 683 208 50 Parmenidem,
542 683 69 50 &
556 683 152 50 Melissum.

233 712 77 46 Ad
272 712 128 46 illud,
362 712 103 46 quod
426 712 128 46 dicunt
516 712 77 46 de
554 712 167 46 Theologia
670 712 77 46 quod

196 752 109 44 habet
269 752 85 44 pro
317 752 97 44 fine
378 752 109 44 etiam
450 752 145 44 dirigere
559 752 109 44 actum
632 752 121 44 Fidei,
705 752 48 44 di

191 791 83 40 co
233 791 111 40 quod
302 791 97 40 non
358 791 97 40 est
413 791 139 40 omnino
510 791 139 40 verum:
607 791 97 40 Nam
649 791 97 40 quam-

199 816 86 47 uis
248 816 135 47 dirigat
346 816 110 47 actum
420 816 110 47 Fidei
493 816 74 47 in
530 816 147 47 docendo,
641 816 61 47 &
653 816 98 47 decla-

197 850 116 50 rando
274 850 167 50 veritates
403 850 77 50 de
441 850 90 50 suo
492 850 167 50 subiecto;
621 850 90 50 non
659 850 90 50 tamen

200 889 132 46 dirigit
296 889 96 46 eum,
356 889 156 46 regulando
476 889 120 46 ipsum,
560 889 84 46 sed
608 889 108 46 magis
680 889 60 46 e
692 889 60 46 con

198 918 109 43 uerso
270 918 97 43 quia
331 918 157 43 Theologia
452 918 133 43 accipit
548 918 60 43 a
573 918 97 43 fide
633 918 97 43 illa
681 918 73 43 prin

197 954 130 45 cipia,
288 954 130 45 quibus
379 954 143 45 regulat
483 954 117 45 totum
561 954 104 45 suum
613 954 143 45 processum

198 988 71 42 vt
234 988 142 42 superius
340 988 165 42 declaratum
470 988 94 42 fuit
529 988 71 42 in
564 988 118 42 tertia
635 988 118 42 quaestio

194 1023 96 40 ne,
249 1023 165 40 concesso
373 1023 124 40 tamen
455 1023 178 40 argumento
592 1023 124 40 eorum
661 1023 96 40 adhuc

194 1053 94 41 non
247 1053 134 41 habent
341 1053 174 41 intentum,
475 1053 107 41 quia
542 1053 121 41 actus
622 1053 121 41 Fidei
689 1053 67 41 non

194 1092 85 43 est
242 1092 145 43 factiuus
351 1092 133 43 obiecti
448 1092 182 43 Theologiae,
594 1092 97 43 ideo
654 1092 85 43 non
690 1092 61 43 po-

199 1127 89 38 test
254 1127 66 38 ex
288 1127 78 38 hoc
332 1127 111 38 argui,
409 1127 89 38 quod
465 1127 78 38 sit
509 1127 144 38 practica,
620 1127 100 38 licet
675 1127 78 38 diri-

197 1153 88 50 gat
248 1153 126 50 ipsum;
336 1153 88 50 non
386 1153 101 50 enim
449 1153 113 50 satis
525 1153 88 50 est
575 1153 164 50 dirigere,
688 1153 63 50 sed

192 1186 143 53 oportet
296 1186 156 53 dirigere
413 1186 143 53 propter
505 1186 143 53 actionem.

228 1255 320 51 ARTICVLVS
450 1255 270 51 QV.ARTVS.

188 1321 81 43 An
229 1321 176 43 Theologia
365 1321 217 43 complectatur
541 1321 163 43 vtrumque
663 1321 122 43 finem

235 1359 137 56 praxis,
334 1359 62 56 &
359 1359 211 56 speculatiuae,
533 1359 62 56 &
558 1359 124 56 possit
632 1359 87 56 deno-

330 1391 141 48 minari
429 1391 155 48 vtroque
527 1391 99 48 modo.

278 1622 68 43 D
306 1622 96 43 hoc
360 1622 191 43 respondent
510 1622 136 43 aliqui
592 1622 164 43 affirmati-

185 1639 112 73 ue,
249 1639 128 73 quod
329 1639 176 73 probant
442 1639 208 73 dupliciter.

232 1693 60 38 1
256 1693 97 38 Illa
316 1693 157 38 scientia,
437 1693 109 38 cuius
510 1693 145 38 formalis
618 1693 109 38 ratio
679 1693 72 38 con-

198 1727 163 40 siderandi
324 1727 151 40 continet
437 1727 88 40 sub
487 1727 75 40 se
525 1727 88 40 non
575 1727 113 40 solum
638 1727 113 40 specula

196 1761 110 40 bilia,
273 1761 77 40 sed
317 1761 99 40 etiam
384 1761 144 40 agibilia,
494 1761 77 40 est
538 1761 99 40 simul
604 1761 144 40 practica,
715 1761 55 40 &

191 1797 214 44 speculatiua,
365 1797 174 44 Theologia
499 1797 94 44 est
552 1797 174 44 huiusmodi
673 1797 80 44 ergo

195 1824 95 46 &c.
249 1824 122 46 Maior
330 1824 95 46 est
384 1824 122 46 nota:
465 1824 122 46 Minor
546 1824 176 46 probatur,
667 1824 81 46 quia

189 1860 151 46 formalis
302 1860 113 46 ratio
378 1860 201 46 considerandi
541 1860 75 46 in
578 1860 163 46 Theologia
691 1860 63 46 est

194 1894 218 49 reuelabilitas,
376 1894 97 49 quae
437 1894 121 49 quidem
521 1894 146 49 extendit
631 1894 73 49 se
667 1894 73 49 ad
691 1894 61 49 spe

192 1928 160 47 culabilia,
318 1928 57 47 &
341 1928 69 47 ad
375 1928 149 47 agibilia.

195 1959 68 42 2
223 1959 176 42 Theologia
358 1959 136 42 nostra
453 1959 95 42 est
507 1959 122 42 imago
588 1959 149 42 diuinae
683 1959 68 42 sa-

197 1995 138 47 pientiae
301 1995 81 47 sed
347 1995 138 47 scientia
451 1995 81 47 Dei
497 1995 81 47 vna
543 1995 150 47 existens,
659 1995 81 47 est
693 1995 58 47 si-

195 2033 84 41 mul
243 2033 157 41 practica,
364 2033 60 41 &
388 2033 193 41 speculatiua;
544 2033 145 41 practica
641 2033 108 41 quidem,

187 2069 153 50 respectu
302 2069 127 50 eorum,
391 2069 102 50 quae
455 2069 127 50 facit,
544 2069 191 50 speculatiua
684 2069 64 50 ve

768 159 75 61 ro
806 159 151 61 respectu
919 159 88 61 sui
970 159 101 61 ergo
1033 159 113 61 etiam
1108 159 164 61 Theologia
1221 159 101 61 nostra

771 210 87 46 vna
820 210 148 46 existens
931 210 136 46 poterit
1030 210 99 46 esse
1092 210 111 46 simul
1166 210 161 46 practica,
1290 210 62 46 &

767 244 211 36 speculatiua.
938 244 132 36 Addunt
1031 244 132 36 tamen,
1123 244 106 36 quod
1176 244 145 36 principa-

766 279 95 41 lius
826 279 83 41 est
873 279 191 41 speculatiua,
1028 279 95 41 quam
1088 279 143 41 practica
1195 279 95 41 quia
1243 279 83 41 prir-

771 311 147 36 cipalius
881 311 172 36 considerat
1016 311 74 36 de
1053 311 135 36 diuinis
1151 311 98 36 quam
1213 311 74 36 de
1237 311 86 36 acti-

751 346 201 48 bus
837 346 287 48 humanis.

798 378 100 48 Haec
860 378 125 48 opinio
947 378 87 48 non
997 378 125 48 potest
1084 378 112 48 stare
1159 378 137 48 propter
1246 378 75 48 duo-

770 413 121 45 Primo,
855 413 97 45 quia
915 413 73 45 in
952 413 73 45 se
988 413 133 45 videtur
1085 413 206 45 impossibilis.
1242 413 85 45 Secun

766 451 83 37 do
808 451 110 37 quia
877 451 166 37 repugnat
1001 451 138 37 dictis
1084 451 179 37 opinantium.

806 482 144 36 Quod
896 482 126 36 sit
968 482 289 36 impossibilis
1185 482 144 36 patet.

795 516 66 37 1
821 516 105 37 Quia
887 516 79 37 ad
926 516 92 37 eam
979 516 171 37 sequitur,
1111 516 105 37 quod
1176 516 105 37 duae
1229 516 92 37 diffe

763 544 135 48 rentiae
861 544 184 48 essentiales
1008 544 171 48 diuidentes
1142 544 110 48 genus
1216 544 73 48 ex
1240 544 86 48 oppo-

768 582 98 36 sito
829 582 135 36 possint
927 582 159 36 conuenire
1049 582 110 36 eidem
1122 582 147 36 speciei:
1220 582 98 36 conse-

778 618 119 42 uentia
861 618 83 42 est
909 618 95 42 nota
968 618 71 42 ex
1004 618 190 42 superioribus
1159 618 131 42 dictis;
1242 618 83 42 osten

765 650 91 44 sum
817 650 91 44 est
869 650 117 44 enim,
946 650 104 44 quod
1011 650 181 44 practicum,
1154 650 65 44 &
1167 650 155 44 speculati-

774 682 79 39 uum
819 682 91 39 sunt
876 682 91 39 duae
933 682 182 39 differentiae
1080 682 182 39 essentiales,
1228 682 68 39 vt
1262 682 68 39 se
1285 682 45 39 te

764 721 100 36 nent
827 721 75 36 ex
865 721 113 36 parte
940 721 176 36 scientiae:
1078 721 100 36 Dato
1141 721 113 36 etiam
1216 721 100 36 quod
1266 721 63 36 es-

764 750 100 35 sent
827 750 163 35 passiones
953 750 113 35 adhuc
1028 750 151 35 sequitur
1141 750 113 35 idem,
1216 750 100 35 quia
1266 750 63 35 nec

771 784 111 48 etiam
845 784 111 48 duae.
919 784 160 48 passiones
1042 784 197 48 consequentes
1202 784 123 48 formas
1276 784 49 48 es

764 818 151 42 sentiales
881 818 128 42 possunt
974 818 151 42 conuenire
1090 818 105 42 eidem
1160 818 140 42 speciei,
1253 818 70 42 quam

772 851 74 49 do
809 851 99 49 sunt
871 851 174 49 oppositae.
1007 851 149 49 Accedit,
1119 851 99 49 quod
1181 851 87 49 non
1218 851 112 49 possunt

772 885 143 43 saluare,
880 885 96 43 quod
939 885 155 43 Theologia
1059 885 84 43 sit
1107 885 84 43 vna
1155 885 155 43 scientia;
1262 885 60 43 non

764 920 113 33 enim
835 920 155 33 propter
948 920 113 33 vnam
1018 920 170 33 rationem
1145 920 170 33 formalem
1258 920 71 33 con

765 953 171 38 siderandi
897 953 105 38 quia
962 953 184 38 practicum,
1107 953 66 38 &
1120 953 198 38 speculatiuum,

767 989 96 36 cum
822 989 165 36 diuidant
946 989 178 36 scientiam
1083 989 82 36 in
1124 989 165 36 communi,
1248 989 69 36 &
1261 989 69 36 im-

770 1020 156 38 mediato,
887 1020 91 38 non
939 1020 143 38 possunt
1043 1020 130 38 reduci
1133 1020 78 38 ad
1172 1020 143 38 aliquam
1263 1020 65 38 ra-

768 1055 151 43 tionem
874 1055 182 43 communem
1010 1055 197 43 contentam
1161 1055 106 43 sub
1207 1055 121 43 genere

775 1086 160 48 icientiae,
900 1086 103 48 sicut
968 1086 160 48 rationale,
1094 1086 57 48 &
1117 1086 182 48 irrationale,
1254 1086 68 48 quia

773 1124 157 43 diuidunt
891 1124 262 43 animalimmediate;
1114 1124 92 43 non
1167 1124 144 43 possunt
1258 1124 66 43 re-

771 1158 113 38 duci
842 1158 85 38 ad
884 1158 156 38 aliquam
997 1158 170 38 rationem
1125 1158 170 38 communem
1238 1158 85 38 con-

779 1189 123 43 tentam
865 1189 86 43 sub
914 1189 147 43 animali.

779 1223 68 41 2
807 1223 82 41 Si
848 1223 151 41 possunt
957 1223 151 41 saluare
1067 1223 192 41 Theologiam
1217 1223 110 41 esse
1272 1223 55 41 v-

770 1257 86 37 nam
819 1257 160 37 scientiam
942 1257 86 37 non
992 1257 148 37 obstante
1103 1257 185 37 diuersitate
1239 1257 86 37 inter

772 1289 197 40 speculabilia,
935 1289 58 40 &
958 1289 174 40 operabilia,
1098 1289 93 40 pari
1156 1289 128 40 ratione
1237 1289 93 40 salua-

774 1328 116 35 bunt,
851 1328 103 35 quod
916 1328 206 35 Metaphysica,
1083 1328 64 35 &
1108 1328 141 35 moralis
1198 1328 129 35 scientia

774 1360 142 44 possint
877 1360 103 44 dici
942 1360 103 44 vna,
1006 1360 90 44 imo
1058 1360 103 44 quod
1123 1360 116 44 omnes
1187 1360 142 44 scientiae

772 1395 93 34 sint
830 1395 93 34 vna,
888 1395 93 34 quia
947 1395 128 34 frustra
1039 1395 81 34 fit
1086 1395 81 34 per
1132 1395 116 34 plura,
1214 1395 93 34 quod
1260 1395 58 34 po-

774 1427 98 36 test
835 1427 110 36 fieri
908 1427 86 36 per
957 1427 159 36 pauciora.
1079 1427 86 36 Nam
1128 1427 73 36 si
1165 1427 135 36 dicant,
1251 1427 73 36 quod

774 1460 87 45 vna
823 1460 148 45 formalis
934 1460 111 45 ratio
1009 1460 198 45 considerandi
1169 1460 161 45 sufficiat
1281 1460 49 45 ad

770 1491 239 36 constituendam
967 1491 197 36 Theologiam
1122 1491 127 36 vnam,
1206 1491 113 36 quae
1263 1491 70 36 est

777 1527 106 34 ratio
848 1527 189 34 reuelabilis,
1001 1527 59 34 a
1025 1527 94 34 pari
1084 1527 106 34 dicam
1154 1527 94 34 ego,
1213 1527 94 34 quod
1260 1527 71 34 suf-

767 1563 107 43 ficit
838 1563 83 43 vna
886 1563 142 43 formalis
992 1563 107 43 ratio
1063 1563 190 43 cognoscendi,
1217 1563 95 43 quae
1265 1563 59 43 est

767 1596 106 35 ratio
838 1596 153 35 naturalis
956 1596 248 35 cognoscibilitatis
1168 1596 71 35 ad
1192 1596 141 35 constitue-

770 1629 97 43 dam
826 1629 111 43 vnam
895 1629 180 43 scientiam
1034 1629 83 43 ex
1075 1629 153 43 morali,
1186 1629 69 43 &
1200 1629 125 43 Metaphy

770 1660 118 37 sica,
849 1660 92 37 vel
901 1660 118 37 etiam
980 1660 79 37 ex
1007 1660 118 37 omnibus

805 1697 66 42 3
831 1697 172 42 Repugnant
963 1697 119 42 autem
1042 1697 106 42 sibi
1109 1697 132 42 ipsis;
1201 1697 92 42 nam
1241 1697 92 42 inqui

773 1727 133 40 rentes
866 1727 80 40 de
905 1727 159 40 subiecto
1025 1727 186 40 Theologiae
1171 1727 133 40 vnicum
1250 1727 80 40 sta-

769 1768 111 37 tuunt
843 1768 173 37 subiectum,
979 1768 148 37 scilicet
1090 1768 111 37 Deum,
1164 1768 87 37 hic
1214 1768 99 37 vero
1263 1768 62 37 dat

771 1796 94 37 sibi
830 1796 106 37 plura
901 1796 141 37 subiecta
1007 1796 141 37 scilicet
1113 1796 165 37 operabile,
1243 1796 59 37 &
1254 1796 83 37 specu

770 1827 145 41 labile,
875 1827 105 41 quod
941 1827 92 41 est
993 1827 131 41 contra
1085 1827 105 41 eos.
1151 1827 131 41 Iterum
1230 1827 105 41 ibidem

769 1860 143 45 volunt,
873 1860 104 45 quod
938 1860 104 45 Deus
1003 1860 91 45 sit
1056 1860 169 45 subiectum
1173 1860 156 45 Theologiae

768 1894 178 48 inquantum
905 1894 123 48 Deus,
988 1894 69 48 &
1015 1894 96 48 per
1070 1894 192 48 consequens
1220 1894 96 48 vel
1262 1894 69 48 ra-

767 1924 82 46 tio
814 1924 176 46 reuelabilis
955 1924 82 46 non
1003 1924 82 46 est
1050 1924 141 46 formalis
1156 1924 106 46 ratio
1214 1924 118 46 conside-

767 1966 124 32 randi,
853 1966 87 32 vel
903 1966 87 32 non
953 1966 112 32 debet
1027 1966 74 32 in
1064 1966 124 32 aliquo
1151 1966 99 32 alio
1213 1966 112 32 extra
1275 1966 62 32 hoc

765 1996 179 47 subiectum,
906 1996 103 47 quod
970 1996 90 47 est
1021 1996 115 47 Deus,
1098 1996 167 47 inueniri:
1214 1996 115 47 Constat

775 2032 116 36 tamen
853 2032 116 36 multa
930 2032 142 36 praeter
1033 2032 103 36 Deum
1098 2032 103 36 esse
1149 2032 181 36 reuelabilia.

794 2064 159 55 Nonnulli
913 2064 106 55 alij
979 2064 199 55 sustinentes
1138 2064 93 55 hac
1178 2064 159 55 conclusio
