1500 2344
126 172 88 56 men
177 172 100 56 Deus
239 172 88 56 sit
290 172 88 56 ibi
340 172 176 56 subiectum,
478 172 100 56 quod
540 172 125 56 patet,
616 172 75 56 quia

130 221 91 44 illa
186 221 148 44 scientia,
300 221 91 44 quae
357 221 136 44 intendit
459 221 193 44 principaliter
607 221 79 44 dile-

130 252 140 39 ctionem
232 252 89 39 Dei
283 252 89 39 non
335 252 153 39 intendit
449 252 77 39 de
488 252 89 39 Deo
539 252 102 39 nisi
590 252 102 39 inquam

126 288 86 48 tum
175 288 159 48 dilectus,
297 288 86 48 vel
347 288 196 48 diligibilis,
506 288 61 48 &
518 288 172 48 consequenter

120 321 87 38 non
169 321 150 38 intendit
282 321 75 38 de
319 321 100 38 illo
382 321 150 38 secundum
494 321 87 38 se,
544 321 87 38 sed
582 321 112 38 propter

126 356 205 36 dilectionem,
292 356 102 36 vnde
356 356 166 36 dilectio,
484 356 64 36 &
510 356 90 36 non
561 356 102 36 Deus
612 356 77 36 erit

123 388 198 45 subiectum
275 388 91 45 in
305 388 61 45 ea

158 423 66 41 3
184 423 145 41 Arguunt
290 423 171 41 iuniores,
421 423 105 41 quod
487 423 79 41 si
527 423 119 41 finis
606 423 119 41 Theo¬

127 451 121 46 logiae
212 451 109 46 esset
285 451 158 46 dilectio,
406 451 97 46 pari
467 451 133 46 ratione
564 451 61 46 &
576 451 121 46 cuiuscun

123 490 88 44 que
174 490 151 44 alterius
287 490 176 44 scientiae,
426 490 151 44 siquidem
539 490 76 44 in
564 490 126 44 qualibet

124 526 150 38 scientia
236 526 125 38 potest
323 526 137 38 aliquis
423 526 150 38 consequi
522 526 175 38 dilectionem,

134 558 62 40 &
158 558 210 40 delectationem
331 558 74 40 ex
369 558 198 40 speculatione
529 558 87 40 sui
566 558 124 40 obiecti.

144 592 144 54 Tandem
244 592 158 54 arguunt
359 592 144 54 quidam
460 592 115 54 alij
517 592 173 54 conclusio-

122 628 111 42 nem
170 628 158 42 nostram.

158 661 113 37 Primo
234 661 100 37 quia
296 661 138 37 diuersi
396 661 138 37 habitus
497 661 125 37 specie
572 661 125 37 differe-

128 696 96 36 tes
183 696 96 36 non
238 696 150 36 possunt
347 696 137 36 habere
443 696 137 36 eundem
539 696 123 36 finem
607 696 82 36 pro-

131 730 128 44 prium,
221 730 90 44 sed
272 730 141 44 habitus
375 730 193 44 charitatis,
529 730 64 44 &
542 730 154 44 Theologiae

125 762 101 48 sunt
189 762 127 48 specie
278 762 203 48 differentes,
442 762 101 48 ergo
506 762 89 48 &c.
557 762 89 48 cum
595 762 101 48 igitur

137 798 148 40 dilectio,
251 798 126 40 ponatur
342 798 103 40 finis
411 798 137 40 proprius
513 798 171 40 charitatis,
639 798 57 40 non

127 833 147 45 poterit
234 833 107 45 esse
300 833 160 45 proprius
421 833 187 45 Theologiae
554 833 147 45 denominan

129 866 111 41 do
166 866 93 41 eam

159 892 65 53 2
185 892 117 53 Finis
263 892 156 53 proprius
380 892 195 53 cuiuscunque
535 892 143 53 habitus
626 892 65 53 ess

127 931 120 53 actus,
211 931 84 53 qui
259 931 120 53 potest
342 931 108 53 elici
414 931 72 53 ab
450 931 132 53 habitu,
546 931 72 53 vt
581 931 108 53 patet
641 931 60 53 di-

129 966 164 38 scurrendo
256 966 88 38 per
306 966 152 38 singulas
420 966 177 38 scientias;
559 966 114 38 Finis
622 966 76 38 pru-

134 1002 129 46 dentiae
228 1002 94 46 enim
287 1002 82 46 est
334 1002 153 46 dirigere,
451 1002 94 46 quia
510 1002 141 46 directio
604 1002 94 46 elici-

135 1037 83 36 tur
182 1037 59 36 a
206 1037 165 36 prudentia,
336 1037 83 36 sed
383 1037 142 36 dilectio
489 1037 83 36 non
537 1037 83 36 est
584 1037 106 36 actus
643 1037 59 36 eli

130 1069 107 44 citus
201 1069 71 44 ab
237 1069 119 44 habitu
320 1069 178 44 Theologiae,
462 1069 83 44 cum
509 1069 95 44 ista
569 1069 83 44 sit
616 1069 71 44 in
640 1069 59 44 in-

130 1106 160 42 tellectu,
253 1106 61 42 &
277 1106 98 42 illa
339 1106 74 42 in
375 1106 172 42 voluntate,
510 1106 98 42 ergo
560 1106 61 42 &c.

143 1138 67 43 3
169 1138 81 43 Si
210 1138 162 43 dilectio
331 1138 94 43 Dei
385 1138 121 43 esset
466 1138 121 43 finis
533 1138 162 43 Theologiae

128 1172 128 42 nullus
218 1172 128 42 posset
308 1172 154 42 diligere
423 1172 103 42 Deum
487 1172 103 42 nisi
551 1172 90 42 per
590 1172 115 42 habitum

131 1205 205 39 Theologiae,
295 1205 109 39 quod
364 1205 96 39 est
418 1205 150 39 falsum.
514 1205 191 39 Consequentia

131 1240 163 45 probatur,
257 1240 100 45 quia
319 1240 113 45 finis
394 1240 150 45 proprius
507 1240 150 45 alicuius
607 1240 88 45 habi-

135 1273 83 44 tus
183 1273 83 44 non
230 1273 119 44 potest
314 1273 119 44 haberi
397 1273 95 44 sine
457 1273 95 44 tali
516 1273 131 44 habitu,
612 1273 107 44 alio¬

133 1307 106 51 quin
199 1307 92 51 non
252 1307 119 51 esset
318 1307 145 51 proprius.

168 1338 91 43 His
220 1338 91 43 non
272 1338 195 43 obstantibus
428 1338 156 43 veriorem
544 1338 130 43 iudico
622 1338 78 43 sen-

131 1379 142 39 tentiam
235 1379 78 39 D.
273 1379 155 39 AEgidij,
390 1379 65 39 &
416 1379 155 39 confirmo
532 1379 103 39 eius
584 1379 116 39 conclu-

139 1409 160 48 clusionem
261 1409 135 48 duplici
347 1409 123 48 ratione.

172 1446 61 41 1
196 1446 98 41 Ille
257 1446 122 41 actus,
342 1446 85 41 qui
391 1446 146 41 attingit
501 1446 146 41 obiectum
598 1446 98 41 alicu-

130 1479 89 46 ius
181 1479 139 46 habitus
282 1479 190 46 nobilissimo
434 1479 114 46 modo,
510 1479 89 46 quo
561 1479 127 46 potest
637 1479 63 46 at-

138 1518 107 41 tingi,
213 1518 75 41 est
256 1518 97 41 finis
321 1518 107 41 illius
396 1518 129 41 habitus,
492 1518 75 41 sed
535 1518 97 41 actus
589 1518 107 41 dilectio

137 1544 87 45 nis
186 1544 149 45 attingit
298 1544 149 45 obiectum
410 1544 174 45 Theologiae
534 1544 162 45 nobilissimo

135 1581 109 41 modo,
207 1581 84 41 quo
256 1581 121 41 potest
340 1581 145 41 attingi;
449 1581 97 41 ergo
509 1581 181 41 simpliciter
642 1581 60 41 est

134 1618 113 40 finis
210 1618 126 40 ipsius
298 1618 139 40 Maiorem
399 1618 126 40 probo,
487 1618 101 40 quia
550 1618 126 40 vltima
625 1618 76 40 per-

136 1652 138 36 fectio,
236 1652 75 36 ad
273 1652 100 36 uaam
336 1652 138 36 videtur
436 1652 150 36 ordinari
548 1652 138 36 habitus
636 1652 63 36 tan

139 1683 102 37 quam
203 1683 77 37 ad
241 1683 115 37 finem
318 1683 204 37 simpliciter,
484 1683 89 37 est
535 1683 77 37 vt
573 1683 102 37 suum
624 1683 77 37 obie

140 1715 104 50 ctum
205 1715 156 50 attingat
322 1715 195 50 nobilissimo
477 1715 117 50 modo,
555 1715 91 50 quo
594 1715 104 50 potest

132 1749 151 44 attingi
242 1749 82 44 ab
283 1749 151 44 habente
393 1749 165 44 habitum,
517 1749 151 44 videmus
613 1749 82 44 enim

139 1783 99 40 quod
201 1783 99 40 ideo
263 1783 174 40 speculatio
400 1783 87 40 est
449 1783 112 40 finis
524 1783 137 40 habitus
611 1783 87 40 specu

139 1824 139 34 latiui,
240 1824 101 34 quia
303 1824 88 34 per
354 1824 88 34 eam
404 1824 177 34 attingitur
543 1824 151 34 obiectum
644 1824 63 34 il-

137 1851 96 44 lius
197 1851 132 44 habitus
294 1851 217 44 perfectissime;
474 1851 60 44 &
498 1851 120 44 praxis
583 1851 84 44 est
619 1851 84 44 finis

135 1886 161 48 practici
255 1886 148 48 habitus
363 1886 148 48 propter
470 1886 134 48 eandem
550 1886 148 48 rationem,

146 1917 94 43 vnde
205 1917 165 43 speculatio
335 1917 82 43 non
382 1917 82 43 est
429 1917 106 43 finis
500 1917 130 43 praxis,
594 1917 94 43 quia
641 1917 59 43 por

144 1958 92 35 eam
196 1958 92 35 non
249 1958 183 35 attingitur
393 1958 157 35 obiectum
511 1958 157 35 practici
615 1958 92 35 habi-

141 1986 82 43 tus
188 1986 152 43 perfecte,
305 1986 70 43 vt
340 1986 117 43 potest
421 1986 140 43 attingi;
526 1986 105 43 Probo
584 1986 117 43 minorem,

137 2028 95 33 nam
192 2028 162 33 secundum
313 2028 122 33 omnes
394 2028 162 33 dilectio
516 2028 81 33 in
556 2028 95 33 via
610 2028 95 33 est
651 2028 54 33 me

135 2057 102 54 lior
199 2057 102 54 ipsa
263 2057 218 54 speculatione,
442 2057 102 54 immo
506 2057 179 54 concedunt,
634 2057 77 54 quod

707 176 84 52 sit
755 176 216 52 perfectissimus
935 176 120 52 actus,
1020 176 84 52 qui
1068 176 120 52 possit
1152 176 120 52 haberi
1224 176 48 52 de

710 220 88 41 Deo
761 220 76 41 in
799 220 101 41 via,
862 220 63 41 &
887 220 88 41 per
938 220 177 41 consequens
1077 220 152 41 dilectio
1178 220 101 41 attin-

705 259 93 45 git
758 259 159 45 obiectum
877 259 145 45 Theolog
982 259 93 45 ae,
1035 259 106 45 quod
1101 259 93 45 est
1154 259 106 45 Deus
1207 259 66 45 pre

710 287 192 51 stantissimo
864 287 115 51 modo,
940 287 90 51 quo
992 287 128 51 potest
1081 287 64 51 a
1107 287 115 51 nobis
1183 287 77 51 in
1209 287 64 51 via

693 322 133 43 attingi.

733 357 66 47 2
759 357 118 47 Finis
838 357 183 47 Theologiae
982 357 92 47 vel
1034 357 92 47 est
1087 357 105 47 pura
1139 357 131 47 specula-

708 389 95 39 tio,
768 389 84 39 vel
815 389 95 39 pura
875 389 155 39 operatio,
995 389 84 39 vel
1042 389 167 39 speculatio
1162 389 119 39 simplici

711 427 104 40 ter,
776 427 65 40 &
802 427 157 40 operatio
920 427 157 40 secundum
1037 427 117 40 quid,
1115 427 65 40 &
1142 427 65 40 e
1155 427 117 40 conuer-

704 451 84 54 so,
752 451 84 54 vel
800 451 84 54 est
847 451 131 54 vtraque
943 451 107 54 eorum
1014 451 119 54 fimul,
1098 451 84 54 uel
1146 451 95 54 sola
1193 451 84 54 dile-

713 491 116 44 ctio,
791 491 91 44 sed
842 491 129 44 nullus
933 491 142 44 istorum
1036 491 155 44 modorum,
1140 491 129 44 continer

708 526 166 35 veritatem,
839 526 95 35 nisi
898 526 142 35 vltimus,
1005 526 95 35 ergo
1064 526 83 35 &c.
1112 526 107 35 Maior
1183 526 83 35 est
1219 526 59 35 non

713 559 92 42 ta,
765 559 105 42 quia
831 559 92 42 non
883 559 92 42 est
935 559 105 42 dare
1001 559 118 42 alium
1080 559 131 42 modum,
1171 559 92 42 quo
1210 559 79 42 pos-

715 592 119 49 simus
794 592 171 49 imaginari
926 592 119 49 finem
1004 592 145 49 ipsius.
1110 592 119 49 Minor
1176 592 105 49 proba-

708 627 107 52 tur
769 627 107 52 quo
830 627 92 52 ad
876 627 137 52 omnes
967 627 168 52 partes.
1089 627 107 52 Nam
1151 627 122 52 quod
1212 627 76 52 non

715 663 112 41 possit
793 663 90 41 esse
849 663 101 41 finis
917 663 112 41 ipsius
995 663 157 41 speculatio
1119 663 180 41 simpliciter,

718 694 151 48 apparet,
831 694 88 48 tum
882 694 100 48 quia
944 694 88 48 non
994 694 176 48 intenditur
1120 694 163 48 vniuersali-

718 731 89 39 ter
769 731 76 39 in
807 731 178 39 Theologia,
947 731 89 39 tum
998 731 114 39 etiam
1074 731 102 39 quia
1137 731 89 39 non
1175 731 102 39 inten-

716 762 116 37 deret
794 762 129 37 aliquo
884 762 103 37 modo
949 762 207 37 operationem,
1117 762 103 37 quod
1182 762 91 37 est
1220 762 65 37 fal

717 797 106 50 sum,
783 797 66 50 &
809 797 145 50 propter
915 797 132 50 easdem
1008 797 132 50 causas
1100 797 93 50 non
1153 797 132 50 potest
1232 797 53 50 di

716 833 89 42 ci,
767 833 102 42 quod
831 833 115 42 finis
907 833 178 42 Theologiae
1048 833 89 42 sit
1099 833 166 42 operatio.
1213 833 64 42 Non

711 864 86 40 est
760 864 173 40 speculatio
896 864 198 40 simpliciter,
1057 864 62 40 &
1081 864 148 40 operatio
1180 864 99 40 secun-

724 899 93 41 dum
777 899 119 41 quid,
856 899 106 41 quia
922 899 159 41 operatio
1041 899 119 41 nullo
1120 899 106 41 modo
1173 899 106 41 potest

713 932 128 43 reduci
803 932 77 43 ad
841 932 230 43 speculationem,
1032 932 115 43 sicut
1109 932 89 43 nec
1147 932 128 43 specula-

720 963 84 43 tio
768 963 72 43 ad
804 963 169 43 practicum,
937 963 84 43 cum
985 963 96 43 sint
1045 963 157 43 oppositae
1154 963 120 43 differen

715 1005 104 36 tiae,
785 1005 81 36 vel
831 1005 116 36 saltem
912 1005 185 36 proprietates
1063 1005 185 36 differentes;
1214 1005 58 36 &
1225 1005 58 36 per

713 1035 137 39 eandem
809 1035 164 39 rationem
932 1035 96 39 non
987 1035 137 39 potest
1082 1035 123 39 dici,
1164 1035 109 39 quod
1219 1035 68 39 sit

718 1073 153 40 operatio
833 1073 204 40 simpliciter,
999 1073 64 40 &
1025 1073 179 40 speculatio
1152 1073 128 40 secundum

719 1104 108 41 quid
786 1104 162 41 Confirmo
907 1104 175 41 rationem,
1042 1104 108 41 quia
1109 1104 94 41 tam
1149 1104 135 41 specula-

718 1140 97 42 tio,
779 1140 97 42 quam
839 1140 146 42 operatio
949 1140 146 42 videntur
1058 1140 170 42 necessaria
1192 1140 73 42 ad
1216 1140 61 42 com

715 1172 179 44 sequendam
853 1172 234 44 beatitudinem,
1045 1172 96 44 qua
1100 1172 151 44 propter
1197 1172 83 44 vnum

716 1204 121 41 eorum
796 1204 94 41 non
850 1204 188 41 intenditur
997 1204 148 41 propter
1105 1204 161 41 alterum,
1212 1204 67 41 se-

718 1240 122 42 quitur
803 1240 110 42 ergo,
876 1240 97 42 quod
937 1240 97 42 sola
998 1240 146 42 dilectio
1108 1240 85 42 sit
1144 1240 134 42 simplici-

718 1274 92 36 ter
770 1274 118 36 finis
849 1274 197 36 Theologiae;
1007 1274 92 36 nam
1060 1274 145 36 quamuis
1152 1274 131 36 specula-

720 1301 89 51 tio
771 1301 89 51 non
822 1301 127 51 possit
911 1301 127 51 reduci
1001 1301 76 51 ad
1039 1301 204 51 operationem,
1205 1301 89 51 nec
1243 1301 38 51 e

714 1341 180 38 conuerso,
852 1341 111 38 ambo
922 1341 124 38 tamen
1005 1341 194 38 reducuntur
1157 1341 83 38 ad
1184 1341 97 38 dile-

723 1373 149 44 ctionem,
834 1373 124 44 nullus
921 1373 99 44 enim
983 1373 137 44 istorum
1082 1373 112 44 valet
1157 1373 74 44 ad
1182 1373 99 44 beati-

713 1410 150 42 tudinem
822 1410 231 42 consequendam,
1013 1410 109 42 nifi
1081 1410 163 42 mediante
1190 1410 95 42 dile-

724 1444 140 40 ctione,
826 1444 76 40 vt
864 1444 127 40 dictum
954 1444 89 40 est
1005 1444 76 40 ex
1043 1444 102 40 diuo
1107 1444 127 40 Paulo,
1196 1444 64 40 &
1209 1444 76 40 ideo

714 1475 123 41 omnia
796 1475 150 41 mandata
906 1475 109 41 sunt
974 1475 150 41 tradita
1084 1475 150 41 propter
1179 1475 96 41 dile-

721 1511 157 41 ctionem
835 1511 172 41 secundum
964 1511 86 41 D.
1007 1511 172 41 loannem,
1136 1511 72 41 &
1164 1511 86 41 P.
1193 1511 86 41 Augu

723 1542 125 47 stinum
811 1542 75 47 in
849 1542 188 47 Enchiridion
1000 1542 100 47 cap.
1050 1542 75 47 vlt.

751 1579 100 38 Item
814 1579 100 38 tota
877 1579 176 38 speculatio
1015 1579 100 38 quae
1077 1579 88 38 est
1128 1579 125 38 homini
1203 1579 75 38 con-

722 1613 111 41 cessa
795 1613 74 41 de
832 1613 98 41 Deo,
894 1613 74 41 ad
931 1613 184 41 dilectionem
1078 1613 86 41 est
1127 1613 147 41 ordinata
1226 1613 61 41 se-

725 1648 136 38 cundum
820 1648 81 38 D.
861 1648 190 38 Augustinum
1010 1648 122 38 libro
1091 1648 81 38 de
1118 1648 163 38 cognitione

723 1677 111 41 Verae
797 1677 111 41 vitae
871 1677 111 41 circa
945 1677 173 41 principium
1081 1677 148 41 dicentem
1179 1677 99 41 perfe-

719 1715 139 48 ctionem
820 1715 139 48 naturae
921 1715 176 48 rationalis
1059 1715 76 48 in
1097 1715 88 48 hoc
1148 1715 113 48 solum
1210 1715 76 48 con-

720 1749 133 36 stare,
813 1749 80 36 vt
853 1749 160 36 factorem
973 1749 107 36 suum
1039 1749 120 36 verum
1119 1749 107 36 Deum
1172 1749 107 36 intel-

719 1783 117 40 ligat,
801 1783 188 40 intelligendo
954 1783 141 40 diligat,
1060 1783 59 40 &
1083 1783 153 40 diligendo
1201 1783 70 40 in
1224 1783 59 40 eo,

731 1818 80 40 qui
776 1818 80 40 est
822 1818 125 40 aeterna
913 1818 91 40 vita
970 1818 205 40 essentialiter,
1141 1818 137 40 perpetuo
1232 1818 57 40 vi-

726 1853 104 40 uat.
791 1853 78 40 Ex
830 1853 130 40 quibus
922 1853 144 40 apparet
1026 1853 104 40 quod
1091 1853 196 40 speculatio,
1248 1853 65 40 &

718 1883 150 42 operatio
830 1883 75 42 ad
867 1883 187 42 dilectionem
1017 1883 187 42 ordinantur,
1167 1883 100 42 ipsa
1217 1883 62 42 ve-

719 1921 79 36 ro
758 1921 158 36 dilectio
877 1921 171 36 immediate
1008 1921 79 36 ad
1047 1921 223 36 beatitudinem;
1218 1921 66 36 non

721 1956 91 35 non
773 1956 117 35 tamen
851 1956 144 35 propter
956 1956 91 35 hoc
1008 1956 157 35 scientia
1125 1956 117 35 debet
1191 1956 91 35 deno-

731 1984 123 43 minari
817 1984 62 43 a
842 1984 197 43 beatitudine,
1002 1984 99 43 quae
1063 1984 86 43 est
1113 1984 111 43 finis
1174 1984 111 43 remotus

719 2021 89 40 sed
770 2021 64 40 a
796 2021 191 40 dilectione,
948 2021 89 40 per
999 2021 102 40 quam
1063 2021 165 40 immediate
1190 2021 76 40 ad
1215 2021 64 40 il-

727 2056 90 49 lam
778 2056 102 49 homo
842 2056 192 49 disponitur,
996 2056 115 49 sicut
1073 2056 90 49 nec
1124 2056 153 49 scientia
1226 2056 64 49 mo
