1500 2323
218 176 157 43 nitionem,
339 176 85 43 hoc
387 176 109 43 facit
460 176 145 43 quatenus
569 176 170 43 substantia
702 176 97 43 est,

218 210 142 51 propter
322 210 104 51 quod
386 210 181 51 accidentia
529 210 104 51 sunt
594 210 181 51 posteriora
723 210 52 51 ea

219 242 187 47 cognitione,
368 242 200 47 definitione,
530 242 62 47 &
555 242 150 47 tempore,
668 242 75 47 ut
693 242 87 47 habe-

214 281 99 36 tur
270 281 85 36 7.
313 281 141 36 Metaph
412 281 155 36 propter
525 281 113 36 quod
595 281 71 36 &
609 281 170 36 reducuntur

209 316 130 39 ultima
300 316 181 39 reductione
442 316 78 39 in
481 316 104 39 eade
546 316 168 39 principia
675 316 91 39 cum
714 316 65 39 ea,

219 346 110 44 puta
288 346 82 44 in
329 346 137 44 primam
425 346 151 44 formam,
535 346 69 44 &
563 346 151 44 ultimum
673 346 124 44 finem

220 385 76 34 Et
258 385 101 34 iste
321 385 139 34 tertius
422 385 126 34 gradus
510 385 164 34 descendit
636 385 63 34 a
649 385 126 34 secundo:

206 411 212 48 Metaphysicus
378 411 106 48 enim
444 411 146 48 cognita
551 411 199 48 substantia,
696 411 80 48 quae

218 446 199 45 accidentibus
379 446 137 45 tribuit
478 446 149 45 superius
590 446 124 45 dicta,
664 446 112 45 descen-

217 486 93 37 dit
270 486 79 37 ad
309 486 252 37 considerationem
521 486 199 37 accidentium
667 486 106 37 omnium

197 515 173 49 generum.

252 537 81 60 Ex
292 537 94 60 his
346 537 134 60 patet,
439 537 148 60 quomodo
547 537 215 60 Metaphysicus
708 537 67 60 di-

216 582 116 39 catur
294 582 116 39 agere
371 582 77 39 de
410 582 142 39 omnibus
513 582 155 39 entibus,
629 582 103 39 quia
681 582 90 39 prae-

219 617 98 46 fati
280 617 98 46 tres
341 617 123 46 gradus
427 617 233 46 considerationis
623 617 110 46 omnia
684 617 86 46 gene-

207 648 85 44 ra
249 648 142 44 entium
348 648 255 44 comprehendunt,
561 648 71 44 &
589 648 113 44 ideo
660 648 99 44 cum
702 648 71 44 di-

215 680 84 51 cit
263 680 120 51 Arist.
347 680 72 51 4.
382 680 132 51 Metaph.
478 680 96 51 quod
538 680 96 51 ipsa
598 680 167 51 speculatur
717 680 60 51 ens

216 713 75 43 in
254 713 138 43 quantum
354 713 100 43 ens,
417 713 88 43 non
467 713 88 43 est
517 713 225 43 intelligendum,
692 713 75 43 quod

204 749 101 35 illa
267 749 202 35 reduplicatio
431 749 177 35 reduplicet
570 749 139 35 aliquod
658 749 114 35 predica

215 783 98 38 bile
276 783 208 38 essentialiter
447 783 73 38 de
484 783 134 38 omnibus
581 783 147 38 entibus,
691 783 110 38 sicut

208 815 140 47 quidam
306 815 224 47 imaginantur,
488 815 98 47 tum
544 815 112 47 quia
614 815 126 47 prima
684 815 84 47 pari

211 848 141 44 Metaph
309 848 155 44 deberet
422 848 113 44 esse
492 848 84 44 de
535 848 113 44 ente
605 848 84 44 in
633 848 141 44 communi,

214 881 181 43 speculatio
356 881 103 43 enim
421 881 78 43 de
460 881 220 43 communioribus
641 881 91 43 est
680 881 91 43 priot

218 920 102 44 illa,
286 920 91 44 quae
342 920 79 44 est
388 920 68 44 de
422 920 147 44 proprijs,
535 920 68 44 ut
569 920 102 44 dicit
637 920 113 44 Arist.
705 920 68 44 pri-

215 951 84 41 mo
257 951 210 41 physicorum,
425 951 196 41 contrarium
580 951 126 41 tamen
650 951 126 41 uidemus

213 987 135 37 fecisse
311 987 147 37 Aristot,
422 987 98 37 quia
483 987 123 37 primus
569 987 172 37 tractatus,
704 987 98 37 quem

207 1025 114 33 facit
283 1025 127 33 Arist.
372 1025 76 33 de
410 1025 114 33 ente,
486 1025 89 33 est
536 1025 76 33 7.
574 1025 127 33 Metaph
650 1025 127 33 secundum

214 1051 104 42 Auer.
284 1051 69 42 in
319 1051 150 42 principio
434 1051 69 42 7.
469 1051 81 42 ubi
515 1051 116 42 dicit,
596 1051 93 42 quod
643 1051 127 42 tractatus

204 1085 207 47 praecedentes
372 1085 155 47 septimum
489 1085 103 47 sunt
553 1085 220 47 praeparatorij
721 1085 52 47 ad

204 1120 164 43 dicenda
323 1120 89 43 in
368 1120 149 43 Metaph
472 1120 164 43 constat
591 1120 149 43 autem,
681 1120 89 43 quod

208 1151 91 45 ibi
260 1151 91 45 non
312 1151 182 45 considerat
455 1151 78 45 de
494 1151 104 45 ente
559 1151 78 45 in
598 1151 156 45 communi,
702 1151 65 45 imo

213 1186 138 48 primam
310 1186 277 48 considerationem,
545 1186 111 48 quam
615 1186 138 48 habet,
698 1186 69 48 est

214 1224 92 36 cum
266 1224 144 36 diuidit
371 1224 105 36 ens,
437 1224 144 36 tanquam
542 1224 210 36 materialiter
699 1224 66 36 di-

209 1249 114 45 ctum,
286 1249 89 45 quo
336 1249 127 45 facto,
426 1249 165 45 immediate
553 1249 140 45 incipit
642 1249 127 45 determi-

206 1285 108 46 nare
273 1285 81 46 de
313 1285 202 46 substantia,
475 1285 148 46 tanquam
583 1285 81 46 de
609 1285 162 46 principali

217 1323 113 44 parte
293 1323 126 44 entis,
381 1323 101 44 ergo
444 1323 75 44 Iy
482 1323 164 44 inquantum
607 1323 101 44 ens,
670 1323 88 44 non
708 1323 63 44 im-

219 1358 122 41 portat
304 1358 134 41 aliquod
402 1358 195 41 praedicabile
560 1358 207 41 essentialiter
718 1358 49 41 de

210 1389 169 44 omnibus
317 1389 138 44 entibus

253 1419 158 41 Praeterea
375 1419 146 41 probatur
484 1419 85 41 hoc
533 1419 110 41 idem,
606 1419 97 41 quia
667 1419 73 41 si
691 1419 85 41 talis

207 1453 225 45 reduplicatio
390 1453 197 45 importaret
545 1453 155 45 aliquod
643 1453 127 45 commune

216 1493 145 34 omnibus
321 1493 158 34 entibus,
439 1493 197 34 sequeretur,
597 1493 105 34 quod
650 1493 118 34 remotis

211 1520 176 43 substantijs
352 1520 176 43 abstractis,
494 1520 118 43 Metaph
576 1520 106 43 esset
635 1520 129 43 distincta

209 1565 142 37 scientia
316 1565 59 37 a
339 1565 154 37 naturali,
458 1565 95 37 quod
517 1565 83 37 est
565 1565 130 37 falsum,
659 1565 71 37 ut
683 1565 83 37 patet

209 1590 93 45 per
262 1590 132 45 Arist.
354 1590 79 45 8.
394 1590 132 45 Metaph
486 1590 225 45 consequentiam
658 1590 106 45 probo,

215 1627 85 39 nam
263 1627 194 39 consideratio
421 1627 133 39 illius,
518 1627 97 39 quod
578 1627 170 39 supponitur
699 1627 73 39 esse

213 1664 138 36 comune
310 1664 152 36 omnibus
420 1664 166 36 entibus,
545 1664 97 36 non
600 1664 138 36 potest
683 1664 83 36 per-

215 1690 116 39 tinere
296 1690 69 39 ad
331 1690 150 39 scientiam
447 1690 162 39 naturalem,
574 1690 116 39 aliter
644 1690 127 39 transcen-

213 1721 116 48 deret
290 1721 103 48 suos
355 1721 154 48 limites,
470 1721 64 48 &
496 1721 103 48 ideo
560 1721 116 48 adhuc
625 1721 141 48 oporteret

206 1756 105 44 dare
272 1756 223 44 Metaphysicam,
456 1756 105 44 quae
521 1756 210 44 consideraret
679 1756 92 44 illud

193 1797 180 37 commune.

223 1803 76 62 Si
261 1803 101 62 ergo
325 1803 126 62 qratur
413 1803 101 62 quid
476 1803 177 62 reduplicet
615 1803 76 62 ly
653 1803 76 62 in
679 1803 89 62 utum;

219 1855 154 49 Respondeo
338 1855 178 49 dupliciter,
480 1855 83 49 uno
527 1855 107 49 modo,
598 1855 95 49 quod
657 1855 95 49 illa
705 1855 59 49 re-

209 1890 185 44 duplicatio
354 1890 145 44 proprie
460 1890 93 44 non
513 1890 185 44 reduplicat
645 1890 119 44 aliquid

213 1923 71 47 ex
249 1923 106 47 parte
320 1923 106 47 entis
391 1923 189 47 considerati,
544 1923 83 47 sed
592 1923 130 47 ponitur
686 1923 71 47 ad
710 1923 59 47 si-

210 1964 197 42 gnificandum
368 1964 210 42 amplitudinem
539 1964 223 42 speculationis
709 1964 53 42 ex

223 1990 101 37 parte
290 1990 145 37 scientiae
402 1990 201 37 considerantis,
570 1990 56 37 &
592 1990 101 37 talis
659 1990 78 37 est
693 1990 67 37 sen-

213 2031 97 36 lus,
273 2031 145 36 scientia
382 2031 181 36 Metaphysica
527 2031 169 36 speculatur
660 2031 97 36 ens,
709 2031 60 36 in-

212 2058 132 55 quantum
308 2058 96 55 ens,
367 2058 120 55 idest,
451 2058 96 55 eius
511 2058 191 55 consideratio
666 2058 84 55 sic
702 2058 60 55 est

793 164 138 54 ampla,
890 164 110 54 quod
958 164 83 54 se
1000 164 165 54 extendit
1124 164 83 54 ad
1165 164 124 54 omnia
1234 164 96 54 entia

824 209 105 52 Alio
890 209 105 52 modo
955 209 132 52 potest
1047 209 197 52 responderi,
1205 209 105 52 quod
1258 209 92 52 licet

795 246 93 37 non
848 246 212 37 reduplicetur
1020 246 133 37 aliqua
1113 246 119 37 ratio
1193 246 159 37 communis
1299 246 53 37 en

795 281 111 44 tibus,
873 281 89 44 quae
928 281 100 44 illis
995 281 167 44 intrinsece,
1128 281 56 44 &
1150 281 155 44 formaliter
1261 281 89 44 insum;

791 318 194 36 reduplicat
944 318 125 36 tamen
1027 318 153 36 aliquam
1138 318 166 36 rationem
1249 318 97 36 commu

793 350 89 44 nem
844 350 177 44 extrinsece
983 350 190 44 uirtualiter
1135 350 152 44 inclusam
1249 350 76 44 in
1274 350 76 44 con-

796 386 113 37 ceptu
872 386 175 37 cuiuslibet
1010 386 125 37 entis,
1097 386 63 37 &
1122 386 88 37 per
1173 386 100 37 hanc
1223 386 125 37 rationem

797 416 160 36 intelligo
920 416 184 36 cognitionem
1067 416 123 36 primae
1153 416 135 36 formae,
1252 416 61 36 &
1264 416 86 36 ulti-

790 452 75 36 mi
827 452 125 36 finis,
915 452 125 36 quarum
1002 452 150 36 cognitio
1115 452 188 36 uirtualiter
1252 452 100 36 inclu-

790 484 109 32 ditur
863 484 73 32 in
899 484 146 32 conceptu
1008 484 194 32 quidditatiuo
1166 484 170 32 cuiuslibet
1287 484 61 32 en-

788 515 100 48 tis,
850 515 62 48 &
875 515 162 48 praecipue
1000 515 187 48 substantiae
1149 515 137 48 tanquam
1237 515 112 48 imperse

795 549 127 39 ctiori.
888 549 69 39 Et
922 549 92 39 ista
980 549 127 39 uidetur
1072 549 138 39 intentio
1175 549 92 39 Com.
1233 549 69 39 7.
1256 549 92 39 Metat.

787 585 88 38 com
838 585 151 38 superius
951 585 163 38 allegato,
1076 585 88 38 ubi
1126 585 113 38 uult,
1201 585 100 38 quod
1252 585 100 38 consi-

790 616 133 43 deratio
887 616 73 43 de
923 616 170 43 quidditate
1057 616 194 43 substantiae,
1215 616 133 43 inducit
1299 616 49 43 ad

787 650 177 41 sciendum
920 650 147 41 primam
1023 650 147 41 formam
1126 650 147 41 omnium
1214 650 133 41 entium;

790 685 99 41 quae
851 685 111 41 uerba
925 685 86 41 non
974 685 148 41 haberent
1085 685 172 41 ueritatem,
1221 685 99 41 nisi
1270 685 74 41 con-

793 716 125 51 ceptus
881 716 213 51 quidditatiuus
1057 716 188 51 substantie,
1207 716 63 51 &
1232 716 88 51 per
1270 716 75 51 con-

789 751 133 40 sequens
886 751 170 40 cuiuslibet
1019 751 182 40 accidentis,
1164 751 170 40 includeret
1285 751 61 40 uir

786 788 149 44 tualiter
898 788 187 44 cognitionem
1047 788 125 44 primae
1134 788 137 44 formae,
1234 788 100 44 quae
1284 788 62 44 me-

788 817 111 40 surat
861 817 111 40 omnia
935 817 111 40 entia
1009 817 148 40 secundum
1120 817 98 40 suas
1169 817 172 40 quidditates.

821 853 75 37 Si
858 853 100 37 uero
920 853 162 37 quaeratur
1045 853 75 37 de
1083 853 100 37 modo
1145 853 125 37 istius
1220 853 125 37 inclusio

791 884 86 42 nis
840 884 172 42 uirtualis;
975 884 184 42 Respondetur
1122 884 123 42 duobus
1208 884 123 42 modis;
1294 884 74 42 &

793 922 157 37 utroque
907 922 114 37 modo
978 922 114 37 bene
1049 922 128 37 Primo
1135 922 114 37 modo
1192 922 157 37 includere

787 952 188 44 uirtualiter
938 952 138 44 alterum
1039 952 100 44 idem
1101 952 100 44 est,
1164 952 100 44 quod
1214 952 126 44 suppler-

788 985 126 50 uicem
872 985 126 50 eius,
957 985 169 50 secundum
1083 985 112 50 quem
1153 985 126 50 modum
1224 985 126 50 species

789 1017 139 55 possunt
890 1017 101 55 dici
953 1017 164 55 includere
1079 1017 189 55 uirtualiter
1218 1017 126 55 obiectum

786 1057 117 41 suum,
864 1057 104 41 quia
929 1057 156 41 supplent
1046 1057 117 41 uicem
1125 1057 104 41 eius
1190 1057 78 41 in
1216 1057 130 41 causando

784 1087 113 38 actum
860 1087 214 38 intelligendi,
1036 1087 63 38 &
1061 1087 88 38 sic
1111 1087 75 38 in
1149 1087 176 38 proposito,
1275 1087 75 38 quia

788 1122 158 41 conceptus
909 1122 206 41 quidditatiuus
1079 1122 170 41 cuiuslibet
1213 1122 109 41 entis
1273 1122 73 41 idem

786 1154 93 36 est,
845 1154 93 36 quod
903 1154 128 36 ueritas
996 1154 152 36 abstracta
1113 1154 117 36 illius
1194 1154 117 36 entis,
1276 1154 58 36 &
1288 1154 58 36 con

782 1189 140 45 cepta,
880 1189 168 45 secundum
1006 1189 112 45 quem
1077 1189 126 45 modum
1147 1189 196 45 configuratur

789 1222 91 35 suae
846 1222 125 35 regulae
937 1222 148 35 existenti
1051 1222 68 35 in
1085 1222 114 35 diuina
1165 1222 103 35 arte,
1233 1222 91 35 ideo
1279 1222 68 35 sup-

794 1255 108 44 plere
866 1255 120 44 potest
949 1255 108 44 uicem
1021 1255 132 44 illius,
1117 1255 72 44 in
1153 1255 179 44 ratificando
1284 1255 60 44 no-

784 1288 123 39 stram
866 1288 204 39 cognitionem
1030 1288 82 39 ut
1071 1288 136 39 patuit
1166 1288 82 39 in
1193 1288 150 39 superiori

759 1320 215 41 articulo.

809 1352 231 45 Intelligendum
1000 1352 136 45 tamen,
1095 1352 109 45 quod
1163 1352 109 45 iste
1218 1352 122 45 sensus,

783 1390 139 42 quamuis
885 1390 89 42 sit
935 1390 127 42 uerus,
1024 1390 89 42 non
1074 1390 89 42 est
1125 1390 114 42 tamen
1201 1390 76 42 ad
1226 1390 114 42 proposi

789 1427 98 36 tum,
850 1427 98 36 quia
911 1427 159 36 conceptus
1033 1427 220 36 quidditatiuus,
1205 1427 135 36 includens

781 1458 195 39 uirtualiter
937 1458 195 39 cognitionem
1094 1458 130 39 primae
1185 1458 143 39 formae,
1276 1458 65 39 hoc

781 1491 122 38 modo,
863 1491 162 38 nonsolum
984 1491 162 38 pertinet
1106 1491 81 38 ad
1133 1491 203 38 Metaphysicum,

783 1527 96 33 sed
838 1527 123 33 etiam
920 1527 82 33 ad
961 1527 178 33 physicum,
1098 1527 96 33 nam
1153 1527 178 33 quocumque
1277 1527 69 33 mo-

781 1558 73 42 do
817 1558 183 42 abstrahatur
964 1558 134 42 ueritas
1062 1558 61 42 a
1086 1558 86 42 re,
1135 1558 122 42 semper
1221 1558 110 42 habet
1282 1558 61 42 ali

789 1586 105 46 quam
855 1586 145 46 regulam
960 1586 79 46 in
1000 1586 119 46 prima
1079 1586 132 46 forma,
1171 1586 92 46 cui
1210 1586 132 46 configu-

782 1626 130 46 ratur,
873 1626 65 46 &
899 1626 117 46 cuius
977 1626 117 46 uicem
1041 1626 130 46 supplet.

824 1652 101 47 ldeo
888 1652 114 47 magis
964 1652 76 47 ad
1002 1652 177 47 propositum
1141 1652 114 47 dico,
1217 1652 101 47 quod
1268 1652 76 47 ali-

785 1691 98 37 quid
846 1691 135 37 dicitur
944 1691 184 37 uirtualiter
1091 1691 159 37 includere
1201 1691 135 37 cognitio-

787 1727 80 41 nem
832 1727 149 41 alterius,
947 1727 92 41 quia
1005 1727 69 41 ab
1039 1727 92 41 illo
1097 1727 115 41 potest
1177 1727 138 41 abstrahi
1269 1727 69 41 com-

785 1757 123 43 gnitio
871 1757 135 43 illius,
969 1757 86 43 por
1018 1757 184 43 intellectum
1154 1757 184 43 descendentem,

780 1794 69 46 &
808 1794 247 46 transcendentem
1013 1794 82 46 de
1054 1794 192 46 cognitione
1205 1794 137 46 unius;
1287 1794 55 46 in

785 1821 180 51 cognitionem
929 1821 156 51 alterius;
1049 1821 60 51 &
1074 1821 96 51 isto
1134 1821 96 51 modo
1194 1821 168 51 conceptus,

786 1866 96 37 quem
846 1866 108 37 habet
918 1866 144 37 physicus
1026 1866 72 37 de
1062 1866 168 37 substantia
1193 1866 168 37 sensibili,

779 1900 89 39 non
830 1900 152 39 includit
944 1900 190 39 uirtualiter
1097 1900 190 39 cognitionem
1236 1900 102 39 prima-

779 1930 139 35 formae,
880 1930 88 35 est
931 1930 101 35 enim
994 1930 88 35 ita
1045 1930 177 35 contractus
1183 1930 76 35 ad
1209 1930 126 35 materiam

785 1959 184 47 sensibilem,
932 1959 98 47 quod
993 1959 86 47 non
1042 1959 123 47 potest
1128 1959 86 47 por
1177 1959 110 47 illum
1239 1959 98 47 conet-

792 1998 94 40 ptum
851 1998 70 40 se
886 1998 164 40 transferre
1015 1998 70 40 ad
1051 1998 117 40 formas
1133 1998 200 40 nonnaturales,
1285 1998 59 40 nec

778 2030 120 39 minus
857 2030 80 39 ad
897 2030 146 39 primam,
1004 2030 106 39 quae
1070 2030 93 39 est
1123 2030 160 39 denudata
1243 2030 80 39 ab
1270 2030 66 39 om-

782 2063 79 53 ni
821 2063 158 53 potentia
940 2063 66 53 :
966 2063 171 53 Conceptus
1097 2063 131 53 autem,
1189 2063 105 53 quem
1242 2063 92 53 habet
