1500 2328
192 157 91 61 mum
244 157 117 61 bonum
322 157 91 61 sub
375 157 144 61 ratione
479 157 117 61 boni,
557 157 91 61 sed
609 157 91 61 sub
649 157 104 61 ratio-

191 215 77 42 ne
230 215 116 42 summi
307 215 116 42 veri,
384 215 90 42 vel
435 215 116 42 primi
513 215 103 42 veri
577 215 154 42 voluntas
680 215 77 42 aute

190 254 124 41 capit
273 254 96 41 sum
328 254 96 41 bon
383 254 96 41 sub
438 254 151 41 ratione
548 254 124 41 summi
630 254 124 41 boni,
713 254 69 41 &

186 284 143 39 inhaeret
294 284 96 39 sibi
353 284 132 39 propter
449 284 143 39 seipsum,
557 284 96 39 quia
616 284 96 39 eius
664 284 84 39 actus

194 317 185 47 perficitur,
342 317 62 47 &
366 317 160 47 completur
489 317 74 47 in
526 317 99 47 ipsa
588 317 86 47 re,
637 317 62 47 &
662 317 86 47 non
699 317 49 47 in

186 348 113 57 ipsa
242 348 155 57 voluntate

222 371 78 49 Ad
261 371 142 49 tertium
364 371 104 49 dico
429 371 181 49 concedendo
572 371 104 49 etam
624 371 130 49 maiorem,

191 419 99 52 quod
252 419 111 52 amor,
327 419 62 52 &
351 419 173 52 delectatio
487 419 99 52 sunt
549 419 136 52 diuersi
648 419 124 52 actus,

187 453 88 36 sed
238 453 88 36 cum
288 453 150 36 vlterius
400 453 138 36 dicitur
501 453 75 36 in
538 453 125 36 Minori
626 453 100 36 quod
676 453 75 36 frui

186 484 91 48 tio
238 484 156 48 aggregat
355 484 156 48 vtrumque
472 484 104 48 dico
536 484 104 48 quod
601 484 91 48 non
640 484 104 48 aggre-

180 517 98 47 gat
236 517 168 47 vtrumque
362 517 154 47 tanquam
475 517 154 47 tertium
573 517 182 47 constitutum

186 551 79 47 ex
225 551 106 47 eis,
291 551 106 47 bene
357 551 119 47 tamen
437 551 158 47 aggregat
555 551 158 47 vtrumque
661 551 79 47 tan-

182 586 126 41 quam
261 586 173 41 quoddam
387 586 205 41 analogum,
544 586 126 41 quod
607 586 142 41 dicitur

186 620 84 47 de
214 620 140 47 vtroque.

221 644 84 54 Ad
263 644 195 54 argumentum
416 644 84 54 in
458 644 181 54 oppositum
598 644 126 54 dico,
667 644 84 54 quod

179 682 116 47 sicut
256 682 103 47 frui
321 682 90 47 est
372 682 167 47 analogum,
501 682 90 47 ita
552 682 64 47 &
578 682 167 47 definitio
694 682 51 47 de

184 722 98 57 ipso
245 722 110 57 data,
318 722 73 57 vt
355 722 122 57 potest
441 722 122 57 patere
526 722 86 57 per
563 722 110 57 habita.

238 777 329 73 QV.AESTIO
465 777 228 73 SECVNDA

189 848 116 49 Vtrum
266 848 155 49 obiectum
382 848 180 49 fruitionis
524 848 180 49 ordinatae,
666 848 64 49 &
679 848 64 49 pro

271 891 101 45 prie
334 891 139 45 dictae,
435 891 88 45 sit
486 891 101 45 vnum
536 891 114 45 tantum.

180 1082 326 59 ARVITVR
418 1082 178 59 AD
477 1082 237 59 PARTEM

354 1128 184 44 negatiuam.

168 1188 113 51 TRui
239 1188 99 51 est
295 1188 128 51 amore
381 1188 184 51 inhaerere
522 1188 142 51 alicui
622 1188 99 51 rei
664 1188 71 51 pro

195 1219 126 55 Dpter
279 1219 98 55 se,
335 1219 98 55 non
391 1219 182 55 referendo
530 1219 98 55 eam
586 1219 84 55 in
614 1219 126 55 aliquid

173 1259 153 44 alterum,
288 1259 90 44 sed
339 1259 115 44 plura
416 1259 115 44 sunt,
493 1259 128 44 quibus
583 1259 153 44 voluntas
685 1259 51 44 po

182 1296 97 41 test
243 1296 146 41 ordinate
352 1296 158 41 inhaerere
474 1296 134 41 propter
571 1296 85 41 se,
619 1296 85 41 non
656 1296 85 41 refe-

174 1331 124 41 rendo
257 1331 96 41 eam
312 1331 82 41 in
353 1331 151 41 aliquid
463 1331 165 41 alterum,
586 1331 110 41 ergo
655 1331 82 41 &c
682 1331 55 41 Ma

178 1362 83 50 ier
226 1362 107 50 patet
297 1362 71 50 ex
333 1362 119 50 dictis
416 1362 71 50 in
452 1362 179 50 praecedenti
583 1362 155 50 quaestione:

171 1404 155 37 Minorem
284 1404 141 37 probo,
382 1404 99 37 nam
439 1404 113 37 tunc
509 1404 169 37 voluntas
622 1404 113 37 inhae-

179 1435 82 41 ret
226 1435 141 41 ordinate
332 1435 117 41 alicui
414 1435 82 41 rei
461 1435 129 41 propter
554 1435 82 41 se,
601 1435 117 41 quando
671 1435 59 41 non

179 1464 71 45 ex
215 1464 83 45 sui
262 1464 201 45 peruersitate,
428 1464 83 45 sed
475 1464 71 45 ex
511 1464 83 45 sui
558 1464 130 45 natura,
641 1464 95 45 potest

172 1504 142 37 quietari
279 1504 71 37 in
315 1504 95 37 illa
374 1504 83 37 re,
421 1504 83 37 ita
469 1504 71 37 vt
504 1504 83 37 non
552 1504 131 37 referat
647 1504 83 37 eam
683 1504 47 37 in

168 1535 135 39 aliud,
263 1535 108 39 nunc
331 1535 122 39 autem
412 1535 162 39 voluntas
534 1535 95 39 cum
588 1535 135 39 habeat
669 1535 68 39 ca-

175 1568 179 47 pacitatem,
316 1568 64 47 &
341 1568 141 47 naturam
444 1568 153 47 finitam,
559 1568 128 47 potest
648 1568 77 47 ex
674 1568 64 47 sui

170 1606 124 35 natura
257 1606 162 35 quietari,
381 1606 87 35 non
431 1606 112 35 solum
505 1606 75 35 in
543 1606 99 35 bono
592 1606 137 35 increato.

175 1633 101 48 quod
239 1633 89 48 est
289 1633 177 48 infinitum,
429 1633 89 48 sed
480 1633 114 48 etiam
556 1633 76 48 in
594 1633 101 48 bono
644 1633 89 48 crea-

178 1668 88 43 to,
229 1668 101 43 quod
292 1668 88 43 est
342 1668 138 43 finitum
443 1668 63 43 :
468 1668 126 43 potest
556 1668 101 43 ergo
606 1668 126 43 pluribus

165 1704 217 37 inhaerere
332 1704 183 37 propter
465 1704 100 37 se
515 1704 200 37 ordinate
649 1704 83 37 &c.

217 1737 150 39 Confirmo
329 1737 162 39 rationem,
454 1737 75 39 na
491 1737 87 39 est
541 1737 100 39 dare
603 1737 150 39 aliquid,

167 1765 108 43 quod
235 1765 149 43 excedit
344 1765 203 43 capacitatem
506 1765 203 43 voluntatis,
656 1765 81 43 puta

172 1806 122 39 bonum
254 1806 189 39 infinitum,
402 1806 68 39 &
429 1806 122 39 aliud
511 1806 108 39 quod
578 1806 95 39 est
619 1806 108 39 infra,

168 1836 115 52 puta
239 1836 129 52 aliud
325 1836 129 52 bonum
411 1836 172 52 creatum,
541 1836 115 52 quod
612 1836 100 52 non
655 1836 72 52 po-

172 1872 93 46 test
230 1872 139 46 satiare,
334 1872 93 46 ergo
392 1872 81 46 est
439 1872 93 46 dare
497 1872 139 46 aliquid,
601 1872 93 46 quod
647 1872 81 46 adae-

172 1904 124 51 quet,
255 1904 111 51 puta
324 1904 152 51 aliquod
435 1904 124 51 aliud
518 1904 124 51 bonum
587 1904 138 51 creatum,

174 1935 99 53 quod
236 1935 124 53 potest
323 1935 149 53 satiare,
434 1935 186 53 quietabitur
583 1935 99 53 ergo
633 1935 87 53 volun

179 1973 87 42 tas
228 1973 149 42 ordinate
340 1973 87 42 non
390 1973 112 42 solum
464 1973 75 42 in
501 1973 99 42 bono
564 1973 149 42 infinito
663 1973 62 42 ex-

166 2009 141 38 cedente,
272 2009 82 38 sed
319 2009 106 38 etiam
390 2009 71 38 in
425 2009 118 38 aliquo
508 2009 94 38 bono
567 2009 118 38 finito
638 2009 82 38 adae-

166 2043 139 48 quanti
264 2043 98 48 Nam
319 2043 112 48 ista
389 2043 98 48 est
445 2043 139 48 regula
529 2043 195 48 Ceometrarum.

165 2073 106 59 quod
231 2073 92 59 vbi
284 2073 92 59 est
336 2073 106 59 dare
402 2073 158 59 excedens
521 2073 66 59 &
547 2073 171 59 excessum,
666 2073 66 59 ibi

771 154 96 72 est
826 154 110 72 dare
895 154 193 72 adaequans,
1046 154 69 72 &
1060 154 179 72 adaequatum.

805 211 68 41 2
833 211 81 41 Si
873 211 162 41 voluntas
995 211 149 41 fruitur
1103 211 122 41 summo
1184 211 108 41 bono
1238 211 95 41 ordi-

763 241 105 51 nate
828 241 157 51 mediante
947 241 131 51 aliquo
1038 241 105 51 bono
1104 241 144 51 creato,
1209 241 105 51 ergo
1261 241 66 51 ob-

767 282 122 38 iectum
852 282 98 38 suae
913 282 171 38 fruitionis
1048 282 159 38 ordinatae
1170 282 86 38 non
1219 282 86 38 est
1256 282 73 38 vnum

766 319 131 48 tantum
857 319 65 48 :
884 319 209 48 Consequentia
1054 319 92 48 est
1106 319 78 48 de
1145 319 78 48 se
1184 319 118 48 nota:
1250 319 78 48 pro-

773 345 84 42 po
815 345 211 42 antecedens:
984 345 98 42 nam
1040 345 169 42 voluntas
1166 345 98 42 non
1209 345 126 42 fruitur

764 381 117 39 summo
842 381 104 39 bono
907 381 91 39 per
959 381 117 39 actum
1037 381 234 39 delectationis,
1233 381 104 39 nisi
1285 381 52 39 vt

765 418 105 35 sibi
831 418 158 35 copulato
949 418 92 35 per
1002 418 119 35 actum
1081 418 145 35 amoris,
1186 418 92 35 (vt
1226 418 105 35 patuit

767 451 81 43 in
807 451 189 43 quaestione
955 451 216 43 praecedente)
1131 451 108 43 ergo
1185 451 148 43 immediate

769 484 135 36 fruitur
867 484 98 36 actu
929 484 135 36 amoris,
1027 484 62 36 &
1052 484 148 36 mediante
1163 484 98 36 illo
1212 484 123 36 fruitur.

767 518 117 40 summo
845 518 117 40 bono:
924 518 170 40 similiter
1054 518 91 40 non
1106 518 144 40 fruitur
1211 518 117 40 summo
1276 518 52 40 bo

766 554 77 44 no
805 554 89 44 per
856 554 115 44 actum
932 554 140 44 amoris,
1034 554 102 44 nisi
1098 554 77 44 vt
1136 554 115 44 nobis
1200 554 128 44 copulato

775 587 86 34 per
824 587 111 34 actum
898 587 160 34 visionis,
1021 587 86 34 vel
1070 587 197 34 cognitionis;
1230 587 99 34 ergo
1280 587 49 34 im

764 618 134 43 mediate
861 618 134 43 fruitur
958 618 146 43 visione,
1068 618 61 43 &
1092 618 146 43 mediante
1201 618 97 43 illa
1250 618 85 43 frui-

761 655 93 33 tur
814 655 119 33 summo
893 655 119 33 bono,
973 655 66 33 &
1000 655 93 33 ita
1053 655 119 33 erunt
1132 655 119 33 plura
1199 655 119 33 obiecta

761 688 100 36 suae
824 688 176 36 fruitionis
962 688 163 36 ordinatae
1088 688 63 36 &
1113 688 88 36 non
1163 688 100 36 vnum
1213 688 113 36 tantum.

799 724 65 37 3
825 724 117 37 Ponum
903 724 182 37 increatum,
1046 724 91 37 est
1097 724 156 37 obiectum
1201 724 117 37 fruitio

761 749 97 50 nis
817 749 195 50 ordinatae,
970 749 97 50 sed
1025 749 125 50 bonum
1109 749 181 50 increatum
1234 749 97 50 habet

760 789 120 45 plures
844 789 143 45 rationes
951 789 167 45 fruibiles,
1083 789 96 45 ergo
1143 789 143 45 obiectum
1238 789 84 45 frui-

757 826 129 40 tionis
847 826 167 40 ordinatae
976 826 90 40 non
1028 826 90 40 est
1079 826 103 40 vnum
1144 826 142 40 tantum:
1234 826 90 40 Maior

766 858 146 39 patet:
869 858 161 39 Minorem
986 858 146 39 probo,
1088 858 102 39 nam
1147 858 175 39 secundum
1264 858 58 39 A-

761 889 140 41 ristot.
863 889 115 41 primo
940 889 166 41 Ethicorum
1068 889 102 41 cap.
1131 889 77 41 4,
1170 889 64 41 &
1195 889 77 41 5.
1221 889 102 41 secun-

754 926 95 38 dum
809 926 122 38 aliam
890 926 162 38 tationem
1011 926 122 38 bonum
1092 926 149 38 dicitur
1187 926 135 38 aequali-

758 959 86 35 ter
807 959 110 35 enti,
880 959 61 35 &
905 959 74 35 in
942 959 98 35 quod
1003 959 98 35 quid
1064 959 98 35 est,
1126 959 61 35 &
1150 959 74 35 in
1187 959 110 35 quali
1261 959 61 35 &
1273 959 49 35 in

766 998 154 40 quanto,
878 998 70 40 &
906 998 84 40 in
948 998 84 40 ad
990 998 168 40 aliquid,
1115 998 98 40 cum
1171 998 112 40 ergo
1227 998 98 40 bonum

763 1033 154 34 increatum
882 1033 118 34 habeat
965 1033 71 34 in
1000 1033 71 34 se
1036 1033 118 34 plures
1119 1033 142 34 rationes
1225 1033 118 34 entis,

759 1060 156 43 videlicet
879 1060 156 43 absoluti,
999 1060 60 43 &
1023 1060 180 43 respectiui,
1167 1060 60 43 &
1191 1060 120 43 plures
1263 1060 60 43 est

763 1094 186 46 relationes,
911 1094 149 46 sequitur
1023 1094 99 46 quod
1085 1094 136 46 habebit
1184 1094 124 46 plures
1258 1094 62 46 ra-

761 1130 130 44 tiones
852 1130 181 44 bonitatis,
994 1130 65 44 &
1020 1130 91 44 per
1072 1130 181 44 consequens
1201 1130 117 44 habebit

764 1166 119 40 plures
847 1166 143 40 rationes
942 1166 143 40 fruibiles.

773 1223 327 50 ARGVITVR
1018 1223 164 50 AD
1073 1223 245 50 PARTEMM

940 1261 195 50 affirmatiuam.

757 1331 176 52 Tbiectum
889 1331 205 52 fruitionis
1050 1331 190 52 ordinatae
1197 1331 88 52 ex
1226 1331 88 52 xatu

752 1343 84 67 ra
794 1343 98 67 rei
850 1343 98 67 non
906 1343 98 67 est
962 1343 196 67 referibile
1116 1343 84 67 in
1158 1343 126 67 aliud
1228 1343 84 67 alte

753 1399 100 41 rum,
816 1399 88 41 sed
866 1399 100 41 tale
929 1399 88 41 non
979 1399 125 41 potest
1067 1399 100 41 esse
1129 1399 100 41 nisi
1192 1399 100 41 vnum
1242 1399 75 41 tan-

754 1437 99 35 tum,
816 1437 99 35 ergo
878 1437 149 35 obiectum
990 1437 174 35 fruitionis
1127 1437 162 35 ordinatae
1238 1437 75 35 erit

749 1466 125 45 solum
832 1466 125 45 vnum.
916 1466 153 45 Maiorem
1027 1466 139 45 probo,
1124 1466 111 45 quia
1180 1466 139 45 obiectum

755 1503 182 43 frnitionis
898 1503 169 43 ordinatae
1028 1503 143 43 quietat
1132 1503 182 43 voluntatem
1262 1503 52 43 ex

749 1536 88 35 sui
800 1536 138 35 natura,
900 1536 63 35 &
925 1536 188 35 sufficienti
1076 1536 163 35 bonitate,
1201 1536 88 35 cum
1239 1536 75 35 sibi

757 1569 140 43 voluntas
862 1569 140 43 ordinate
968 1569 152 43 inhaereat
1084 1569 128 43 propter
1178 1569 82 43 se:
1225 1569 70 43 si
1248 1569 70 43 aute

760 1602 102 40 esset
828 1602 159 40 referibile
953 1602 68 40 in
987 1602 102 40 aliud
1056 1602 125 40 alterum
1147 1602 80 40 non
1192 1602 102 40 esset
1249 1602 57 40 per

748 1639 78 36 se
787 1639 194 36 sufficiens,
942 1639 78 36 ad
981 1639 181 36 quietandum
1123 1639 194 36 voluntatem:
1278 1639 65 36 &

756 1671 85 51 per
805 1671 171 51 consequens
939 1671 73 51 si
975 1671 146 51 voluntas
1085 1671 97 51 sibi
1146 1671 171 51 inhaereret
1267 1671 37 51 4

759 1704 99 40 pter
820 1704 74 40 se
858 1704 185 40 inordinate,
1006 1704 185 40 inhaereret,
1154 1704 62 40 &
1167 1704 148 40 inordinate

751 1738 192 49 frueretur,
902 1738 124 49 probo
985 1738 165 49 Minorem,
1108 1738 96 49 nam
1163 1738 124 49 illud
1232 1738 82 49 quod

746 1772 75 50 ex
784 1772 125 50 natura
872 1772 88 50 rei
922 1772 88 50 non
972 1772 150 50 refertur
1085 1772 75 50 in
1122 1772 113 50 aliud
1197 1772 138 50 alterum

745 1812 167 36 oportet
866 1812 121 36 esse
942 1812 151 36 summum
1048 1812 151 36 bonum,
1154 1812 106 36 cum
1199 1812 106 36 omnia

747 1846 92 38 alia
804 1846 92 38 sint
862 1846 173 38 referibilia
1000 1846 127 38 propter
1092 1846 115 38 ipsum,
1172 1846 104 38 ipsum
1230 1846 81 38 autem

750 1877 88 38 non
801 1877 126 38 potest
889 1877 100 38 esse
951 1877 100 38 nisi
1014 1877 100 38 vnum
1077 1877 138 38 tantum,
1177 1877 100 38 quia
1228 1877 75 38 quid

745 1915 143 41 dicitur
849 1915 91 41 per
901 1915 260 41 superabundantiam
1123 1915 91 41 vni
1175 1915 104 41 soli
1227 1915 78 41 con-

754 1945 128 35 uenit:
844 1945 64 35 &
869 1945 90 35 sic
921 1945 154 35 obiectum
1036 1945 179 35 fruitionis
1177 1945 90 35 est
1215 1945 90 35 vnum-

778 1976 248 44 RESPONDEO,
973 1976 106 44 in
1026 1976 142 44 ista
1097 1976 213 44 quaestione

741 2006 163 48 tria
843 2006 163 48 sunt
924 2006 184 48 videnda

807 2048 76 47 An
845 2048 152 47 obiectum
959 2048 177 47 fruitionis
1098 2048 126 47 possit
1187 2048 101 47 esse
1237 2048 76 47 ali-

742 2072 142 54 quod
831 2072 160 54 bonum
920 2072 177 54 creatum.
