1500 2378
117 177 98 56 sint
178 177 111 56 simul
252 177 148 56 naturali
363 177 221 56 intelligentia,
547 177 86 56 non
584 177 111 56 possunt

118 221 175 47 intelligi,
256 221 100 47 vnum
319 221 100 47 sine
382 221 138 47 altero,
482 221 63 47 &
507 221 88 47 per
545 221 150 47 consequens

126 256 85 45 non
174 256 133 45 poterit
271 256 121 45 viator
356 256 85 45 vna
405 256 97 45 frui
466 256 109 45 psona
538 256 97 45 sine
587 256 109 45 altera.

159 287 121 49 Tertio
244 287 133 49 deficit
340 287 145 49 praefata
449 287 121 49 opinio
534 287 133 49 ponens,
618 287 73 49 quod

132 326 74 39 de
169 326 149 39 potentia
281 326 87 39 Dei
330 326 149 39 absoluta
442 326 124 39 possit
529 326 124 39 beatus
603 326 87 39 vide-

120 366 70 41 re
155 366 151 41 essentiam
272 366 93 41 sine
330 366 151 41 personis,
446 366 58 41 &
469 366 93 41 vnam
527 366 140 41 personam
620 366 70 41 sinc

127 397 133 41 altera;
224 397 61 41 &
248 397 85 41 per
296 397 170 41 consequens
430 397 97 41 frui
490 397 85 41 vna
539 397 97 41 sine
587 397 109 41 altera.

153 430 86 40 Nam
202 430 111 40 magis
276 430 136 40 differt
375 430 148 40 essentia
486 430 173 40 creaturae,
622 430 62 40 a
634 430 62 40 suo

123 462 173 51 supposito
256 462 106 51 quam
322 462 160 51 essentia
442 462 133 51 diuina
535 462 67 51 a
549 462 146 51 personis;

121 501 91 37 sed
173 501 91 37 per
225 501 130 37 nullam
316 501 169 37 potentiam
445 501 117 37 fieri
523 501 143 37 potest,
614 501 78 37 quod

126 533 142 45 essentia
233 533 154 45 creaturae
351 533 142 45 videatur
457 533 118 45 aperta
540 533 142 45 visione,
635 533 59 45 non

130 572 106 38 viso
196 572 93 38 suo
249 572 186 38 supposito;
395 572 106 38 ergo
462 572 120 38 multo
542 572 120 38 minus
608 572 93 38 fieri

123 606 139 40 poterit
224 606 101 40 quod
288 606 152 40 essentia
401 606 126 40 diuina
490 606 152 40 videatur
591 606 101 40 intui-

127 633 106 45 tiue
193 633 93 45 non
246 633 120 45 visis
326 633 173 45 personis;
459 633 120 45 Maior
525 633 173 45 conceditur;

120 673 118 39 Minor
198 673 170 39 probatur,
329 673 91 39 nam
381 673 105 39 (per
447 673 105 39 eos)
512 673 118 39 visio
577 673 118 39 intuiti

128 709 76 42 ua
166 709 89 42 non
217 709 139 42 habetur
318 709 101 42 nisi
382 709 76 42 de
420 709 76 42 re
457 709 165 42 praesente
571 709 127 42 secundum

123 740 103 51 suam
187 740 154 51 actualem
303 740 205 51 existentiam,
469 740 90 51 sed
521 740 154 51 essentia
623 740 77 51 crea

123 778 109 43 turae
196 778 85 43 non
244 778 133 43 existit
341 778 169 43 actualiter
474 778 157 43 praesens,
595 778 97 43 nisi
643 778 61 43 per

117 815 189 45 suppositum
265 815 81 45 in
305 815 94 45 quo
359 815 108 45 est,
427 815 108 45 ergo
481 815 67 45 &c.

160 840 196 53 Confirmatur,
319 840 98 53 quia
381 840 111 53 magis
454 840 160 53 abstrahit
577 840 98 53 esse
626 840 74 53 crea

123 881 110 46 turae
196 881 74 46 ab
233 881 159 46 essentia,
356 881 98 46 quam
417 881 147 46 essentia
527 881 123 46 diuina
613 881 61 46 a
625 881 74 46 sup-

119 919 145 39 positis,
228 919 97 39 haec
288 919 121 39 patet,
373 919 97 39 quia
434 919 145 39 essentia
543 919 157 39 creaturae
652 919 48 39 ve

125 953 74 42 ro
162 953 173 42 intellectu
298 953 124 42 potest
384 953 161 42 intelligi
508 953 111 42 etiam
582 953 87 42 cum
632 953 99 42 esse

124 983 178 46 opposito;
261 983 164 46 essentia
384 983 123 46 autem
466 983 137 46 diuina
562 983 123 46 nullo
631 983 68 46 mo-

127 1020 89 45 do,
178 1020 102 45 nunc
242 1020 115 45 autem
318 1020 153 45 essentia
433 1020 165 45 creaturae
560 1020 89 45 sic
611 1020 76 45 se
636 1020 64 45 ha-

124 1047 110 51 bet,
193 1047 110 51 quod
262 1047 151 51 quamuis
372 1047 179 51 abstrahat
509 1047 83 51 ab
537 1047 165 51 existentia

126 1090 184 36 cognitione
270 1090 210 36 abstractiua,
441 1090 92 36 non
493 1090 171 36 abstrahit
611 1090 92 36 tamen

126 1126 75 39 ab
164 1126 75 39 ea
202 1126 175 39 cognitione
339 1126 175 39 intuitiua;
477 1126 75 39 vt
514 1126 138 39 ipsimet
602 1126 100 39 dicunt

127 1159 152 41 ponentes
242 1159 152 41 differen
356 1159 89 41 iam
407 1159 114 41 inter
483 1159 89 41 has
521 1159 178 41 cognitiones;

125 1197 101 42 ergo
189 1197 164 42 sequitur,
315 1197 101 42 quod
378 1197 126 42 diuina
467 1197 152 42 essentia
581 1197 89 42 per
618 1197 89 42 quam-

129 1228 131 37 cumque
221 1228 171 37 potentiam
352 1228 131 37 possit
444 1228 158 37 abstrahi
562 1228 66 37 a
576 1228 131 37 supposi-

129 1263 89 46 tis
180 1263 178 46 cognitione
320 1263 178 46 intuitiua;
459 1263 140 46 quamuis
561 1263 127 46 possit
637 1263 63 46 co-

121 1297 170 43 gnitione
234 1297 185 43 abstractiua

162 1321 176 54 Praeterea,
300 1321 75 54 si
338 1321 125 54 beatus
426 1321 88 54 per
476 1321 138 54 diuinam
564 1321 138 54 potentiam

134 1360 126 47 posset
223 1360 126 47 videre
311 1360 164 47 essentiam
437 1360 126 47 absque
525 1360 164 47 personis,
638 1360 63 47 vel

131 1398 140 44 videret
233 1398 89 44 eam
284 1398 179 44 existentem
425 1398 77 44 in
463 1398 128 44 aliquo
552 1398 179 44 supposito,

127 1428 91 50 vel
179 1428 78 50 in
218 1428 130 50 nullo,
310 1428 91 50 vel
362 1428 144 50 videret
466 1428 91 50 eam
505 1428 196 50 indifferenter

132 1466 78 45 se
171 1466 156 45 habentem
288 1466 78 45 ad
327 1466 117 45 esse,
405 1466 65 45 &
432 1466 91 45 non
484 1466 104 45 esse
549 1466 78 45 in
575 1466 130 45 snpposi-

130 1505 97 40 to,
186 1505 97 40 vel
241 1505 153 40 videret
353 1505 97 40 eam
409 1505 167 40 absolute
534 1505 97 40 per
576 1505 125 40 quandam

131 1540 208 42 abstractionem
302 1540 74 42 ab
339 1540 135 42 omnibus
437 1540 123 42 istis;
523 1540 74 42 si
560 1540 135 42 dicatur
646 1540 61 42 pri

126 1571 99 40 mum
182 1571 155 40 habetur
295 1571 211 40 propositum,
464 1571 84 40 si
506 1571 127 40 autem
576 1571 127 40 dicatur

130 1610 150 40 secundum
243 1610 88 40 est
293 1610 200 40 impossibile;
456 1610 100 40 quia
518 1610 100 40 quod
581 1610 88 40 non
631 1610 100 40 est,

131 1645 91 40 non
183 1645 130 40 potest
274 1645 143 40 videri;
378 1645 104 40 modo
442 1645 104 40 quod
507 1645 156 40 essentia
611 1645 91 40 diui-

123 1679 77 36 na
162 1679 90 36 non
213 1679 142 36 existat
317 1679 77 36 in
355 1679 129 36 aliquo
446 1679 168 36 supposito
575 1679 90 36 est
614 1679 90 36 omni-

133 1706 74 49 no
170 1706 136 49 falsum,
268 1706 74 49 si
305 1706 136 49 dicatur
404 1706 123 49 tertio
490 1706 99 49 modo
552 1706 86 49 est
589 1706 111 49 simili-

130 1748 97 39 ter
186 1748 208 39 impossibile
352 1748 97 39 per
408 1748 139 39 eandem
505 1748 180 39 rationem,
630 1748 69 39 non

128 1780 102 39 enim
192 1780 154 39 essentia
307 1780 77 39 se
346 1780 115 39 habet
423 1780 90 39 per
474 1780 230 39 indifferentiam
653 1780 51 39 ad

129 1812 114 47 esse,
205 1812 63 47 &
231 1812 89 47 non
281 1812 101 47 esse
345 1812 76 47 in
383 1812 177 47 supposito;
522 1812 76 47 si
560 1812 101 47 vero
610 1812 89 47 dica-

134 1845 94 42 tur
187 1845 135 42 quarto
282 1845 121 42 modo,
362 1845 108 42 tunc
430 1845 108 42 illa
497 1845 121 42 visio
578 1845 108 42 erit
632 1845 67 42 ab-

132 1886 173 40 stractiua
265 1886 93 40 non
318 1886 200 40 intuitiua,;
478 1886 67 40 &
505 1886 93 40 per
545 1886 160 40 consequens

131 1918 91 43 nec
170 1918 155 43 beatifica.

181 1944 138 45 buarto
278 1944 138 45 contra
374 1944 138 45 eandem
470 1944 179 45 opinionem
594 1944 110 45 probo.

128 1989 113 38 quod
199 1989 142 38 beatus
298 1989 85 38 de
340 1989 170 38 potentia
467 1989 99 38 Dei
524 1989 170 38 absoluta
637 1989 71 38 non

146 2025 117 39 ossit
224 2025 130 39 videre
314 2025 130 39 primam
405 2025 155 39 personam
522 2025 130 39 absque
612 2025 117 39 alia.

141 2055 91 39 Nam
193 2055 117 39 illa,
271 2055 104 39 quae
337 2055 104 39 sunt
402 2055 144 39 connexa
506 2055 144 39 quantum
611 2055 78 39 ad
637 2055 65 39 com

128 2093 187 44 gnitionem
271 2093 230 44 abstractiuam
458 2093 129 44 multo
544 2093 129 44 magis
616 2093 86 44 sunt

131 2127 158 53 connexa
245 2127 158 53 quantum
360 2127 86 53 ad
403 2127 215 53 cognitionem
561 2127 143 53 intuiti

715 176 104 61 uam:
780 176 91 61 sed
832 176 143 61 diuinae
936 176 156 61 personae
1054 176 91 61 ita
1106 176 104 61 sunt
1158 176 130 61 connexae

713 222 125 42 quoad
796 222 208 42 cognitionem
963 222 236 42 abstractiuam,
1157 222 111 42 quod
1213 222 69 42 ne-

714 254 129 46 queunt
804 254 167 46 intelligi
933 254 103 46 nisi
997 254 129 46 simul;
1087 254 103 46 ergo
1151 254 116 46 multo
1216 254 64 46 ma-

719 290 94 49 gis
772 290 147 49 quantum
879 290 80 49 ad
919 290 200 49 cognitionem
1080 290 187 49 intuitiuam
1213 290 67 49 si-

714 332 96 43 mul
769 332 137 43 debent
865 332 191 43 intelligi;
1015 332 123 43 Maior
1097 332 123 43 patet
1179 332 96 43 per
1220 332 68 43 hoc

717 359 101 43 quia
780 359 151 43 cognitio
893 359 163 43 intuitiua
1019 359 151 43 requirit
1132 359 138 43 maiorem
1220 359 63 43 con

711 399 164 40 nexionem
834 399 109 40 quam
903 399 219 40 abstractiua,
1080 399 109 40 quae
1148 399 109 40 enim
1203 399 82 40 con-

713 427 171 55 nectuntur
845 427 185 55 cognitione
990 427 185 55 intuitiua,
1122 427 158 55 diuiduntur

715 463 185 47 cognitione
860 463 211 47 abstractiua;
1032 463 119 47 Minor
1111 463 145 47 pbatur,
1204 463 79 47 quia

715 503 134 38 diuinae
812 503 158 38 personae,
934 503 85 38 cum
983 503 97 38 sint
1044 503 170 38 relatiuae,
1177 503 85 38 vna
1226 503 85 38 non

721 534 89 46 est
772 534 114 46 prior
848 534 102 46 alia
912 534 153 46 secundum
1027 534 204 46 intentionem,
1179 534 102 46 semper

716 566 121 46 autem
796 566 94 46 per
850 566 202 46 cognitionam
1011 566 228 46 abstractiuam,
1186 566 94 46 primo

715 600 221 53 abstrahitur,
895 600 69 53 &
922 600 207 53 cognoscitur
1088 600 124 53 illud
1171 600 110 53 quod
1226 600 69 53 est

716 630 130 60 prius
802 630 173 60 secundum
932 630 230 60 intentionem,
1119 630 72 60 &
1133 630 144 60 intelli

700 675 156 47 gentiam.

754 688 175 67 Praeterea
888 688 81 67 D.
929 688 81 67 P.
969 688 148 67 August.
1077 688 121 67 primo
1158 688 81 67 de
1185 688 108 67 Trini-

721 736 97 53 tate
782 736 97 53 cap.
843 736 73 53 8.
879 736 110 53 super
952 736 110 53 illud
1025 736 146 53 loannis,
1135 736 122 53 Domine
1208 736 85 53 osten

723 772 74 49 de
760 772 111 49 nobis
833 772 135 49 patrem,
932 772 62 49 &
957 772 148 49 sufficit
1067 772 123 49 nobis,
1154 772 123 49 inquit
1227 772 62 49 si-

719 808 79 49 ue
758 808 158 49 audiamus
877 808 145 49 ostende
982 808 119 49 nobis
1061 808 145 49 filium,
1167 808 105 49 siue
1219 808 66 49 au-

720 849 144 44 diamus
820 849 158 44 ostende
935 849 129 44 nobis
1022 849 158 44 patrem,
1137 849 115 44 idem
1194 849 101 44 tamen

730 880 121 47 valet,
815 880 97 47 quia
875 880 121 47 neuter
960 880 97 47 sine
1020 880 121 47 altero
1105 880 121 47 potest
1177 880 109 47 ostendi

727 919 99 40 vnum
789 919 124 40 quippe
875 919 99 40 sunt
937 919 112 40 sicut
1012 919 99 40 ipse
1074 919 99 40 ait,
1136 919 99 40 ego,
1198 919 62 40 &
1210 919 87 40 pater

722 953 110 38 vnum
791 953 137 38 sumus;
887 953 110 38 illa
955 953 110 38 ergo
1024 953 178 38 supposita
1161 953 110 38 quae
1216 953 82 38 sunt

730 985 101 46 vnum
794 985 76 46 in
832 985 165 46 essentia,
959 985 89 46 ita
1009 985 76 46 se
1047 985 140 46 habent,
1149 985 101 46 quod
1212 985 89 46 qui
1250 985 51 46 vi

718 1020 97 37 det
774 1020 111 37 vnum
843 1020 139 37 videt,
941 1020 70 37 &
969 1020 167 37 alterum,
1094 1020 167 37 secundum
1206 1020 97 37 illud

721 1049 92 51 qui
774 1049 119 51 videt
853 1049 79 51 me
892 1049 132 51 videt,
985 1049 66 51 &
1011 1049 145 51 patrem,
1116 1049 145 51 diuinae
1209 1049 92 51 perso

725 1083 96 55 nae
780 1083 109 55 sunt
848 1083 191 55 huiusmodi;
999 1083 109 55 ergo
1067 1083 82 55 &c
1108 1083 123 55 Maior
1190 1083 82 55 pr
1217 1083 82 55 oba-

721 1130 101 41 tur,
785 1130 88 41 nam
835 1130 152 41 essentia
949 1130 126 41 diuina
1037 1130 139 41 aequali
1138 1130 139 41 necessi
1227 1130 63 41 ati

729 1158 84 49 est
777 1158 72 49 in
813 1158 132 49 omnibus
909 1158 180 49 suppositis;
1053 1158 96 49 ergo
1113 1158 84 49 qui
1161 1158 108 49 videt
1221 1158 72 49 vnum

719 1189 218 47 suppositorum,
899 1189 116 47 videt
976 1189 90 47 qua
1027 1189 193 47 necessitate
1169 1189 128 47 essentia

731 1224 85 50 est
779 1224 73 50 in
816 1224 109 50 illo,
889 1224 61 50 &
913 1224 85 50 sic
962 1224 109 50 videt
1035 1224 109 50 etiam
1108 1224 85 50 qua
1144 1224 146 50 necessita-

725 1254 89 53 te,
776 1254 114 53 eadem
852 1254 89 53 est
903 1254 76 53 in
941 1254 140 53 altero,
1042 1254 63 53 &
1068 1254 89 53 per
1118 1254 178 53 consequens
1245 1254 51 53 vi

724 1295 99 49 det
780 1295 197 49 necessario
935 1295 71 49 &
964 1295 169 49 alterum,
1091 1295 113 49 quod
1161 1295 99 49 non
1203 1295 99 49 solum

729 1325 83 45 est
777 1325 107 45 verum
848 1325 71 45 de
884 1325 119 45 facto,
967 1325 83 45 sed
1015 1325 107 45 etiam
1086 1325 71 45 de
1122 1325 167 45 possibili;
1241 1325 59 45 pe-

725 1370 103 35 tens
790 1370 103 35 enim
854 1370 155 35 Filippus
971 1370 155 35 visionem
1087 1370 142 35 patris,
1178 1370 116 35 perebat

721 1399 148 52 aliquem
828 1399 161 52 effectum
949 1399 242 52 omnipotentiae,
1151 1399 108 52 quae
1205 1399 94 52 patri

730 1434 177 43 attribuitur,

763 1452 138 63 Quinto
860 1452 138 63 contra
956 1452 138 63 eandem
1053 1452 138 63 probo,
1149 1452 110 63 quod
1204 1452 97 63 trini

725 1500 90 50 tas
777 1500 180 50 personarum
918 1500 90 50 non
970 1500 90 50 sit
1021 1500 116 50 velut
1099 1500 155 50 obiectum
1202 1500 90 50 secun

721 1544 132 44 darium
813 1544 198 44 fruitionis,
972 1544 66 44 &
998 1544 92 44 hoc
1037 1544 172 44 dupliciter.

758 1573 126 45 Primo
842 1573 112 45 quia
913 1573 197 45 sequeretur
1067 1573 112 45 quod
1137 1573 141 45 beatus
1222 1573 70 45 non

725 1603 103 44 vere
790 1603 167 44 frueretur
918 1603 167 44 Trinitate
1047 1603 193 44 personarum,
1202 1603 90 44 nec
1240 1603 52 44 in

725 1642 73 44 ea
761 1642 230 44 beatificaretur;
955 1642 170 44 consequens
1089 1642 85 44 est
1137 1642 133 44 falsum;
1222 1642 73 44 ergo

720 1677 69 43 &
748 1677 207 43 antecedens;
913 1677 166 43 Falsitas
1038 1677 221 43 consequentis
1203 1677 97 43 patet

727 1715 195 43 omnibus;
873 1715 81 43 &
906 1715 114 43 per
971 1715 98 43 P.
1020 1715 228 43 Augustinum
1182 1715 114 43 primo

727 1745 76 48 de
765 1745 164 48 Trinitate
891 1745 76 48 ca
929 1745 63 48 8
954 1745 164 48 probatur,
1080 1745 88 48 vbi
1130 1745 88 48 ait
1181 1745 101 48 quod
1231 1745 63 48 ple

721 1775 89 49 num
772 1775 140 49 gaudium
874 1775 89 49 est
925 1775 102 49 frui
988 1775 178 49 Trinitate,
1128 1775 76 49 ad
1166 1775 114 49 cuius
1229 1775 64 49 ima

722 1816 127 43 ginem
807 1816 127 43 facti
891 1816 127 43 sumus
976 1816 240 43 Consequentiam
1174 1816 127 43 probo
1245 1816 57 43 du

725 1845 171 48 pliciter;
856 1845 118 48 Primo
935 1845 105 48 quia
1000 1845 79 48 eo
1040 1845 105 48 quod
1105 1845 157 48 Trinitas
1210 1845 92 48 perso

725 1887 120 40 narum
805 1887 146 40 ponitur
911 1887 186 40 secudarium
1057 1887 173 40 obiectum,
1191 1887 133 40 sequi

722 1918 91 44 tur
774 1918 104 44 quod
839 1918 130 44 beatus
931 1918 91 44 non
983 1918 144 44 diligat
1087 1918 91 44 eam
1139 1918 144 44 propter
1231 1918 65 44 se,

728 1953 63 43 &
754 1953 88 43 per
804 1953 176 43 consequens
942 1953 88 43 non
993 1953 101 43 vere
1056 1953 139 43 fruatur
1157 1953 113 43 illa,
1219 1953 76 43 quia

728 1985 96 50 frui
788 1985 84 50 est
836 1985 108 50 amore
908 1985 156 50 inhaetere
1029 1985 120 50 alicui
1113 1985 132 50 propter
1209 1985 72 50 se
1233 1985 60 50 Se-

726 2016 118 49 cundo
805 2016 105 49 quia
870 2016 79 49 ex
910 2016 92 49 quo
962 2016 131 49 visio,
1054 2016 66 49 &
1081 2016 145 49 fruitio
1186 2016 92 49 non
1225 2016 66 49 de-

721 2051 153 49 pendent,
836 2051 89 49 nec
887 2051 217 49 specificantur
1066 2051 77 49 ab
1104 2051 140 49 obiecto
1193 2051 102 49 secun-

722 2084 124 51 dario;
808 2084 86 51 (vt
858 2084 136 51 istimet
956 2084 136 51 dicunt)
1055 2084 161 51 sequitur,
1179 2084 99 51 quod
1228 2084 62 51 hu-

729 2119 143 57 iusmodi
833 2119 156 57 obiectum
950 2119 91 57 non
1002 2119 169 57 pertineat
1131 2119 78 57 ad
1157 2119 143 57 veritaten
