2964 4288
476 369 191 180 operari
615 369 260 180 partialiter
823 369 243 180 concausans
1014 369 139 180 Ista
1101 369 226 180 conclusio
1274 369 208 180 probatur

470 437 196 204 primo
601 437 174 204 quod
710 437 152 204 sit
797 437 240 204 habitus
971 437 435 204 supernaturaliter
1319 437 131 204 infu

465 536 156 147 sus
554 536 200 147 patet
687 536 200 147 extra
821 536 134 147 de
888 536 312 147 haereticis
1133 536 134 147 in
1200 536 334 147 clementinis

453 613 250 150 quod
609 613 219 150 sit
734 613 156 150 a
797 613 219 150 deo
922 613 375 150 actuante
1204 613 313 150 mentem

439 677 278 185 patet
625 677 247 185 quia
779 677 247 185 deus
934 677 216 185 est
1057 677 247 185 vita
1212 677 309 185 animae

464 742 194 156 igitur
599 742 194 156 actuat
735 742 135 156 eam
812 742 310 156 consequentia
1064 742 155 156 nota
1160 742 271 156 antecedens
1373 742 135 156 est

474 810 197 177 beati
605 810 262 177 gregorii
802 810 197 177 super
933 810 197 177 ezech
1065 810 197 177 parte
1196 810 131 177 2a
1261 810 219 177 omelia
1415 810 131 177 5a

468 892 196 164 quod
590 892 196 164 haec
712 892 269 164 caritas
908 892 342 164 actualiter
1177 892 342 164 carisirmat

466 979 178 149 deo
567 979 153 149 et
644 979 254 149 semper
822 979 305 149 continue
1051 979 229 149 satis
1204 979 229 149 patet
1356 979 153 149 de

480 1047 199 136 se
579 1047 199 136 et
679 1047 232 136 sic
811 1047 364 136 videtur
1076 1047 397 136 salvator
1341 1047 132 136 di

456 1125 325 178 xisse
672 1125 253 178 Ego
817 1125 433 178 cognosco
1141 1125 289 178 meas
1322 1125 216 178 Et

442 1206 322 156 Iohannes
684 1206 161 156 13
764 1206 161 156 In
845 1206 242 156 finem
1006 1206 295 156 dilexit
1221 1206 188 156 eos
1328 1206 215 156 quod

471 1264 194 172 autem
601 1264 172 172 deum
709 1264 194 172 nolis
838 1264 194 172 patet
967 1264 151 172 per
1053 1264 216 172 beatum
1204 1264 302 172 augustinum

479 1381 135 111 in
546 1381 135 111 de
613 1381 247 111 moribus
793 1381 292 111 ecclesiae
1017 1381 269 111 capitulo
1219 1381 135 111 14
1286 1381 157 111 per
1353 1381 135 111 cari

465 1440 299 128 tatem
664 1440 233 128 fit
797 1440 199 128 ut
897 1440 432 128 formentur
1229 1440 233 128 deo
1362 1440 199 128 et

475 1509 137 141 4
529 1509 165 141 de
612 1509 330 141 doctrina
859 1509 385 141 christiana
1162 1509 357 141 caritatem

480 1562 202 128 vocat
614 1562 202 128 motum
749 1562 202 128 animi
884 1562 135 128 et
952 1562 135 128 in
1019 1562 202 128 libro
1154 1562 360 128 confessionum

470 1631 385 153 pondus
739 1631 308 153 meum
931 1631 308 153 amor
1123 1631 308 153 meus
1316 1631 269 153 mul

478 1719 169 138 tae
574 1719 193 138 sunt
695 1719 144 138 ad
767 1719 169 138 hoc
863 1719 385 138 auctoritates
1176 1719 241 138 igitur
1345 1719 169 138 etc

412 1783 111 134 ¶
456 1783 221 134 primum
611 1783 332 134 corollarium
877 1783 221 134 contra
1031 1783 288 134 magistrum
1253 1783 288 134 hugolinus

486 1875 219 118 circa
632 1875 390 118 distinctione
949 1875 146 118 14
1022 1875 146 118 et
1095 1875 171 118 4or
1192 1875 317 118 sequentes
1412 1875 97 118 Ca

484 1943 268 141 ritas
663 1943 297 141 creata
871 1943 297 141 mentem
1079 1943 476 141 rationabilem

478 2020 230 96 quam
622 2020 345 96 informat
880 2020 201 96 non
995 2020 287 96 semper
1196 2020 402 96 actualiter

491 2078 262 128 inclinat
688 2078 196 128 patet
819 2078 131 128 ex
884 2078 327 128 conclusione
1146 2078 131 128 Et
1211 2078 327 128 confirmatur

490 2153 241 139 quia
640 2153 331 139 caritas
881 2153 301 139 creata
1092 2153 211 139 non
1213 2153 361 139 inclinat

495 2236 216 142 nisi
630 2236 135 142 a
684 2236 297 142 spiritu
900 2236 270 142 sancto
1089 2236 216 142 mota
1224 2236 243 142 Etiam
1386 2236 162 142 2m

484 2311 193 135 eum
595 2311 220 135 quia
732 2311 303 135 caritas
953 2311 303 135 inceata
1173 2311 413 135 tripliciter

479 2382 323 127 caritas
713 2382 294 127 creata
919 2382 411 127 dupliciter
1242 2382 176 127 et
1330 2382 235 127 mens

488 2457 309 139 rationalis
730 2457 331 139 simpliciter
995 2457 132 139 in
1061 2457 176 139 tali
1171 2457 309 139 operatione
1392 2457 110 139 con

470 2536 312 129 currit
688 2536 218 129 nam
813 2536 343 129 caritas
1062 2536 187 129 in
1156 2536 312 129 creata
1343 2536 156 129 uni

473 2614 247 146 ficat
637 2614 330 146 inclinat
885 2614 165 146 et
967 2614 330 146 operatur
1214 2614 275 146 gratia
1379 2614 110 146 in

475 2693 228 123 clinat
635 2693 137 123 et
704 2693 274 123 operatur
909 2693 274 123 potentia
1115 2693 206 123 solum
1252 2693 274 123 operatur

473 2754 167 160 sed
569 2754 286 160 spiritus
783 2754 262 160 sanctus
974 2754 167 160 non
1069 2754 215 160 movet
1212 2754 334 160 actualiter

488 2827 176 137 nisi
598 2827 220 137 quando
752 2827 176 137 vult
861 2827 198 137 mente
993 2827 242 137 operari
1169 2827 263 137 secundum
1366 2827 176 137 quod

481 2894 244 167 potest
652 2894 244 167 haberi
823 2894 147 167 ex
896 2894 196 167 illo
1018 2894 220 167 ezech
1165 2894 220 167 primo
1311 2894 171 167 ubi
1409 2894 147 167 e-

466 2975 200 133 rat
581 2975 314 133 impetus
809 2975 342 133 spiritus
1065 2975 257 133 illuc
1236 2975 314 133 gradie-

484 3053 170 139 bantur
603 3053 170 139 igitur
722 3053 204 139 sequitur
875 3053 255 139 corollarium
1080 3053 85 139 ¶
1114 3053 204 139 secundum
1267 3053 255 139 corollarium

459 3109 175 150 est
559 3109 250 150 domini
734 3109 275 150 aegidii
934 3109 150 150 et
1008 3109 225 150 ponit
1158 3109 225 150 ipsum
1308 3109 250 150 thomas

465 3194 101 144 de
516 3194 203 144 argentis
668 3194 237 144 quaestione
854 3194 84 144 1
887 3194 169 144 istius
1006 3194 270 144 distinctione
1225 3194 203 144 articulo
1377 3194 101 144 3o

451 3288 245 137 habens
622 3288 318 137 caritatem
866 3288 293 137 habentis
1086 3288 171 137 non
1184 3288 245 137 potest
1331 3288 171 137 exire

457 3370 232 128 eius
602 3370 262 128 actum
777 3370 349 128 proprium
1038 3370 232 128 nisi
1183 3370 291 128 moveat
1358 3370 145 128 eum

1630 349 261 200 specialiter
1838 349 209 200 spiritus
1995 349 191 200 sanctus
2134 349 209 200 probatur
2291 349 261 200 corollarium
2499 349 122 200 per
2569 349 174 200 beatum

1621 448 312 140 augustinum
1866 448 200 140 libro
1999 448 200 140 primo
2133 448 134 140 de
2199 448 223 140 verbis
2355 448 178 140 deum
2466 448 111 140 c
2489 448 200 140 sermone

1614 520 141 162 5
1670 520 254 162 bonum
1840 520 226 162 quod
1981 520 254 162 facis
2150 520 311 162 hominem
2376 520 254 162 bonum
2518 520 169 162 deus

1608 595 185 118 est
1713 595 185 118 non
1819 595 211 118 enim
1950 595 264 118 reddit
2135 595 290 118 hominem
2346 595 237 118 bonum
2504 595 211 118 nisi

1618 669 203 114 iste
1744 669 178 114 qui
1846 669 254 114 semper
2023 669 228 114 bonus
2176 669 178 114 est
2277 669 152 114 et
2353 669 152 114 2o
2429 669 152 114 de
2505 669 228 114 libro

1622 723 360 143 arbitrio
1892 723 270 143 nulla
2072 723 210 143 res
2191 723 300 143 formae
2401 723 180 143 se
2491 723 270 143 ipsam

1620 799 214 132 potest
1769 799 107 132 ¶
1812 799 128 132 3m
1876 799 320 132 corollarium
2132 799 214 132 contra
2282 799 128 132 3m
2346 799 192 132 modum
2474 799 171 132 quem
2559 799 107 132 re-

1640 854 219 145 citat
1785 854 243 145 doctor
1955 854 291 145 subtilis
2174 854 146 145 in
2247 854 194 145 ista
2368 854 388 145 distinctione

1636 948 216 150 prima
1780 948 144 150 et
1852 948 144 150 2a
1924 948 408 150 quaestionibus
2261 948 264 150 habitus
2453 948 312 150 caritatis

1625 1000 333 172 creatatae
1882 1000 179 172 non
1984 1000 231 172 solum
2138 1000 282 172 efficit
2343 1000 384 172 operationem

1625 1087 459 119 meliorativam
1998 1087 344 119 merentis
2256 1087 316 119 quantum
2486 1087 172 119 ad
2543 1087 115 119 in

1637 1153 335 137 tensione
1889 1153 168 137 et
1972 1153 279 137 gradum
2168 1153 196 137 sed
2280 1153 252 137 etiam
2420 1153 252 137 quantum

1642 1226 122 142 ad
1703 1226 305 142 substantiam
1946 1226 122 142 et
2007 1226 183 142 actum
2129 1226 183 142 patet
2251 1226 122 142 ex
2312 1226 305 142 conclusione
2556 1226 122 142 et
2616 1226 142 142 dua

1640 1296 138 130 bus
1719 1296 217 130 ultimis
1877 1296 276 130 particulis
2094 1296 296 130 specialiter
2331 1296 316 130 conclusionis
2568 1296 99 130 pro

1636 1387 243 138 quibus
1806 1387 146 138 et
1879 1387 340 138 corollario
2146 1387 170 138 est
2243 1387 316 138 autoritas
2485 1387 267 138 adducta

1642 1453 150 158 in
1717 1453 150 158 3a
1792 1453 274 158 ratione
1991 1453 349 158 principali
2266 1453 125 158 ¶
2316 1453 250 158 Contra
2490 1453 250 158 primum

1645 1536 344 157 corollarium
1920 1536 252 157 Caritas
2104 1536 161 157 est
2195 1536 229 157 pondus
2356 1536 229 157 animae
2517 1536 161 157 sed
2585 1536 115 157 pon

1630 1628 177 149 dus
1731 1628 353 149 actualiter
2008 1628 277 149 praemit
2210 1628 151 149 et
2285 1628 277 149 generat
2487 1628 252 149 igitur

1630 1702 308 125 caritas
1854 1702 392 125 actualiter
2162 1702 252 125 movet
2330 1702 168 125 et
2414 1702 336 125 inclinat

1644 1777 115 141 ¶
1690 1777 229 141 Contra
1850 1777 137 141 2m
1919 1777 344 141 corollarium
2194 1777 275 141 arguitur
2400 1777 137 141 ex
2469 1777 229 141 dictis
2606 1777 115 141 got

1643 1860 211 161 fridi
1783 1860 304 161 oppositum
2017 1860 281 161 tenentis
2228 1860 164 161 sic
2321 1860 234 161 habens
2485 1860 281 161 spiritum

1639 1917 309 129 sanctum
1864 1917 197 129 non
1976 1917 309 129 indiget
2201 1917 337 129 speciali
2454 1917 309 129 motione

1655 1990 237 171 spiritus
1833 1990 198 171 sancti
1972 1990 138 171 sed
2051 1990 198 171 habens
2189 1990 257 171 caritatem
2387 1990 178 171 habet
2505 1990 237 171 spiritum

1650 2071 211 135 sanctum
1804 2071 192 135 igitur
1938 2071 288 135 corollarium
2169 2071 192 135 falsum
2303 2071 173 135 maior
2419 2071 211 135 videtur
2573 2071 154 135 nota

1638 2133 115 138 e
1684 2133 207 138 minor
1822 2133 207 138 patet
1960 2133 161 138 per
2052 2133 207 138 totum
2190 2133 138 138 ad
2259 2133 253 138 Romanos
2443 2133 115 138 5
2466 2133 207 138 caritas

1630 2221 165 136 dei
1725 2221 259 136 differi
1913 2221 118 136 ¶
1960 2221 235 136 Contra
2124 2221 141 136 3m
2195 2221 353 136 corollarium
2477 2221 141 136 si
2524 2221 212 136 caritas

1642 2291 335 174 efficit
1885 2291 335 174 oportet
2128 2291 274 174 illam
2311 2291 487 174 meliorativam

1644 2362 156 141 cum
1733 2362 291 141 voluntate
1957 2362 156 141 vel
2046 2362 223 141 igitur
2202 2362 291 141 posterius
2426 2362 134 141 et
2493 2362 156 141 hoc
2582 2362 156 141 non

1656 2448 197 156 sicut
1787 2448 197 156 patet
1919 2448 306 156 monologion
2159 2448 131 156 15
2225 2448 153 156 ubi
2312 2448 263 156 comparat
2509 2448 263 156 anselmum

1637 2522 290 139 gratiam
1848 2522 290 139 sessori
2058 2522 343 139 voluntate
2322 2522 158 139 In
2401 2522 237 139 mente
2559 2522 185 139 vel

1645 2614 274 115 prius
1827 2614 183 115 et
1918 2614 213 115 hoc
2040 2614 274 115 etiam
2223 2614 213 115 non
2344 2614 243 115 quia
2496 2614 243 115 tunc

1648 2676 226 142 habitus
1813 2676 246 142 uteretur
1997 2676 246 142 potentia
2182 2676 123 142 et
2244 2676 144 142 non
2326 2676 246 142 potentia
2511 2676 205 142 habitu

1659 2749 186 139 quod
1775 2749 163 139 est
1868 2749 232 139 contra
2030 2749 279 139 rationem
2240 2749 256 139 habitus
2425 2749 163 139 vel
2518 2749 209 139 aeque

1631 2819 162 125 et
1712 2819 189 125 hoc
1820 2819 243 125 etiam
1982 2819 189 125 non
2090 2819 189 125 Cum
2199 2819 216 125 sint
2334 2819 270 125 causae
2496 2819 189 125 parti

1635 2896 227 171 ales
1777 2896 170 171 et
1862 2896 369 171 aequivoce
2145 2896 426 171 differentes
2486 2896 284 171 specie

1656 2971 220 131 igitur
1810 2971 154 131 etc
1898 2971 110 131 ¶
1943 2971 132 131 ad
2009 2971 176 131 ista
2119 2971 287 131 respondeo
2339 2971 132 131 ad
2405 2971 220 131 primum
2560 2971 154 131 cum

1626 3049 310 129 dicitur
1851 3049 310 129 caritas
2077 3049 197 129 est
2190 3049 282 129 pondus
2387 3049 197 129 etc
2500 3049 254 129 sicut

1660 3120 287 138 pondus
1861 3120 201 138 etc
1976 3120 230 138 dico
2119 3120 230 138 quod
2263 3120 258 138 sempe
2435 3120 344 138 inclinat

1651 3196 250 107 actu
1807 3196 219 107 vel
1932 3196 313 107 habitu
2151 3196 188 107 et
2245 3196 219 107 hoc
2370 3196 375 107 sufficit

1666 3275 173 117 sic
1765 3275 272 117 videtur
1963 3275 346 117 augustinus
2235 3275 395 117 intellixisse
2556 3275 198 117 unde

1639 3322 326 157 ibidem
1867 3322 195 157 ea
1965 3322 293 157 feror
2161 3322 456 157 quaecumque
2519 3322 293 157 feror
