2964 4300
267 370 200 122 non
382 370 257 122 dixit
553 370 285 122 semper
752 370 257 122 feror
923 370 143 122 ¶
980 370 171 122 Ad
1066 370 342 122 rationem

291 448 210 144 contra
438 448 126 144 2m
501 448 147 144 cum
585 448 231 144 dicitur
753 448 210 144 habens
900 448 252 144 spiritum
1089 448 168 144 dico
1194 448 168 144 quod

288 529 251 127 spiritus
476 529 230 127 sanctus
643 529 209 127 potest
789 529 209 127 haberi
935 529 188 127 quasi
1061 529 334 127 habitualiter

276 604 163 128 non
369 604 210 128 tamen
509 604 186 128 dico
625 604 163 128 per
718 604 210 128 modum
858 604 256 128 habitus
1044 604 140 128 et
1114 604 233 128 potest

249 675 283 95 haberi
447 675 283 95 motive
645 675 396 95 actualiter
957 675 170 95 si
1042 675 255 95 primo
1183 675 170 95 modo

275 757 377 116 intelligitur
582 757 189 116 nego
700 757 259 116 maiorem
888 757 141 116 si
959 757 141 116 2o
1030 757 189 116 modo
1148 757 259 116 concedo

270 829 265 118 totam
446 829 353 118 rationem
711 829 235 118 quia
858 829 235 118 illa
1005 829 206 118 est
1123 829 265 118 motio

257 899 180 129 et
347 899 330 129 habitio
587 899 180 129 de
677 899 210 129 qua
797 899 210 129 ego
918 899 210 129 tum
1038 899 270 129 istis
1188 899 150 129 doc

272 973 283 107 toribus
478 973 257 107 loquor
658 973 128 107 ¶
709 973 154 107 Ad
786 973 154 107 2m
863 973 257 107 potest
1043 973 360 107 responderi

281 1047 129 111 ex
345 1047 215 111 dictis
495 1047 258 111 doctoris
689 1047 258 111 subtilis
882 1047 129 111 in
946 1047 172 111 ista
1032 1047 301 111 distinctione

275 1111 239 129 quaestione
463 1111 102 129 2a
514 1111 102 129 Et
565 1111 171 129 dictis
684 1111 222 129 hugolinis
855 1111 154 129 libro
958 1111 102 129 2o
1009 1111 154 129 circa
1094 1111 256 129 distinctionem

255 1210 187 109 27
348 1210 249 109 quia
504 1210 187 109 si
597 1210 280 109 talis
783 1210 373 109 operatio
1063 1210 342 109 meliora

269 1269 229 111 tiva
412 1269 458 111 consideratur
784 1269 172 111 ut
870 1269 257 111 actus
1042 1269 200 111 sic
1156 1269 200 111 est

273 1340 420 119 principaliter
620 1340 124 119 a
669 1340 173 119 deo
768 1340 148 119 et
842 1340 223 119 quasi
990 1340 223 119 aeque
1139 1340 223 119 primo

262 1406 255 129 agram
432 1406 170 129 et
517 1406 369 129 voluntate
800 1406 170 129 si
885 1406 170 129 ut
970 1406 255 129 actus
1141 1406 255 129 liber

259 1481 200 135 sit
374 1481 258 135 primo
546 1481 143 135 a
603 1481 200 135 deo
717 1481 172 135 2o
803 1481 143 135 a
860 1481 401 135 voluntatem
1175 1481 172 135 3o
1232 1481 86 135 a

276 1536 207 160 gratia
421 1536 124 160 si
483 1536 268 160 inquantum
689 1536 248 160 iustitia
875 1536 351 160 principaliter
1164 1536 103 160 a
1206 1536 145 160 deo

236 1639 146 110 ¶
294 1639 176 110 2o
382 1639 146 110 a
441 1639 293 110 gratia
646 1639 176 110 3o
734 1639 146 110 a
792 1639 381 110 voluntate
1085 1639 176 110 si
1173 1639 176 110 ut
1232 1639 117 110 me

264 1708 307 131 ritoria
487 1708 223 131 tunc
626 1708 529 131 diversificantur
1072 1708 223 131 isti
1184 1708 139 131 doc

270 1784 203 137 tores
406 1784 158 137 qui
496 1784 158 137 cum
587 1784 271 137 magister
790 1784 294 137 hugolinus
1016 1784 203 137 dicit
1151 1784 181 137 quod

280 1841 228 149 nullum
440 1841 205 149 habet
576 1841 342 149 latitudinem
849 1841 319 149 efficiendi
1100 1841 137 149 ut
1168 1841 159 149 sit

266 1913 183 141 nec
370 1913 261 141 gratia
553 1913 183 141 nec
657 1913 313 141 voluntas
892 1913 261 141 doctor
1075 1913 313 141 subtilis

268 2013 185 122 dicit
392 2013 164 122 quod
494 2013 144 122 sic
576 2013 144 122 est
658 2013 349 122 principaliter
946 2013 123 122 2o
1007 2013 103 122 a
1048 2013 205 122 gratia
1192 2013 123 122 3o

257 2058 131 145 a
309 2058 340 145 voluntate
571 2058 183 145 Sed
675 2058 262 145 contra
858 2058 209 145 haec
989 2058 209 145 sunt
1120 2058 235 145 dicta

253 2155 127 130 in
316 2155 190 130 prima
443 2155 317 130 conclusione
697 2155 106 130 /
740 2155 127 130 Ex
803 2155 169 130 hiis
909 2155 212 130 igitur
1057 2155 190 130 patet
1184 2155 169 130 quid

249 2225 337 103 dicendum
501 2225 168 103 ad
586 2225 196 103 3am
698 2225 337 103 rationem
950 2225 421 103 principalem

258 2309 127 115 et
321 2309 211 115 contra
469 2309 254 115 rationem
660 2309 211 115 contra
808 2309 127 115 3m
871 2309 317 115 corollarium
1125 2309 233 115 sanctam

258 2375 207 127 igitur
403 2375 145 127 etc
486 2375 248 127 Sequitur
672 2375 352 127 distinctionis
962 2375 207 127 istius
1107 2375 124 127 2a
1169 2375 166 127 pars

255 2455 437 131 principalis
604 2455 204 131 etc

470 2511 137 128 ic
539 2511 297 128 quaeretur
767 2511 137 128 si
836 2511 251 128 caritas
1018 2511 183 128 ista
1110 2511 206 128 secunda

478 2596 219 128 pars
615 2596 411 128 principalis
944 2596 411 128 continuatur

461 2679 143 112 ad
533 2679 381 112 praecedentis
842 2679 286 112 postquam
1056 2679 286 112 magister

238 2729 170 140 de
323 2729 398 140 dilectione
635 2729 199 140 dei
749 2729 170 140 et
834 2729 341 140 proximum
1090 2729 284 140 posuit

250 2805 291 117 suam
432 2805 546 117 intuitionem
869 2805 255 117 hic
1014 2805 328 117 movet

264 2884 148 123 et
338 2884 344 123 determinat
609 2884 295 123 qualiter
830 2884 295 123 dilectio
1051 2884 148 123 in
1125 2884 221 123 nobis

251 2957 365 108 recipiat
524 2957 395 108 augmentum
828 2957 182 108 et
920 2957 456 108 intensionem

247 3027 153 135 et
323 3027 331 135 dividitur
578 3027 204 135 haec
705 3027 331 135 particula
960 3027 153 135 in
1036 3027 153 135 3s
1113 3027 229 135 alias

254 3106 212 122 quia
386 3106 239 122 primo
545 3106 318 122 magister
784 3106 239 122 movet
943 3106 398 122 quaestionem

247 3169 257 141 dubiam
427 3169 129 141 /
479 3169 154 141 2o
556 3169 231 141 ponit
710 3169 411 141 responsionem
1044 3169 180 141 sua
1147 3169 154 141 3o
1198 3169 129 141 auc

247 3244 302 159 tortatibus
485 3244 259 159 ostendit
679 3244 345 159 responsionem
959 3244 173 159 esse
1067 3244 194 159 veram
1197 3244 129 159 et

253 3319 333 162 solidam
495 3319 242 162 tunc
646 3319 182 162 2a
737 3319 242 162 pars
888 3319 333 162 incipit
1100 3319 151 162 ibi

1479 356 201 142 hiis
1605 356 251 142 itaque
1780 356 377 142 respondemus
2082 356 151 142 3a
2157 356 176 142 ibi
2258 356 151 142 ut
2333 356 226 142 autem

1482 458 309 111 tertius
1707 458 169 111 et
1791 458 225 111 haec
1931 458 197 111 est
2044 458 197 111 etc

1662 490 219 121 Trum
1799 490 192 121 per
1908 490 356 121 caritatem
2182 490 356 121 gradualem

1653 583 465 114 intensionem
2025 583 310 114 viator
2242 583 310 114 iustus

1673 647 274 116 capere
1865 647 274 116 possit
2057 647 192 116 sui
2167 647 247 116 iusti
2331 647 220 116 esse

1475 730 170 108 sine
1581 730 233 108 termino
1751 730 361 108 meliorationem
2048 730 255 108 arguitur
2238 730 191 108 primo
2366 730 170 108 quod

1478 782 199 121 non
1591 782 312 121 Caritas
1818 782 199 121 non
1931 782 199 121 est
2045 782 425 121 gradualiter
2357 782 170 121 remi

1489 855 272 121 ssibilis
1693 855 226 121 igitur
1852 855 159 121 nec
1942 855 340 121 gradualiter
2214 855 362 121 intensibilis

1470 933 361 116 consequentia
1764 933 181 116 nota
1877 933 181 116 quia
1990 933 203 116 sicut
2125 933 158 116 per
2215 933 226 116 gradus
2373 933 158 116 vel

1460 996 274 121 gradum
1652 996 466 121 replicationem
2036 996 192 121 sit
2145 996 329 121 intensio
2365 996 137 121 ita

1458 1072 190 107 per
1566 1072 217 107 eius
1702 1072 190 107 vel
1811 1072 244 107 earum
1974 1072 380 107 recisionem
2246 1072 244 107 abscisi

1459 1132 256 117 onem
1619 1132 224 117 vel
1747 1132 448 117 decisionem
2100 1132 224 117 fit
2228 1132 384 117 remissio

1473 1199 217 119 alias
1618 1199 290 119 arguitur
1835 1199 193 119 quia
1956 1199 217 119 talis
2101 1199 290 119 remissio
2318 1199 241 119 fieret

1475 1270 188 112 vel
1583 1270 188 112 per
1690 1270 296 112 mortale
1905 1270 161 112 et
1986 1270 188 112 hoc
2093 1270 188 112 non
2201 1270 215 112 quia
2335 1270 242 112 totum

1453 1338 298 121 tollit
1662 1338 208 121 vel
1781 1338 417 121 perveniale
2108 1338 179 121 et
2198 1338 208 121 hoc
2317 1338 268 121 etiam

1464 1407 181 126 non
1567 1407 206 126 quia
1696 1407 206 126 tunc
1825 1407 284 126 aliquod
2032 1407 284 126 veniale
2238 1407 361 126 praevietur

1483 1487 171 108 pena
1590 1487 235 108 aeterna
1761 1487 235 108 ratione
1932 1487 235 108 propria
2103 1487 214 108 contra
2253 1487 278 108 magistrum

1466 1549 182 100 libro
1587 1549 121 100 2o
1647 1549 323 100 distinctione
1910 1549 121 100 42
1970 1549 141 100 ubi
2051 1549 182 100 dicit
2172 1549 161 100 quod
2273 1549 222 100 peccato
2414 1549 81 100 ve

1464 1617 218 112 niali
1609 1617 218 112 solum
1755 1617 339 112 temporalis
2021 1617 194 112 pena
2142 1617 291 112 debentur
2361 1617 194 112 hanc

1455 1690 270 108 materiam
1657 1690 247 108 tractat
1837 1690 225 108 doctor
1994 1690 315 108 sollempnis
2241 1690 135 108 in
2286 1690 225 108 quolibet

1456 1780 287 83 quaestione
1682 1780 123 83 24
1744 1780 226 83 informa
1908 1780 103 83 /
1949 1780 123 83 2o
2011 1780 246 83 arguitur
2195 1780 144 83 sic
2277 1780 267 83 quodlibet

1460 1822 262 89 iustum
1643 1822 341 89 gratuitum
1905 1822 236 89 agere
2063 1822 236 89 iusti
2220 1822 315 89 viatoris

1448 1881 179 121 est
1551 1881 358 121 formaliter
1832 1881 179 121 quo
1934 1881 153 121 ad
2011 1881 281 121 speciem
2215 1881 307 121 virtutis

1437 1956 150 103 et
1512 1956 325 103 bonitatis
1762 1956 275 103 inmense
1962 1956 225 103 agere
2113 1956 250 103 igitur
2288 1956 250 103 nullum

1439 2029 176 113 tale
1549 2029 154 113 est
1637 2029 329 113 intensibile
1900 2029 198 113 patet
2032 2029 351 113 consequentia
2317 2029 154 113 cum
2383 2029 88 113 in

1453 2108 237 111 menso
1611 2108 184 111 non
1716 2108 263 111 possit
1900 2108 237 111 maius
2058 2108 210 111 dari
2189 2108 368 111 antecedens

1442 2163 302 112 arguitur
1669 2163 202 112 quia
1795 2163 328 112 quodlibet
2047 2163 227 112 agere
2198 2163 328 112 procedens

1445 2243 145 133 ex
1517 2243 266 133 formali
1710 2243 217 133 posse
1855 2243 290 133 spiritus
2072 2243 241 133 sancti
2241 2243 145 133 ut
2314 2243 266 133 habitus

1432 2319 175 102 et
1519 2319 380 102 caritatis
1812 2319 205 102 est
1929 2319 322 102 inmense
2163 2319 263 102 agere
2309 2319 146 102 quo

1437 2386 143 128 ad
1509 2386 262 128 speciem
1700 2386 286 128 virtutis
1914 2386 143 128 et
1986 2386 334 128 bonitantis
2248 2386 191 128 Ista
2368 2386 167 128 est

1440 2461 113 134 est
1504 2461 81 134 6
1537 2461 210 134 conclusio
1698 2461 194 134 iohannes
1844 2461 97 134 de
1892 2461 162 134 marchi
2005 2461 259 134 distinctione
2215 2461 129 134 ista
2280 2461 194 134 quaestione

1447 2530 201 115 prima
1581 2530 268 115 articulo
1781 2530 112 115 3
1826 2530 156 115 Sed
1915 2530 290 115 quodlibet
2138 2530 223 115 iustum
2295 2530 223 115 gratui

1447 2594 161 136 cum
1539 2594 207 136 agere
1677 2594 161 136 est
1768 2594 207 136 huius
1906 2594 230 136 igitur
2067 2594 161 136 etc
2159 2594 115 136 /
2205 2594 138 136 3o
2273 2594 161 136 sic
2365 2594 138 136 si

1445 2661 197 155 esset
1576 2661 197 155 sicut
1707 2661 262 155 quaestio
1904 2661 240 155 quaerit
2079 2661 153 155 vel
2166 2661 218 155 igitur
2319 2661 197 155 talis

1442 2738 244 138 intensio
1625 2738 163 138 fiet
1727 2738 122 138 in
1788 2738 224 138 tempore
1951 2738 143 138 vel
2032 2738 122 138 in
2093 2738 244 138 instanti
2277 2738 143 138 sed
2358 2738 204 138 nullum

1431 2819 189 141 istorum
1568 2819 171 141 igitur
1688 2819 206 141 quaestio
1842 2819 154 141 falsa
1945 2819 86 141 /
1980 2819 137 141 quod
2065 2819 120 141 non
2134 2819 103 141 in
2185 2819 189 141 tempore
2323 2819 206 141 probatur

1419 2897 202 119 quia
1545 2897 176 119 cum
1646 2897 227 119 talis
1797 2897 302 119 intensio
2023 2897 378 119 partialiter
2326 2897 202 119 fiat

1417 2973 168 117 ex
1501 2973 252 117 iuste
1669 2973 308 117 operari
1893 2973 168 117 et
1977 2973 392 117 voluntatis
2285 2973 252 117 iuste

1425 3047 230 115 tonari
1586 3047 138 115 et
1655 3047 184 115 haec
1770 3047 161 115 non
1862 3047 299 115 meritoria
2092 3047 184 115 sunt
2207 3047 161 115 per
2299 3047 253 115 aliquod

1426 3144 253 94 tempus
1603 3144 228 94 totum
1755 3144 253 94 igitur
1932 3144 177 94 nec
2034 3144 329 94 intendunt
2287 3144 177 94 per
2363 3144 152 94 ali-

1415 3193 213 127 quod
1548 3193 239 127 totum
1708 3193 266 127 tempus
1894 3193 133 127 /
1947 3193 213 127 Item
2080 3193 213 127 tunc
2213 3193 292 127 caritas
2399 3193 133 127 ac-

1415 3274 329 131 quisita
1654 3274 209 131 vel
1774 3274 269 131 foret
1953 3274 269 131 eadem
2132 3274 209 131 cum
2252 3274 269 131 prima

1433 3351 159 118 vel
1524 3351 159 118 non
1615 3351 159 118 sed
1705 3351 317 118 quodcumque
1954 3351 249 118 istorum
2135 3351 181 118 dici
2226 3351 317 118 inconveniens
