2964 4321
519 364 168 141 ab
603 364 224 141 alia
743 364 336 141 creatura
995 364 280 141 habere
1191 364 224 141 quod
1331 364 196 141 est

550 444 164 148 contra
665 444 247 148 venerabilem
862 444 197 148 anselmum
1010 444 99 148 de
1059 444 164 148 libero
1174 444 197 148 arbitrio
1322 444 197 148 capitulo
1470 444 99 148 14

511 519 152 136 ubi
598 519 348 136 diffinitione
881 519 326 136 corollarium
1142 519 217 136 probat
1294 519 109 136 /
1337 519 217 136 Contra

533 571 165 146 istud
643 571 276 146 corollarium
864 571 221 146 arguitur
1029 571 129 146 sic
1103 571 239 146 Recitando
1286 571 257 146 voluntatis

539 654 141 146 est
620 654 343 146 conpossibilis
902 654 222 146 peccato
1064 654 222 146 mortali
1225 654 202 146 igitur
1367 654 141 146 non
1427 654 101 146 in-

531 742 200 127 cludit
671 742 220 127 gratiam
831 742 340 127 gratificentem
1111 742 320 127 consequentia
1371 742 160 127 nota

528 806 315 146 antecedens
775 806 270 146 probatur
977 806 180 146 quia
1090 806 225 146 volens
1247 806 315 146 rectitudi-

536 884 112 128 nem
600 884 112 128 per
664 884 239 128 venerabilem
855 884 191 128 anselmum
998 884 96 128 de
1046 884 159 128 libero
1157 884 191 128 arbitrio
1301 884 191 128 capitulo
1428 884 64 128 13

514 942 155 147 sed
602 942 266 147 existens
802 942 133 147 in
868 942 244 147 peccato
1045 942 221 147 morali
1200 942 221 147 potest
1333 942 155 147 velle

516 1022 213 157 habere
665 1022 341 157 rectitudinem
941 1022 213 157 igitur
1090 1022 255 157 existens
1282 1022 128 157 in
1324 1022 192 157 peccato

523 1098 282 154 mortali
729 1098 231 154 habet
883 1098 411 154 rectitudinem
1216 1098 128 154 /
1267 1098 154 154 Ad
1344 1098 231 154 istam

532 1168 228 162 rationem
703 1168 190 162 potest
836 1168 171 162 primo
950 1168 152 162 dici
1045 1168 152 162 quod
1139 1168 247 162 rectitudo
1310 1168 228 162 dupliciter

513 1235 285 193 accipitur
732 1235 329 193 simpliciter
995 1235 153 193 vel
1083 1235 263 193 secundum
1280 1235 175 193 quid
1390 1235 175 193 modo

524 1331 233 161 dictum
687 1331 256 161 anselmi
873 1331 372 161 intelligitur
1175 1331 140 161 de
1245 1331 349 161 rectitudine

528 1414 158 145 2m
607 1414 211 145 quid
738 1414 184 145 ita
844 1414 211 145 quod
975 1414 263 145 volens
1159 1414 263 145 habere
1317 1414 211 145 recti-

507 1473 310 138 tudinem
732 1473 254 138 habet
901 1473 451 138 rectitudinem
1267 1473 169 138 2m
1352 1473 225 138 quid

534 1552 126 153 non
606 1552 270 153 simpliciter
822 1552 126 153 sed
894 1552 270 153 corollarium
1111 1552 162 153 sicut
1219 1552 162 153 patet
1327 1552 216 153 loquitur

510 1623 138 133 de
579 1623 346 133 rectitudine
856 1623 415 133 simplictatatis
1201 1623 161 133 non
1294 1623 138 133 2m
1363 1623 184 133 quid

529 1701 118 119 /
577 1701 236 119 Aliter
741 1701 236 119 potest
906 1701 330 119 responderi
1165 1701 377 119 distinguendo

522 1774 200 150 velle
655 1774 178 150 quod
767 1774 223 150 potest
923 1774 178 150 sumi
1034 1774 156 150 vel
1123 1774 156 150 pro
1212 1774 200 150 velle
1324 1774 200 150 efficia

508 1859 167 121 ci
592 1859 391 121 iudicativo
899 1859 195 121 vel
1011 1859 391 121 inefficati
1318 1859 167 121 ac
1373 1859 140 121 op-

523 1927 235 115 tativo
688 1927 141 115 de
759 1927 212 115 primo
900 1927 282 115 loquitur
1112 1927 282 115 anselmum
1324 1927 141 115 et
1394 1927 165 115 non

506 1986 180 150 de
596 1986 180 150 2o
686 1986 300 150 primum
896 1986 210 150 non
1016 1986 240 150 stat
1165 1986 210 150 cum
1255 1986 270 150 mortali

534 2074 199 145 igitur
673 2074 139 145 etc
753 2074 99 145 /
793 2074 119 145 2m
852 2074 298 145 corollarium
1091 2074 199 145 omnium
1230 2074 219 145 habenti
1389 2074 179 145 rectu

544 2145 356 133 simplicitatis
837 2145 293 133 voluntatis
1068 2145 231 133 debetur
1236 2145 168 133 vita
1319 2145 189 133 aeterna

540 2216 279 129 feciliter
754 2216 258 129 probatur
948 2216 129 129 ex
1012 2216 301 129 corollario
1249 2216 193 129 primo
1378 2216 150 129 nam

516 2288 261 142 omnium
698 2288 287 142 habenti
907 2288 287 142 gratiam
1116 2288 443 142 gratificantem

511 2349 295 151 debetur
726 2349 215 151 vita
860 2349 295 151 aeterna
1074 2349 188 151 sed
1182 2349 241 151 omnis
1342 2349 268 151 habens

534 2433 285 144 rectitudinem
766 2433 267 144 simpliciter
980 2433 160 144 habet
1087 2433 196 144 gratiam
1229 2433 178 144 igitur
1336 2433 214 144 corllarium

512 2498 210 160 verum
652 2498 210 160 ipsum
792 2498 210 160 tamen
932 2498 397 160 intelligendum
1259 2498 164 160 est
1353 2498 140 160 de
1399 2498 164 160 debi-

516 2569 144 174 to
588 2569 216 174 legis
732 2569 336 174 praesentis
996 2569 168 174 non
1091 2569 144 174 2m
1163 2569 216 174 legem
1307 2569 288 174 aeternam

513 2668 166 140 nam
608 2668 261 140 plueros
798 2668 237 140 habent
964 2668 379 140 rectitudinem
1272 2668 332 140 voluntatis

512 2748 135 138 qui
589 2748 174 138 tamen
705 2748 135 138 non
782 2748 154 138 sunt
878 2748 328 138 praedestinati
1148 2748 116 138 et
1206 2748 135 138 per
1283 2748 270 138 consequens

508 2831 167 112 2m
592 2831 250 112 legem
759 2831 167 112 et
842 2831 362 112 iustitiam
1120 2831 334 112 aeternam
1371 2831 195 112 non

505 2891 200 123 est
620 2891 200 123 eis
734 2891 286 123 debita
934 2891 372 123 fecilitas
1220 2891 229 123 sive
1363 2891 229 123 vita

514 2968 191 149 beata
641 2968 255 149 perpetua
832 2968 127 149 et
896 2968 149 149 sic
981 2968 233 149 sumendo
1150 2968 318 149 corollarium
1405 2968 149 149 non

510 3035 286 164 repugnat
725 3035 238 164 dictis
892 3035 143 164 in
963 3035 215 164 prima
1106 3035 358 164 conclusione
1392 3035 191 164 Item

501 3110 195 146 ex
598 3110 260 146 alia
761 3110 228 146 non
891 3110 390 146 repugnat
1183 3110 260 146 quia
1346 3110 228 146 hic

513 3178 283 170 loquitur
726 3178 212 170 sicut
867 3178 165 170 est
961 3178 141 170 de
1032 3178 212 170 facto
1174 3178 165 170 ibi
1268 3178 189 170 vero
1386 3178 212 170 sicut

508 3252 235 173 potest
673 3252 188 173 esse
791 3252 141 173 de
861 3252 141 173 pe
932 3252 141 173 et
1002 3252 282 173 potentia
1214 3252 165 173 dei
1308 3252 118 173 /
1355 3252 235 173 Contra

512 3334 188 144 illud
637 3334 313 144 corollarium
888 3334 209 144 potest
1034 3334 188 144 argui
1159 3334 146 144 per
1242 3334 188 144 verba
1346 3334 209 144 expressa

507 3409 303 165 anshelmi
734 3409 177 165 ubi
835 3409 227 165 supra
986 3409 151 165 de
1062 3409 252 165 libero
1239 3409 303 165 arbitrio
1466 3409 151 165 14

1640 329 186 190 ubi
1747 329 266 190 inquit
1933 329 213 190 dixi
2066 329 239 190 omnem
2225 329 345 190 iustitiam
2464 329 266 190 rectitu-

1645 424 220 155 dinem
1791 424 195 155 esse
1913 424 342 155 voluntatis
2182 424 269 155 propter
2377 424 147 155 se
2450 424 171 155 sed
2548 424 220 155 natam

1650 499 242 161 unde
1801 499 364 161 sequitur
2074 499 273 161 omnem
2256 499 364 161 habentem
2528 499 242 161 hanc

1651 567 432 175 rectitudinem
2002 567 270 175 habere
2192 567 351 175 iustitiam
2462 567 162 175 et
2543 567 216 175 esse

1641 649 289 156 iustum
1844 649 232 156 quia
1988 649 260 156 omnis
2162 649 289 156 habens
2365 649 376 156 iustitiam

1650 717 305 150 iustus
1864 717 214 150 est
1986 717 183 150 Et
2078 717 305 150 subdit
2292 717 214 150 non
2414 717 275 150 tamen
2566 717 153 150 sen

1651 787 197 154 tio
1764 787 282 154 iustis
1961 787 310 154 omnibus
2186 787 366 154 promissam
2468 787 338 154 perpetua

1662 861 238 148 vitam
1820 861 185 148 sed
1926 861 238 148 illis
2084 861 264 148 tantum
2269 861 185 148 qui
2374 861 211 148 sunt
2506 861 238 148 iusti

1656 941 195 151 sine
1778 941 195 151 omni
1900 941 342 151 iniustitia
2169 941 122 151 /
2217 941 147 151 Ad
2291 941 195 151 ista
2413 941 244 151 facile
2584 941 171 151 est

1650 1011 354 143 respondere
1928 1011 177 143 nam
2029 1011 228 143 verba
2181 1011 253 143 solunt
2359 1011 152 143 se
2435 1011 203 143 ipsa
2561 1011 203 143 quia

1673 1081 256 162 anselmum
1864 1081 149 162 non
1950 1081 256 162 loquitur
2141 1081 128 162 de
2205 1081 320 162 rectitudine
2461 1081 320 162 simpliciter

1670 1151 211 149 sicut
1810 1151 164 149 nec
1904 1151 140 149 de
1974 1151 281 149 iustitia
2185 1151 351 149 simpliciter
2465 1151 140 149 et
2536 1151 187 149 haec

1682 1223 200 132 scitis
1822 1223 180 132 patet
1942 1223 120 132 ex
2001 1223 160 132 eius
2101 1223 200 132 verbis
2241 1223 100 132 /
2281 1223 120 132 3m
2341 1223 299 132 corollarium
2580 1223 160 132 deus

1665 1307 255 145 potest
1844 1307 281 145 auffere
2048 1307 408 145 rectitudinem
2380 1307 357 145 voluntatis

1676 1380 205 132 sine
1804 1380 307 132 effectum
2035 1380 435 132 indignationis
2393 1380 281 132 divinae
2572 1380 128 132 sum

1662 1458 477 115 imputabilitate
2059 1458 318 115 alicuius
2297 1458 344 115 fugibilis
2562 1458 185 115 vel

1662 1531 242 134 miseriae
1844 1531 182 134 patet
1965 1531 162 134 quia
2066 1531 202 134 potest
2207 1531 283 134 voluntatis
2429 1531 323 134 rectitudinem

1657 1600 314 128 auffere
1886 1600 171 128 et
1971 1600 200 128 cum
2086 1600 200 128 hoc
2200 1600 257 128 talem
2371 1600 200 128 non
2485 1600 257 128 minus

1660 1666 226 157 ymmo
1801 1666 255 157 forte
1971 1666 170 157 ad
2056 1666 283 157 melius
2254 1666 339 157 praemium
2508 1666 226 157 quam

1676 1737 167 153 ante
1781 1737 272 153 acceptare
1990 1737 209 153 igitur
2136 1737 313 153 corollarium
2386 1737 188 153 verum
2512 1737 125 153 ex
2575 1737 146 153 quo

1663 1826 193 129 patet
1791 1826 172 129 quod
1899 1826 215 129 dictum
2049 1826 236 129 anselmi
2221 1826 129 129 in
2286 1826 129 129 2o
2350 1826 301 129 principali
2587 1826 150 129 ad-

1656 1899 256 119 ductum
1836 1899 435 119 intelligendum
2194 1899 179 119 est
2296 1899 154 119 de
2373 1899 205 119 lege
2476 1899 230 119 communi

1664 1965 254 144 scilicet
1854 1965 169 144 quod
1960 1965 169 144 deus
2066 1965 127 144 de
2130 1965 191 144 facto
2257 1965 169 144 sive
2362 1965 127 144 de
2426 1965 212 144 merito
2574 1965 148 144 non

1664 2044 295 127 auffert
1879 2044 188 127 aut
1986 2044 429 127 rectitudinem
2334 2044 214 127 suam
2468 2044 134 127 /
2522 2044 268 127 Contra

1666 2120 202 141 istud
1800 2120 337 141 corollarium
2070 2120 270 141 arguitur
2272 2120 157 141 nam
2362 2120 135 141 si
2429 2120 202 141 ipsum
2542 2120 157 141 esset

1669 2195 173 132 verum
1784 2195 231 132 sequitur
1958 2195 154 132 quod
2054 2195 173 132 primo
2169 2195 250 132 iustitiae
2362 2195 135 132 non
2439 2195 173 132 esset
2555 2195 212 132 materia

1673 2259 170 151 neque
1787 2259 170 151 culpa
1900 2259 265 151 consequens
2108 2259 189 151 falsum
2241 2259 114 151 et
2298 2259 189 151 contra
2430 2259 284 151 venerabilem

1664 2348 255 125 anselmum
1855 2348 128 125 de
1919 2348 170 125 casu
2025 2348 234 125 dyaboli
2195 2348 255 125 capitulo
2386 2348 106 125 4
2429 2348 255 125 dicentem
2599 2348 106 125 Cum

1659 2422 254 153 perdit
1836 2422 330 153 iustitiam
2090 2422 330 153 orignalem
2343 2422 152 153 in
2419 2422 177 153 qua
2495 2422 203 153 factus

1668 2481 168 146 est
1764 2481 239 146 nichil
1931 2481 168 146 pro
2027 2481 144 146 ea
2099 2481 263 146 invenit
2290 2481 191 146 nisi
2410 2481 359 146 privationem

1660 2555 216 166 eius
1795 2555 216 166 quae
1930 2555 271 166 nullam
2120 2555 243 166 habet
2282 2555 352 166 essentiam
2553 2555 216 166 quam

1662 2632 352 158 iniustitiam
1943 2632 305 158 nominamus
2178 2632 235 158 igitur
2342 2632 164 158 etc
2436 2632 117 158 /
2482 2632 141 158 Ad
2553 2632 211 158 istam

1656 2713 230 136 rationem
1828 2713 192 136 potest
1962 2713 153 136 dici
2058 2713 268 136 concedendo
2269 2713 268 136 consequens
2479 2713 134 136 nec
2537 2713 134 136 ratio

1671 2782 258 160 anselmi
1858 2782 164 160 est
1952 2782 141 160 ad
2022 2782 328 160 propositum
2280 2782 187 160 quia
2397 2782 281 160 iustitia
2608 2782 164 160 an-

1634 2859 239 139 geli
1784 2859 239 139 fuit
1933 2859 239 139 sibi
2082 2859 299 139 debita
2292 2859 179 139 in
2381 2859 239 139 esse
2531 2859 209 139 non

1656 2940 255 129 autem
1826 2940 255 129 esset
1995 2940 198 129 sic
2109 2940 396 129 deiustitia
2420 2940 311 129 nistius

1649 3008 215 130 quem
1784 3008 215 130 deus
1918 3008 188 130 sic
2026 3008 430 130 rectitudinem
2375 3008 350 130 praevaret

1658 3083 112 135 /
1702 3083 134 135 3a
1769 3083 291 135 conclusio
1993 3083 157 135 per
2083 3083 157 135 3am
2172 3083 268 135 rationem
2373 3083 224 135 factam
2530 3083 224 135 inpede

1656 3154 368 134 quaestionis
1951 3154 172 134 lex
2049 3154 270 134 aeterna
2246 3154 172 134 vel
2344 3154 295 134 ordinata
2565 3154 172 134 est

1667 3243 245 115 ratio
1830 3243 272 115 divina
2021 3243 191 115 vel
2130 3243 327 115 voluntas
2375 3243 191 115 dei
2457 3243 245 115 ordina-

1658 3313 172 116 ta
1744 3313 402 116 conservari
2060 3313 258 116 inbns
2232 3313 201 116 per
2347 3313 316 116 turbari
2548 3313 143 116 ve-

1676 3380 150 140 tans
1770 3380 225 140 probatur
1939 3380 244 140 conclusio
2126 3380 225 140 expresse
2295 3380 131 140 per
2370 3380 187 140 beatum
2501 3380 262 140 augustinum
