2964 4318
459 447 415 146 constituitur
796 447 156 146 id
874 447 182 146 est
978 447 208 146 nisi
1108 447 285 146 ipsemet
1289 447 182 146 esset

457 532 341 138 producens
719 532 393 138 superposito
1033 532 210 138 quod
1164 532 236 138 esset
1322 532 210 138 ipse

478 604 309 119 ingenitus
716 604 214 119 tamen
859 604 167 119 non
954 604 405 119 distinguentur
1288 604 143 119 et
1359 604 167 119 sic

472 675 154 128 non
560 675 243 128 dicitur
737 675 243 128 proprie
913 675 287 128 constitui
1134 675 177 128 unde
1244 675 177 128 isto
1355 675 177 128 modo

471 730 220 165 potest
625 730 220 165 negari
779 730 132 165 2a
845 730 352 165 consequentia
1131 730 132 165 et
1197 730 176 165 bene
1307 730 198 165 sicut

485 785 164 171 patet
594 785 182 171 igitur
721 785 127 171 etc
794 785 91 171 ¶
830 785 109 171 3a
885 785 236 171 conclusio
1066 785 254 171 distinctio
1266 785 109 171 in
1321 785 200 171 divinis

493 866 314 159 personalis
740 866 157 159 non
829 866 157 159 est
919 866 247 159 proprie
1099 866 359 159 comparabilis
1391 866 157 159 nec

478 954 171 126 ad
563 954 256 126 intra
734 954 199 126 nec
847 954 313 126 adextra
1075 954 171 126 in
1160 954 370 126 creaturis

486 997 235 163 patet
643 997 183 163 cum
747 997 157 163 in
825 997 235 163 linea
982 997 444 163 distinctionis
1347 997 209 163 nul-

468 1097 197 141 lius
591 1097 172 141 sit
690 1097 369 141 quantitatis
985 1097 246 141 igitur
1157 1097 270 141 adintra
1353 1097 172 141 non

479 1174 160 155 est
571 1174 252 155 proprie
754 1174 366 155 comparabilis
1051 1174 160 155 sed
1143 1174 183 155 quod
1257 1174 160 155 nec
1349 1174 206 155 extra

479 1223 137 161 in
548 1223 297 161 creaturis
776 1223 205 161 patet
913 1223 183 161 quia
1027 1223 319 161 quaecumque
1278 1223 274 161 distinc-

470 1301 173 152 tio
569 1301 149 152 in
644 1301 322 152 creaturis
891 1301 173 152 cum
991 1301 198 152 ista
1115 1301 173 152 non
1214 1301 173 152 est
1313 1301 248 152 eiudem

481 1394 282 140 rationis
692 1394 235 140 igitur
856 1394 211 140 nulla
997 1394 211 140 talis
1138 1394 188 140 erit
1255 1394 141 140 ei
1302 1394 211 140 compara

466 1463 213 140 bilis
608 1463 118 140 ¶
656 1463 237 140 Contra
821 1463 378 140 conclusionem
1129 1463 213 140 istam
1270 1463 284 140 arguitur

482 1523 140 181 sic
562 1523 239 181 personae
741 1523 359 181 proprietatibus
1040 1523 339 181 distinguuntur
1320 1523 140 181 sed
1399 1523 179 181 dicta

490 1601 119 167 in
550 1601 298 167 conclusione
788 1601 139 167 sed
867 1601 139 167 una
946 1601 218 167 persona
1105 1601 238 167 plueries
1284 1601 179 167 habet
1383 1601 119 167 pro-

454 1679 372 146 prietates
740 1679 229 146 quam
883 1679 229 146 alia
1026 1679 286 146 igitur
1226 1679 200 146 una
1341 1679 229 146 plus

467 1750 388 177 distinguitur
782 1750 194 177 quam
903 1750 194 177 alia
1024 1750 145 177 et
1097 1750 170 177 per
1194 1750 339 177 consequens

465 1818 157 142 in
543 1818 235 142 linea
700 1818 366 142 distinctio
987 1818 235 142 circa
1144 1818 314 142 qualitas
1379 1818 209 142 huic

471 1882 359 154 distinctioni
762 1882 359 154 correspondet
1053 1882 224 154 igitur
1210 1882 359 154 comparabiles

482 1978 252 116 erunt
650 1978 475 116 distinctiones
1041 1978 307 116 divinae
1265 1978 168 116 ad
1320 1978 196 116 intra

469 2027 117 162 ¶
515 2027 350 162 Confirmatur
795 2027 210 162 ratio
935 2027 163 162 nam
1029 2027 233 162 tantum
1192 2027 373 162 correspondet

478 2104 278 157 cuilibet
687 2104 348 157 proprietati
965 2104 139 157 de
1035 2104 255 157 ratione
1220 2104 348 157 distinctiva

475 2183 241 130 quantum
650 2183 350 130 correspondet
934 2183 131 130 ei
1000 2183 131 130 de
1066 2183 241 130 ratione
1241 2183 306 130 entitativa

474 2248 129 169 sed
547 2248 221 169 cuilibus
713 2248 276 169 proprietati
933 2248 294 169 correspondet
1172 2248 202 169 propria
1319 2248 165 169 ratio
1411 2248 92 169 en-

484 2329 217 139 titatis
642 2329 197 139 igitur
780 2329 118 139 et
839 2329 335 139 distinctionis
1115 2329 118 139 et
1174 2329 138 139 per
1253 2329 276 139 consequens

480 2376 262 173 quaelibet
681 2376 282 173 proprietas
903 2376 242 173 propriam
1085 2376 343 173 distinctionem
1367 2376 181 173 super

470 2449 280 157 aliam
657 2449 280 157 addit
843 2449 187 157 et
937 2449 342 157 habetur
1186 2449 374 157 intentum

481 2526 143 167 ¶
539 2526 172 167 Ad
624 2526 229 167 ista
768 2526 372 167 respondeo
1054 2526 315 167 dicendo
1283 2526 258 167 primo

471 2583 204 172 quod
598 2583 178 172 non
700 2583 255 172 plures
878 2583 408 172 proprietates
1210 2583 204 172 sunt
1337 2583 153 172 in
1414 2583 178 172 una

469 2673 289 165 persona
679 2673 211 165 quam
811 2673 158 165 in
890 2673 211 165 alia
1021 2673 184 165 nam
1127 2673 158 165 si
1206 2673 237 165 pater
1363 2673 184 165 est

462 2720 303 181 generans
689 2720 253 181 filius
866 2720 177 181 est
967 2720 278 181 genitus
1169 2720 152 181 et
1245 2720 303 181 spiritus

482 2795 278 139 sanctus
684 2795 177 139 non
785 2795 278 139 genitus
986 2795 151 139 et
1062 2795 177 139 sic
1163 2795 151 139 de
1239 2795 303 139 singulis

481 2883 108 150 ¶
525 2883 129 150 2o
589 2883 237 150 dicitur
762 2883 172 150 quod
869 2883 151 150 non
956 2883 172 150 sunt
1063 2883 216 150 plures
1214 2883 345 150 proprietates

461 2963 377 143 incomplexe
757 2963 323 143 alicuius
999 2963 323 143 personae
1241 2963 188 143 cum
1349 2963 242 143 quae-

458 3021 243 155 libet
620 3021 189 155 sit
728 3021 189 155 met
837 3021 379 155 proprietas
1134 3021 189 155 sua
1242 3021 325 155 loquendo

467 3084 390 141 intransitive
783 3084 122 141 ¶
832 3084 146 141 3o
905 3084 195 141 dico
1027 3084 195 141 quod
1149 3084 146 141 si
1222 3084 195 141 sunt
1320 3084 219 141 proprie

461 3171 281 128 tates
648 3171 312 128 plures
867 3171 375 128 complexe
1147 3171 437 128 consurgunt

454 3245 231 122 tamen
608 3245 154 122 ex
685 3245 231 122 unica
839 3245 154 122 et
916 3245 231 122 prima
1071 3245 282 122 ratione
1276 3245 282 122 distinc

446 3312 282 123 tiva
622 3312 317 123 quare
834 3312 353 123 nichil
1080 3312 353 123 addunt
1327 3312 212 123 //

434 3356 157 136 Ad
512 3356 471 136 confirmationem
905 3356 262 136 posset
1088 3356 236 136 primo
1245 3356 209 136 esse
1350 3356 157 136 dif-

441 3432 338 164 ficultas
694 3432 169 164 de
778 3432 281 164 maiori
975 3432 253 164 utrum
1144 3432 422 164 proprietati

1625 420 349 170 distinctive
1904 420 418 170 corresponderet
2252 420 232 170 tantum
2415 420 139 170 de
2485 420 256 170 ratione

1626 524 420 108 distinctiva
1962 524 252 108 sicut
2130 524 392 108 entitativa
2439 524 168 108 et
2495 524 196 108 dicit

1642 578 231 158 magister
1815 578 251 158 hugolinus
2008 578 154 158 quod
2104 578 135 158 non
2182 578 174 158 circa
2297 578 174 158 istam
2413 578 328 158 distinctionem

1634 644 279 141 quaestione
1854 644 180 141 prima
1973 644 299 141 conclusione
2213 644 100 141 4
2253 644 140 141 ubi
2333 644 180 141 dicit
2452 644 259 141 quaelibet

1645 716 357 134 distinctio
1925 716 153 134 in
2001 716 280 134 divinis
2205 716 153 134 ad
2281 716 229 134 intra
2434 716 178 134 est
2536 716 204 134 nisi

1639 782 246 135 inte
1793 782 307 135 modica
2008 782 184 135 et
2100 782 276 135 tamen
2284 782 215 135 est
2407 782 338 135 entitas

1633 852 395 132 infinite
1929 852 296 132 magna
2126 852 230 132 vel
2258 852 395 132 perfecta
2554 852 164 132 ¶
2619 852 164 132 a

1634 920 227 130 lia
1763 920 227 130 via
1893 920 324 130 posset
2120 920 227 130 hic
2250 920 260 130 esse
2412 920 357 130 ponendo

1645 1002 151 116 quod
1739 1002 132 116 sic
1815 1002 226 116 scilicet
1984 1002 151 116 quod
2079 1002 283 116 proprietati
2305 1002 302 116 correspondet
2550 1002 170 116 tanta

1642 1064 264 145 ratio
1818 1064 440 145 distinctiva
2170 1064 294 145 quanta
2376 1064 411 145 entitativa

1650 1145 171 130 sed
1747 1145 171 130 non
1845 1145 220 130 tante
1992 1145 147 130 et
2065 1145 220 130 tamen
2212 1145 391 130 correspondet
2530 1145 196 130 sibi

1652 1203 109 163 et
1706 1203 217 163 secundam
1869 1203 163 163 illam
1978 1203 127 163 non
2051 1203 163 163 valet
2159 1203 163 163 huius
2268 1203 290 163 consequentia
2486 1203 217 163 distinctio

1640 1277 212 146 inter
1782 1277 236 146 patrem
1947 1277 142 146 et
2018 1277 236 146 filium
2183 1277 165 146 est
2278 1277 283 146 infinita
2490 1277 236 146 igitur

1638 1358 371 126 infinite
1916 1358 525 126 distinguuntur
2348 1358 154 126 ¶
2410 1358 247 126 Alia
2534 1358 154 126 dif

1654 1432 285 143 ficultas
1868 1432 238 143 posset
2035 1432 190 143 esse
2153 1432 214 143 utrum
2296 1432 357 143 proprietati
2557 1432 143 143 rela

1639 1510 220 125 tive
1776 1510 440 125 correspondet
2133 1510 302 125 entitas
2353 1510 302 125 propria
2573 1510 165 125 Et

1633 1570 214 181 dicit
1776 1570 238 181 doctor
1942 1570 285 181 subtilis
2156 1570 333 181 quaestione
2418 1570 119 181 5
2465 1570 166 181 suo
2536 1570 143 181 quo-

1633 1656 191 160 libet
1760 1656 127 160 in
1824 1656 170 160 fine
1930 1656 170 160 quod
2036 1656 148 160 sit
2120 1656 148 160 sed
2205 1656 191 160 tamen
2332 1656 148 160 non
2417 1656 339 160 correspondet

1643 1731 273 131 aliqua
1834 1731 491 131 perfectionalis
2243 1731 355 131 quantitas
2516 1731 191 131 sed

1628 1819 199 118 hoc
1741 1819 199 118 non
1855 1819 341 118 sequitur
2110 1819 312 118 videtur
2337 1819 341 118 conforme
2564 1819 142 118 suo

1635 1893 167 109 dicto
1747 1893 296 109 distinctione
1987 1893 167 109 prima
2099 1893 167 109 primi
2210 1893 259 109 quaestione
2414 1893 130 109 2ae
2488 1893 111 109 in
2543 1893 167 109 solu-

1644 1939 205 135 tione
1781 1939 205 135 primi
1917 1939 295 135 argumenti
2144 1939 159 135 ubi
2235 1939 205 135 dicit
2372 1939 182 135 quod
2462 1939 205 135 relatio

1640 2008 245 158 habet
1803 2008 272 158 aliqua
1994 2008 327 158 propriam
2238 2008 354 158 bonitatem
2511 2008 245 158 licet

1652 2092 205 125 non
1769 2092 382 125 fruibilem
2063 2092 205 125 Sed
2180 2092 352 125 quidquid
2444 2092 176 125 de
2532 2092 205 125 hoc

1658 2160 128 148 sit
1731 2160 291 148 sufficienter
1967 2160 164 148 patet
2077 2160 164 148 ratio
2186 2160 164 148 solvi
2295 2160 109 148 ex
2350 2160 182 148 dictis
2478 2160 128 148 pro
2550 2160 164 148 cuius

1653 2237 351 129 solutionis
1928 2237 276 129 materia
2129 2237 250 129 potest
2304 2237 250 129 videri
2480 2237 276 129 Iacobus

1637 2313 116 139 de
1695 2313 233 139 viterbio
1870 2313 272 139 quaestione
2083 2313 116 139 28
2141 2313 116 139 de
2200 2313 116 139 de
2258 2313 214 139 divinis
2413 2313 311 139 praedicantis

1639 2392 183 127 ubi
1744 2392 288 127 quaerit
1953 2392 236 127 utrum
2110 2392 341 127 oppositio
2373 2392 183 127 sit
2477 2392 157 127 in
2556 2392 183 127 deo

1636 2460 121 131 ¶
1684 2460 243 131 primum
1854 2460 364 131 corollarium
2145 2460 170 131 non
2243 2460 194 131 plus
2364 2460 413 131 distinguuitur

1636 2529 91 131 a
1672 2529 163 131 filio
1781 2529 109 131 et
1836 2529 200 131 spiritu
1981 2529 182 131 sancto
2108 2529 291 131 consequentia
2344 2529 91 131 a
2380 2529 163 131 filio
2489 2529 145 131 solo
2562 2529 127 131 patet

1632 2598 250 134 primo
1799 2598 222 134 quia
1938 2598 194 134 non
2049 2598 222 134 sunt
2188 2598 444 134 comparabiles
2521 2598 194 134 illae

1627 2654 497 147 distinctiones
2036 2654 146 147 ¶
2095 2654 176 147 2o
2183 2654 234 147 quia
2329 2654 176 147 se
2417 2654 234 147 ipso
2534 2654 146 147 di-

1643 2738 341 114 stinguitur
1911 2738 122 114 ¶
1960 2738 171 114 Sed
2057 2738 244 114 contra
2228 2738 219 114 istam
2374 2738 268 114 ultimam
2545 2738 146 114 pro-

1637 2797 343 127 bationem
1895 2797 343 127 arguitur
2152 2797 258 127 adhuc
2324 2797 229 127 quia
2467 2797 172 127 si
2553 2797 200 127 hoc

1643 2887 164 136 est
1736 2887 280 136 sequitur
1946 2887 187 136 quod
2063 2887 210 136 pater
2203 2887 164 136 non
2297 2887 280 136 convenit
2507 2887 234 136 aliquo

1662 2948 162 140 sui
1755 2948 162 140 cum
1847 2948 209 140 aliis
1987 2948 278 140 personis
2196 2948 186 140 quod
2312 2948 162 140 est
2404 2948 232 140 falsum
2567 2948 186 140 quia

1641 3013 206 130 tunc
1770 3013 180 130 non
1873 3013 258 130 essent
2053 3013 232 130 summe
2208 3013 206 130 unum
2337 3013 412 130 consequentia

1635 3082 312 123 probatur
1869 3082 208 123 quia
1999 3082 156 123 in
2077 3082 286 123 seipsis
2286 3082 442 123 distinguuntur

1639 3154 242 143 primo
1800 3154 457 143 distinguuntur
2177 3154 161 143 et
2258 3154 188 143 non
2365 3154 377 143 conveniunt

1637 3229 310 136 aliquo
1854 3229 217 136 sui
1978 3229 155 136 ¶
2040 3229 186 136 Ad
2133 3229 279 136 istud
2318 3229 248 136 dici
2473 3229 279 136 primo

1629 3314 170 128 si
1714 3314 170 128 ly
1798 3314 255 128 primo
1968 3314 368 128 recipitur
2251 3314 170 128 in
2336 3314 283 128 maximo
2506 3314 198 128 gradu

1629 3403 442 136 distinctionis
1993 3403 156 136 ne
2071 3403 208 136 tunc
2200 3403 234 136 probo
2330 3403 338 136 conclusione
