2964 4278
257 412 149 146 2o
332 412 199 146 dico
456 412 199 146 quod
581 412 149 146 se
655 412 224 146 ipsis
804 412 149 146 id
879 412 174 146 est
979 412 224 146 nulla
1128 412 199 146 alia

239 504 272 123 entitate
443 504 317 123 incomplexa
692 504 113 123 ¶
738 504 136 123 3o
806 504 181 123 dico
919 504 159 123 non
1010 504 340 123 simpliciter

233 583 456 116 distinguntur
604 583 200 116 sed
718 583 257 116 sicut
890 583 228 116 sunt
1032 583 314 116 origine

248 658 527 95 subsistentes
676 658 231 95 non
808 658 263 95 dico
973 658 362 95 origine

247 739 214 97 entes
390 739 214 97 sicut
532 739 309 97 hugolinis
769 739 237 97 potest
936 739 214 97 tamen
1078 739 237 97 dictum

253 800 244 102 suum
406 800 305 102 recipi
620 800 183 102 ad
711 800 275 102 bonum
895 800 305 102 sensum
1078 800 183 102 unde

257 870 203 95 non
373 870 261 95 dicit
547 870 319 95 origine
780 870 261 95 entia
954 870 203 95 sed
1041 870 232 95 origi-

242 932 179 117 ne
332 932 268 117 entes
510 932 238 117 quod
659 932 268 117 utile
838 932 268 117 esset
1017 932 238 117 poni
1166 932 179 117 in

251 1004 204 110 libro
387 1004 113 110 ¶
433 1004 136 110 2m
501 1004 340 110 corollarium
773 1004 249 110 quamvis
954 1004 317 110 distinctio
1180 1004 91 110 in

250 1064 245 128 divinis
428 1064 357 128 distinctioni
718 1064 201 128 inter
852 1064 268 128 formaret
1053 1064 268 128 platonem

234 1144 353 102 proprie
491 1144 225 102 nec
619 1144 225 102 fit
747 1144 289 102 maior
940 1144 225 102 nec
1036 1144 225 102 minor

260 1207 184 98 nec
365 1207 316 98 aequalis
602 1207 158 98 si
681 1207 237 98 tamen
839 1207 342 98 diceretur
1103 1207 237 98 minor

252 1272 186 115 non
359 1272 345 115 diceretur
624 1272 372 115 distinctio
916 1272 239 115 adhuc
1076 1272 266 115 finita

252 1341 319 114 probatur
492 1341 213 114 quia
625 1341 266 114 posset
811 1341 213 114 dici
943 1341 319 114 infinita
1156 1341 133 114 mo-

245 1408 184 118 dica
360 1408 138 118 et
429 1408 161 118 per
522 1408 323 118 consequens
775 1408 161 118 non
867 1408 230 118 finita
1029 1408 115 118 ¶
1075 1408 230 118 Contra

256 1484 128 115 2m
320 1484 321 115 corollarium
577 1484 128 115 si
641 1484 193 115 illud
769 1484 171 115 quod
876 1484 193 115 manis
1005 1484 150 115 est
1090 1484 235 115 dicitur

247 1552 234 120 finitum
417 1552 213 120 igitur
566 1552 128 120 et
629 1552 191 120 illud
757 1552 170 120 quod
863 1552 191 120 minus
991 1552 149 120 est
1076 1552 234 120 dicitur

251 1618 288 121 finitum
460 1618 157 121 et
539 1618 183 121 sic
643 1618 209 121 erit
774 1618 235 121 etiam
931 1618 157 121 in
1009 1618 340 121 proposito

258 1690 124 103 ¶
308 1690 148 103 Ad
382 1690 223 103 illud
530 1690 272 103 dicitur
728 1690 272 103 negando
926 1690 420 103 consequentiam

253 1760 238 98 nisi
402 1760 268 98 illud
581 1760 268 98 minus
760 1760 298 98 finite
968 1760 179 98 si
1057 1760 268 98 autem

265 1823 186 113 minus
389 1823 248 113 infinite
576 1823 145 113 non
658 1823 228 113 oportet
824 1823 248 113 exemplum
1010 1823 186 113 patet
1134 1823 124 113 de
1176 1823 103 113 li-

252 1887 218 135 nea
376 1887 187 135 et
470 1887 312 135 puncto
688 1887 156 135 ¶
750 1887 187 135 Ex
844 1887 249 135 hiis
1000 1887 343 135 possunt

268 1971 269 107 solui
447 1971 269 107 multa
627 1971 388 107 argumenta
925 1971 179 107 in
1015 1971 239 107 ista
1135 1971 149 107 ma-

265 2038 175 116 tria
374 2038 109 116 ¶
418 2038 131 116 3m
483 2038 327 116 corollarium
745 2038 240 116 quamvis
920 2038 262 116 personae
1117 2038 240 116 divinae

250 2109 322 107 aequales
492 2109 161 107 in
572 2109 403 107 perfectione
894 2109 161 107 se
975 2109 242 107 ipsis
1136 2109 188 107 non

254 2171 461 120 distinguuantur
639 2171 333 120 infinitae
895 2171 384 120 differentis
1177 2171 128 120 di-

254 2238 356 119 stiguuntur
533 2238 229 119 tamen
686 2238 280 119 seipsis
889 2238 305 119 infinite
1093 2238 203 119 incon-

263 2303 340 122 possibiliter
539 2303 191 122 prima
666 2303 170 122 pars
772 2303 191 122 patet
900 2303 127 122 ex
963 2303 297 122 praedictis
1197 2303 149 122 2am

245 2375 236 128 probo
402 2375 210 128 quam
533 2375 393 128 inpossibile
848 2375 183 128 est
952 2375 210 128 unam
1057 2375 210 128 perso-

265 2445 189 139 nam
373 2445 216 139 esse
508 2445 243 139 aliam
671 2445 189 139 tam
779 2445 568 139 incompossibiliter

253 2514 373 122 distinguuntur
560 2514 153 122 sed
648 2514 263 122 infinite
845 2514 153 122 est
932 2514 153 122 hoc
1020 2514 329 122 impossibile

262 2588 180 124 igitur
388 2588 270 124 corollarium
604 2588 162 124 verum
712 2588 108 124 ex
766 2588 126 124 quo
838 2588 198 124 apparet
982 2588 162 124 primo
1090 2588 144 124 quod
1180 2588 144 124 pars

260 2666 372 118 affirmativa
558 2666 372 118 quaestionis
856 2666 149 118 in
930 2666 174 118 uno
1029 2666 223 118 sensu
1178 2666 174 118 est

260 2734 199 111 vera
385 2734 150 111 et
459 2734 150 111 in
534 2734 199 111 alia
659 2734 174 111 est
759 2734 224 111 falsa
908 2734 125 111 ¶
958 2734 150 111 2o
1033 2734 299 111 sequitur

254 2800 194 114 ex
351 2800 226 114 hoc
480 2800 258 114 quod
641 2800 258 114 male
803 2800 420 114 redarguit
1093 2800 194 114 gyso

257 2869 347 122 iohannem
518 2869 174 122 de
604 2869 347 122 braculis
865 2869 174 122 in
952 2869 260 122 primo
1125 2869 203 122 suo

263 2950 284 107 articulo
476 2950 308 107 tractatus
713 2950 142 107 de
784 2950 261 107 furbulo
974 2950 142 107 ex
1045 2950 142 107 eo
1116 2950 189 107 quod

256 3007 152 125 in
332 3007 177 125 uno
433 3007 203 125 loco
560 3007 228 125 dicit
712 3007 304 125 personas
939 3007 405 125 distinguitur

249 3071 527 138 indivisibiliter
693 3071 194 138 qui
804 3071 222 138 alio
943 3071 333 138 infinite
1165 3071 111 138 di

278 3143 215 130 stantis
435 3143 176 130 patet
552 3143 156 130 quia
650 3143 176 130 utrum
767 3143 156 130 quod
864 3143 195 130 potest
1001 3143 215 130 concedi
1157 3143 176 130 sicud

269 3235 198 85 patet
401 3235 132 85 ex
467 3235 176 85 isto
576 3235 307 85 corollario
818 3235 110 85 ¶
862 3235 154 85 Sed
950 3235 220 85 contra
1103 3235 220 85 primam

266 3293 138 121 et
335 3293 161 121 2am
427 3293 229 121 partem
587 3293 344 121 corollarium
862 3293 183 121 sunt
977 3293 275 121 rationes
1183 3293 161 121 tac

253 3343 189 122 tae
361 3343 162 122 in
442 3343 351 122 argumento
712 3343 243 122 primo
874 3343 378 122 principali
1171 3343 189 122 ubi

249 3398 356 146 dicebatur
522 3398 219 146 quod
659 3398 192 146 una
769 3398 301 146 persona
988 3398 192 146 sic
1097 3398 246 146 maior

1430 418 180 100 hoc
1533 418 206 100 nego
1662 418 283 100 sumendo
1868 418 232 100 maior
2022 418 154 100 id
2099 418 180 100 est
2202 418 360 100 perfectior

1426 486 185 99 2m
1519 486 308 99 eandem
1734 486 339 99 naturam
1980 486 154 99 ¶
2042 486 185 99 2o
2134 486 400 99 dicebatur

1425 549 160 119 ut
1505 549 186 119 sic
1612 549 186 119 non
1718 549 240 119 esset
1878 549 426 119 perfectionis
2224 549 186 119 hoc
2331 549 160 119 si

1435 608 214 127 esset
1578 608 214 127 verum
1720 608 166 127 non
1815 608 214 127 esset
1958 608 237 127 contra
2124 608 380 127 conclusionem

1449 671 342 120 secundam
1705 671 399 120 oppinionem
2018 671 228 120 quam
2160 671 199 120 ego
2274 671 285 120 sequor

1428 748 175 130 quod
1538 748 153 130 est
1625 748 219 130 falsum
1778 748 109 130 ¶
1822 748 131 130 Ad
1888 748 131 130 3m
1954 748 153 130 cum
2041 748 285 130 dicebatur
2260 748 175 130 quod
2370 748 153 130 per

1435 827 229 110 fectio
1596 827 252 110 sonaret
1779 827 413 110 inperfectionem
2123 827 183 110 quia
2238 827 298 110 fectionem

1428 901 349 117 respondet
1697 901 268 117 doctor
1885 901 349 117 solempnis
2153 901 242 117 parte
2314 901 242 117 prima

1434 982 211 130 summae
1581 982 168 130 suae
1687 982 211 130 arguit
1834 982 147 130 43o
1918 982 295 130 quaestione
2150 982 190 130 prima
2276 982 168 130 quod
2382 982 147 130 est

1420 1040 272 124 verum
1601 1040 182 124 2m
1692 1040 484 124 inpositionem
2086 1040 333 124 nominis
2328 1040 212 124 non

1427 1106 238 133 autem
1585 1106 185 133 sed
1691 1106 423 133 proprietatem
2034 1106 502 133 significationis

1426 1175 160 113 et
1506 1175 186 113 sic
1613 1175 186 113 nos
1719 1175 266 113 utimur
1905 1175 186 113 hoc
2012 1175 266 113 nomine
2198 1175 346 113 perfectum

1426 1256 179 118 vel
1529 1256 333 118 perfectio
1785 1256 154 118 in
1861 1256 281 118 divinis
2066 1256 154 118 et
2143 1256 179 118 sic
2245 1256 230 118 patet
2399 1256 154 118 ad

1416 1356 484 104 quaestionem

1565 1368 173 127 unc
1664 1368 321 127 ostendere
1911 1368 247 127 restat
2084 1368 197 127 Ista
2207 1368 345 127 distinctio

1560 1447 164 124 ad
1642 1447 438 124 praecedentia
1998 1447 411 124 continuatur
2327 1447 219 124 quia

1575 1516 283 122 postquam
1788 1516 283 122 magister
2000 1516 283 122 ostendit
2212 1516 330 122 personarum

1414 1593 456 106 aequalitatem
1784 1593 313 106 quantum
2012 1593 171 106 ad
2097 1593 456 106 magnitudinem

1434 1655 439 98 perfectionis
1790 1655 357 98 inessendo
2065 1655 219 98 nunc
2202 1655 219 98 vult
2339 1655 192 98 hoc

1432 1715 166 121 idem
1536 1715 270 121 ostendere
1744 1715 228 121 quantum
1910 1715 125 121 ad
1972 1715 270 121 potentiam
2179 1715 249 121 operando
2366 1715 145 121 vel

1423 1795 262 124 agendo
1606 1795 157 124 et
1685 1795 341 124 dividitur
1947 1795 157 124 in
2025 1795 210 124 duas
2156 1795 262 124 partes
2340 1795 210 124 quia

1432 1842 211 137 primo
1572 1842 282 137 ostendit
1784 1842 305 137 divinarum
2019 1842 329 137 personarum
2277 1842 282 137 aequalem

1440 1918 259 130 potestatem
1644 1918 111 130 2o
1700 1918 111 130 ex
1755 1918 185 130 dictis
1885 1918 148 130 haec
1978 1918 111 130 et
2033 1918 167 130 supra
2144 1918 111 130 19
2200 1918 296 130 distinctione
2422 1918 93 130 mo-

1425 1996 232 103 vet
1557 1996 530 103 incidentalem
1988 1996 563 103 difficultatem

1423 2067 178 126 tunc
1534 2067 133 126 2a
1601 2067 178 126 pars
1712 2067 133 126 in
1779 2067 133 126 21
1845 2067 200 126 prima
1979 2067 356 126 distinctione
2268 2067 156 126 ibi
2357 2067 156 126 hic

1425 2132 226 133 oritur
1584 2132 271 133 quaestio
1787 2132 203 133 prima
1923 2132 181 133 pars
2036 2132 294 133 dividitur
2262 2132 136 133 in
2329 2132 181 133 duas

1442 2208 232 116 secundum
1615 2208 154 116 quod
1712 2208 232 116 magister
1886 2208 270 116 dupliciter
2098 2208 193 116 probat
2233 2208 232 116 intentum
2407 2208 154 116 quia

1415 2278 205 135 primo
1552 2278 227 135 probat
1711 2278 341 135 auctoritate
1984 2278 136 135 2o
2052 2278 250 135 ratione
2234 2278 114 135 /
2279 2278 136 135 2a
2348 2278 182 135 pars

1437 2362 262 132 incipit
1628 2362 190 132 Item
1747 2362 190 132 alio
1866 2362 190 132 modo
1985 2362 143 132 2a
2056 2362 190 132 pars
2151 2362 310 132 principalis

1428 2441 176 123 quae
1538 2441 154 123 est
1626 2441 132 123 27
1692 2441 353 123 distinctione
1979 2441 287 123 dividitur
2199 2441 132 123 in
2266 2441 176 123 duas
2376 2441 176 123 quia

1438 2501 240 116 primo
1598 2501 320 116 magister
1838 2501 240 116 movet
1998 2501 213 116 3cem
2131 2501 400 116 quaestionem

1414 2562 288 129 dubiam
1616 2562 144 129 ¶
1673 2562 173 129 2o
1760 2562 259 129 ponit
1932 2562 259 129 regam
2105 2562 432 129 generaliter

1425 2638 255 119 circa
1594 2638 255 119 tales
1764 2638 424 119 quaestiones
2075 2638 368 119 observandam

1419 2710 164 110 2a
1501 2710 219 110 pars
1638 2710 301 110 incipit
1857 2710 192 110 ibi
1966 2710 164 110 ut
2048 2710 192 110 ait
2158 2710 383 110 augustinus

1427 2791 133 126 et
1493 2791 178 126 tunc
1605 2791 267 126 sequitur
1805 2791 133 126 22
1871 2791 311 126 distinctio
2116 2791 178 126 quae
2227 2791 133 126 ad
2293 2791 200 126 istas

1425 2863 394 130 praecedent
1734 2863 197 130 sic
1847 2863 422 130 continuatur
2185 2863 225 130 quia
2325 2863 225 130 post

1428 2928 186 144 quam
1544 2928 279 144 magister
1754 2928 373 144 determinavit
2057 2928 140 144 de
2126 2928 186 144 hiis
2243 2928 186 144 quae
2359 2928 186 144 sunt

1439 3023 335 111 intrinseca
1702 3023 144 111 et
1774 3023 359 111 essentialia
2061 3023 191 111 nunc
2181 3023 263 111 incipit
2372 3023 215 111 trac-

1419 3084 220 131 tare
1557 3084 165 131 de
1640 3084 220 131 hiis
1777 3084 220 131 quae
1915 3084 220 131 sunt
2053 3084 193 131 deo
2163 3084 385 131 extrinseca

1423 3151 157 112 ut
1501 3151 262 112 nomina
1685 3151 288 112 vocalia
1894 3151 157 112 et
1972 3151 340 112 dividitur
2234 3151 157 112 in
2313 3151 262 112 partes

1423 3240 180 127 duas
1535 3240 180 127 Ista
1647 3240 360 127 distinctione
1939 3240 180 127 quia
2052 3240 202 127 primo
2186 3240 270 127 magister
2389 3240 202 127 circa

1426 3323 277 113 huius
1611 3323 308 113 nomina
1827 3323 277 113 ponit
2012 3323 339 113 ordinem
2228 3323 308 113 duplicem

1428 3396 153 124 2o
1505 3396 230 124 circa
1658 3396 179 124 hoc
1760 3396 230 124 ponit
1913 3396 255 124 reglam
2092 3396 255 124 utilem
2270 3396 153 124 et
2347 3396 204 124 tunc
