2964 4318
1688 412 146 208 ad
1761 412 219 208 petum
1907 412 292 208 capitulo
2125 412 146 208 2o
2198 412 170 208 ubi
2296 412 219 208 satis
2442 412 243 208 arguit
2612 412 146 208 ex

1696 509 181 173 non
1800 509 233 173 posse
1955 509 310 173 generare
2188 509 259 173 filium
2369 509 233 173 ipsum
2524 509 259 173 patrem

1682 599 590 171 omnipotentem
2162 599 369 171 dicens
2420 599 221 171 si
2531 599 258 171 non

1696 651 203 144 potest
1838 651 142 144 ubi
1919 651 142 144 est
2001 651 244 144 potentia
2184 651 163 144 eius
2285 651 163 144 haec
2387 651 264 144 conclusio
2590 651 142 144 est

1687 715 170 146 de
1772 715 255 146 mente
1942 715 340 146 doctorum
2197 715 368 146 nostrorum
2480 715 283 146 Egidii

1705 789 109 164 in
1759 789 145 164 ista
1850 789 290 164 distinctione
2086 789 236 164 qaestione
2267 789 163 164 prima
2376 789 181 164 thomae
2503 789 109 164 de
2558 789 218 164 argoinis

1704 863 241 170 magistri
1885 863 261 170 hugolinus
2086 863 322 170 distinctione
2347 863 100 170 1
2387 863 161 170 prim
2488 863 121 170 et
2548 863 161 170 crca
2649 863 141 170 tio

1699 932 169 148 in
1783 932 225 148 fine
1924 932 422 148 quaestionis
2262 932 197 148 ubi
2374 932 366 148 redarguit

1689 1005 299 163 responsionem
1932 1005 243 163 gregorius
2119 1005 112 163 ad
2176 1005 299 163 auctoritatem
2419 1005 262 163 alugstinis
2624 1005 187 163 Contra

1695 1091 236 145 istam
1852 1091 420 145 conclusionem
2193 1091 315 145 arguitur
2429 1091 262 145 doctor
2613 1091 184 145 sub

1686 1153 230 138 ailis
1840 1153 230 138 circa
1993 1153 230 138 istam
2147 1153 435 138 distinctionem
2505 1153 153 138 ex
2556 1153 179 138 inten

1690 1236 276 132 tione
1874 1236 214 132 ubi
1997 1236 337 132 recitat
2242 1236 276 132 modum
2426 1236 368 132 doctoris

1682 1310 262 141 nostri
1865 1310 157 141 et
1944 1310 183 141 eum
2049 1310 288 141 nititur
2258 1310 157 141 in
2337 1310 262 141 probar
2520 1310 288 141 arguens

1682 1378 214 133 sit
1805 1378 214 133 aut
1927 1378 367 133 generare
2202 1378 183 133 ut
2293 1378 214 133 est
2416 1378 305 133 ipsius
2599 1378 122 133 ge

1692 1450 168 152 niti
1797 1450 231 152 traquod
1965 1450 231 152 trminum
2133 1450 315 152 simpliciter
2384 1450 147 152 non
2468 1450 294 152 comparando

1691 1524 139 160 ad
1760 1524 254 160 aliquid
1945 1524 323 160 suppositum
2199 1524 162 160 est
2291 1524 277 160 terminus
2499 1524 300 160 potentiae

1693 1607 285 155 activae
1900 1607 181 155 vel
2004 1607 181 155 non
2108 1607 233 155 sisic
2263 1607 259 155 igitur
2445 1607 156 155 in
2523 1607 259 155 quocum

1683 1681 198 168 quod
1807 1681 174 168 non
1906 1681 174 168 est
2006 1681 298 168 potentia
2229 1681 149 168 ad
2303 1681 223 168 istud
2452 1681 174 168 non
2551 1681 174 168 est
2626 1681 99 168 in

1680 1749 129 160 eo
1745 1749 324 160 omnipotenti
2004 1749 216 160 igitur
2155 1749 129 160 si
2220 1749 216 160 filius
2371 1749 151 160 non
2457 1749 216 160 potest
2586 1749 173 160 genera

1684 1832 145 144 re
1756 1832 169 144 non
1853 1832 193 144 erit
1974 1832 338 144 omnipotens
2239 1832 193 144 quod
2360 1832 169 144 est
2456 1832 241 144 falsum
2625 1832 145 144 si

1688 1895 190 153 autem
1814 1895 147 153 non
1899 1895 147 153 est
1983 1895 253 153 terminus
2172 1895 274 153 potentiae
2383 1895 232 153 activae
2552 1895 211 153 igitur

1689 1970 285 157 sequitur
1903 1970 190 157 quod
2021 1970 166 157 non
2116 1970 332 157 subomipono
2377 1970 427 157 comprehendetur

1682 2047 144 150 ¶
1740 2047 172 150 2o
1826 2047 201 150 sic
1941 2047 402 150 oimipotens
2257 2047 287 150 potest
2458 2047 172 150 in
2545 2047 230 150 omne

1684 2123 218 138 illud
1829 2123 193 138 quod
1950 2123 169 138 est
2046 2123 218 138 cuius
2191 2123 314 138 potentiae
2433 2123 242 138 active
2602 2123 145 138 2m

1686 2196 199 173 quod
1811 2196 224 173 ipsum
1960 2196 174 173 est
2060 2196 224 173 aprtu
2210 2196 224 173 natum
2359 2196 274 173 produci
2559 2196 174 173 sed
2633 2196 100 173 fi

1674 2275 212 173 lius
1806 2275 238 173 nullo
1965 2275 212 173 modo
2097 2275 265 173 potest
2282 2275 159 173 ad
2362 2275 423 173 generationem

1679 2353 421 147 principiative
2026 2353 248 147 igitur
2200 2353 173 147 vel
2299 2353 248 147 filius
2472 2353 173 147 non
2571 2353 198 147 erit

1672 2412 338 189 omnipotens
1937 2412 169 189 vel
2034 2412 314 189 generatio
2275 2412 169 189 non
2371 2412 193 189 erit
2492 2412 289 189 terminus

1674 2494 342 155 potentiae
1937 2494 289 155 activae
2147 2494 131 155 ¶
2199 2494 158 155 Ad
2278 2494 237 155 istas
2436 2494 342 155 faciliter

1690 2568 239 189 potest
1857 2568 191 189 dici
1977 2568 143 189 ex
2049 2568 239 189 dictis
2216 2568 287 189 dictorum
2431 2568 383 189 doctormnorum

1673 2642 232 148 primo
1828 2642 258 148 seundm
2008 2642 180 148 via
2111 2642 258 148 duorum
2291 2642 309 148 primorum
2523 2642 206 148 iste
2626 2642 129 148 doc

1683 2727 306 166 corpro
1898 2727 276 166 eodem
2082 2727 337 166 recipit
2327 2727 368 166 generare
2572 2727 153 166 pos

1682 2802 138 148 se
1751 2802 277 148 generare
1958 2802 138 148 et
2028 2802 300 148 potentiam
2258 2802 300 148 generandi
2489 2802 184 148 quod
2581 2802 138 148 ipsi

1681 2874 208 141 non
1800 2874 327 141 faciunt
2038 2874 237 141 ideo
2186 2874 297 141 nichil
2394 2874 297 141 contra
2602 2874 208 141 eos

1661 2952 158 127 Ex
1740 2952 184 127 quo
1845 2952 289 127 apparet
2055 2952 210 127 quod
2186 2952 315 127 aureolus
2422 2952 263 127 falsum
2580 2952 105 127 in

1658 3018 265 127 ponit
1834 3018 294 127 Egidio
2040 3018 206 127 ubi
2158 3018 265 127 dicit
2335 3018 206 127 eum
2452 3018 294 127 dicere

1681 3088 275 153 potentiam
1893 3088 275 153 generandi
2104 3088 127 153 ad
2168 3088 254 153 opiestum
2358 3088 191 153 filii
2485 3088 148 153 non
2549 3088 148 153 parti

1674 3165 192 170 nere
1794 3165 192 170 quia
1914 3165 216 170 licet
2058 3165 240 170 doctor
2227 3165 240 170 noster
2395 3165 216 170 dicat
2539 3165 192 170 quod

1670 3244 215 153 posse
1813 3244 286 153 generare
2028 3244 167 153 non
2123 3244 167 153 sit
2218 3244 143 153 de
2290 3244 262 153 ratione
2481 3244 262 153 opoitur

1675 3330 197 123 filii
1806 3330 240 123 vubique
1981 3330 197 123 tamen
2112 3330 197 123 dicit
2243 3330 284 123 potentiam
2462 3330 284 123 generandi

1664 3412 447 169 adomnipotentiam
2041 3412 259 169 pertine
2229 3412 118 169 ¶
2276 3412 235 169 Aliter
2441 3412 235 169 potest
2606 3412 188 169 dici

501 428 105 136 /
543 428 188 136 patet
668 428 146 136 ibi
752 428 105 136 ¶
794 428 126 136 3m
857 428 314 136 corollarium
1108 428 209 136 contra
1254 428 272 136 magistrum
1442 428 105 136 tho

549 523 137 85 mam
628 523 117 85 de
686 523 234 85 arguenis
862 523 176 85 infra
979 523 176 85 libro
1097 523 176 85 primo
1214 523 313 85 distinctione
1468 523 117 85 20

539 590 285 110 quaestione
763 590 143 110 una
844 590 244 110 articulo
1027 590 102 110 4
1068 590 285 110 ydemptitas
1292 590 122 110 in
1353 590 244 110 personis

540 653 158 107 non
631 653 203 107 solum
766 653 158 107 est
857 653 248 107 relatio
1037 653 271 107 rationis
1240 653 158 107 sed
1331 653 158 107 est
1399 653 135 107 real

527 713 279 141 probatur
736 713 186 141 quia
852 713 139 141 2m
922 713 209 141 dicta
1061 713 139 141 in
1131 713 209 141 primo
1270 713 325 141 corollario

521 788 412 136 ydemptitas
844 788 412 136 personarum
1168 788 206 136 est
1286 788 324 136 aequali

523 862 143 135 tis
604 862 183 135 earum
726 862 143 135 sed
808 862 122 135 2m
869 862 183 135 dicta
992 862 245 135 secundum
1175 862 306 135 corollarium
1399 862 143 135 aequa

524 929 170 127 litas
638 929 133 127 est
713 929 208 127 relatio
865 929 189 127 realis
998 929 189 127 igitur
1130 929 284 127 corollarium
1358 929 170 127 verum
1471 929 95 127 ¶

535 1001 248 144 Contra
709 1001 224 144 istud
858 1001 149 144 si
933 1001 174 144 hoc
1032 1001 224 144 esset
1181 1001 224 144 verum
1330 1001 248 144 sequit

526 1056 205 144 quod
654 1056 307 144 infinite
885 1056 358 144 relationes
1166 1056 256 144 reales
1345 1056 230 144 erunt

551 1151 120 114 in
611 1151 139 114 deo
691 1151 159 114 quod
790 1151 139 114 est
870 1151 199 114 falsum
1009 1151 179 114 patet
1129 1151 319 114 consequentia
1388 1151 159 114 quia
1467 1151 80 114 in

514 1194 260 150 finite
696 1194 416 150 perfectiones
1034 1194 260 150 quarum
1217 1194 338 150 quaelibet
1451 1194 104 150 al

525 1272 204 121 tei
642 1272 204 121 est
758 1272 350 121 aequalis
1021 1272 175 121 et
1108 1272 233 121 sibi
1254 1272 233 121 idem
1400 1272 146 121 ¶
1429 1272 117 121 Co

518 1345 307 149 firmatur
749 1345 281 149 relatio
953 1345 256 149 realis
1132 1345 307 149 requirit
1362 1345 153 149 ex
1414 1345 153 149 tina

526 1418 280 137 realiter
736 1418 303 137 distincta
969 1418 163 137 sed
1063 1418 187 137 idem
1179 1418 163 137 non
1273 1418 233 137 potest
1436 1418 187 137 esse

522 1487 288 113 realiter
738 1487 336 113 distinctum
1002 1487 120 113 a
1050 1487 144 113 se
1122 1487 240 113 igitur
1290 1487 168 113 etc
1386 1487 120 113 ¶
1434 1487 144 113 ad

538 1565 201 132 primum
678 1565 221 132 istorum
839 1565 161 132 nego
940 1565 301 132 simpliciter
1181 1565 341 132 consequentiam
1462 1565 120 132 et

528 1630 267 123 minor
706 1630 178 123 de
795 1630 356 123 doctoris
1062 1630 208 123 cum
1181 1630 445 123 adaequalita

524 1698 167 148 tem
620 1698 239 148 aliqua
787 1698 359 148 distinctuis
1074 1698 239 148 realis
1241 1698 335 148 requiratur

526 1778 185 137 qua
631 1778 159 137 ab
711 1778 211 137 hiis
843 1778 476 137 perfectionibus
1239 1778 159 137 et
1319 1778 211 137 bene
1424 1778 159 137 remo

533 1848 150 139 vet
618 1848 257 139 concmuni
811 1848 214 139 igitur
961 1848 214 139 infert
1111 1848 150 139 hoc
1197 1848 129 139 ex
1261 1848 214 139 dictis
1411 1848 107 139 ¶
1454 1848 129 139 ad

518 1924 445 135 confirmationem
889 1924 198 135 dico
1012 1924 198 135 quod
1136 1924 198 135 ipsa
1260 1924 173 135 est
1358 1924 247 135 contra

520 1987 343 146 alphonsum
783 1987 185 146 qui
889 1987 396 146 simpliciter
1206 1987 290 146 potenit
1390 1987 185 146 aequa

528 2059 317 147 litatem
759 2059 173 147 et
845 2059 461 147 ydemptitatem
1220 2059 231 147 esse
1364 2059 231 147 idem

513 2150 206 131 sed
630 2150 294 131 nichil
836 2150 294 131 contra
1042 2150 177 131 me
1131 2150 206 131 qui
1248 2150 235 131 pono
1366 2150 206 131 aequa

523 2205 245 127 litate
695 2205 392 127 ydemptitatem
1014 2205 196 127 esse
1136 2205 270 127 plurium
1332 2205 270 127 distinc

511 2287 255 134 torum
681 2287 255 134 quare
850 2287 396 134 ydemptitas
1162 2287 396 134 personarum
1445 2287 113 134 fu

526 2363 334 156 fficienter
789 2363 191 156 vaet
908 2363 286 156 exterema
1123 2363 310 156 distincta
1361 2363 143 156 ad
1409 2363 143 156 fini

525 2433 252 132 dandum
701 2433 252 132 heuoni
878 2433 353 132 relationes
1155 2433 151 132 in
1231 2433 277 132 divinis
1407 2433 126 132 per

506 2520 267 118 cedunt
693 2520 187 118 nim
800 2520 213 118 haec
933 2520 320 118 rationes
1173 2520 293 118 propter
1359 2520 187 118 meptu

513 2570 223 143 usum
653 2570 251 143 huius
820 2570 335 143 terminum
1071 2570 390 143 ydemptitas
1378 2570 139 143 ¶
1433 2570 167 143 Ex

502 2647 192 143 hiis
622 2647 216 143 patet
766 2647 192 143 quid
887 2647 289 143 dicendum
1103 2647 144 143 ad
1175 2647 240 143 primum
1320 2647 240 143 principa

519 2716 132 132 le
585 2716 110 132 ¶
629 2716 132 132 et
695 2716 286 132 conclusio
915 2716 242 132 quamvis
1091 2716 220 132 filius
1245 2716 154 132 non
1333 2716 220 132 possit

499 2782 317 134 producere
743 2782 220 134 aliud
889 2782 146 134 ab
962 2782 146 134 eo
1035 2782 220 134 vebum
1182 2782 220 134 tamen
1328 2782 293 134 perfecte

510 2867 206 132 habet
647 2867 298 132 potentiam
876 2867 298 132 generandi
1105 2867 229 132 filium
1265 2867 206 132 prima
1403 2867 183 132 pars

519 2929 176 149 patet
637 2929 157 149 quia
735 2929 118 149 si
794 2929 196 149 posset
931 2929 216 149 faceret
1088 2929 118 149 et
1147 2929 137 149 per
1225 2929 275 149 consequens
1441 2929 137 149 non

512 3011 234 144 esset
668 3011 156 144 in
746 3011 182 144 deo
851 3011 313 144 trinitas
1085 3011 182 144 sed
1189 3011 391 144 quaternitas

515 3067 135 148 2a
583 3067 180 148 pars
696 3067 271 148 probatur
899 3067 180 148 quia
1011 3067 271 148 potentia
1214 3067 293 148 generandi
1417 3067 113 148 con

505 3151 346 145 prehenditur
782 3151 162 145 sub
874 3151 369 145 omnipotentia
1175 3151 162 145 sed
1267 3151 231 145 filius
1429 3151 162 145 est

508 3242 236 149 omnipars
685 3242 196 149 igitur
822 3242 236 149 perfecte
999 3242 177 149 habet
1117 3242 334 149 omnipotentiam
1372 3242 157 149 genera

512 3311 90 108 di
557 3311 239 108 consequentia
751 3311 120 108 nota
826 3311 209 108 antecedens
991 3311 105 108 est
1050 3311 209 108 augustinus
1215 3311 90 108 3o
1260 3311 179 108 contasio
1394 3311 150 108 contra

501 3372 264 133 maximum
693 3372 336 133 haereticum
957 3372 288 133 capitulo
1173 3372 144 133 13
1245 3372 216 133 sicut
1365 3372 144 133 reci

504 3430 140 149 tat
584 3430 240 149 magister
764 3430 120 149 in
825 3430 220 149 littera
985 3430 321 149 distinctione
1245 3430 120 149 20
1306 3430 120 149 et
1366 3430 120 149 de
1426 3430 160 149 fide
