2964 4277
235 442 222 157 solum
383 442 148 157 in
457 442 222 157 filio
605 442 148 157 si
679 442 222 157 verbi
827 442 394 157 inpersonalis
1147 442 172 157 sic

241 531 143 144 in
313 531 286 144 quolibet
527 531 310 144 supposito
765 531 310 144 responsio
1003 531 167 144 est
1098 531 238 144 Egidii

227 614 159 119 et
306 614 265 119 thomae
491 614 159 119 de
571 614 318 119 argentis
809 614 159 119 et
888 614 424 119 bonsimlantis

229 691 128 137 et
293 691 149 137 per
378 691 171 137 haec
485 691 192 137 patet
613 691 171 137 quid
719 691 256 137 dicendum
912 691 128 137 ad
976 691 320 137 quaestionem

218 758 154 107 et
295 758 309 107 rationes
527 758 257 107 factas
707 758 180 107 etc
810 758 129 107 ¶

422 826 353 100 Rredictis
693 826 380 100 adiciendum
992 826 190 100 est
1100 826 217 100 post

422 906 220 93 quam
559 906 248 93 magis
724 906 440 93 determinavit
1082 906 165 93 de
1164 906 165 93 no

420 956 307 104 minibus
643 956 195 104 dei
755 956 167 104 in
839 956 335 104 generali
1090 956 223 104 nunc

236 1027 130 117 in
301 1027 173 117 ista
409 1027 194 117 parte
539 1027 151 117 pro
625 1027 259 117 sequitur
819 1027 130 117 de
884 1027 151 117 eis
970 1027 130 117 in
1035 1027 302 117 spiritiali

224 1104 154 110 et
301 1104 334 110 dividitur
558 1104 154 110 in
635 1104 206 110 tres
764 1104 257 110 partes
944 1104 206 110 quia
1072 1104 231 110 primo

234 1169 338 120 magister
488 1169 338 120 ostendit
741 1169 338 120 qualiter
995 1169 197 120 hoc
1080 1169 197 120 nomen

231 1238 273 117 persona
430 1238 149 117 in
504 1238 273 117 divinis
702 1238 273 117 dicatur
901 1238 124 117 ¶
951 1238 149 117 2o
1025 1238 298 117 qualiter

223 1313 217 93 nomen
368 1313 266 93 mutetur
561 1313 169 93 vel
657 1313 290 93 terminus
875 1313 266 93 mutalis
1068 1313 145 93 in
1140 1313 169 93 deo

233 1392 341 115 admittatur
500 1392 146 115 Et
573 1392 146 115 3o
646 1392 292 115 qualiter
865 1392 292 115 terminus
1084 1392 243 115 natura

222 1442 239 135 lis
358 1442 205 135 ad
461 1442 239 135 hoc
597 1442 307 135 nomen
802 1442 375 135 persona
1040 1442 239 135 appli

229 1520 227 115 catur
380 1520 202 115 tunc
506 1520 151 115 2a
582 1520 202 115 pars
708 1520 277 115 incipit
910 1520 151 115 in
986 1520 328 115 principio

227 1577 170 129 34
312 1577 483 129 distinctionis
709 1577 199 129 hic
823 1577 397 129 diligerent
1135 1577 199 129 etc

221 1659 130 117 3a
286 1659 173 117 pars
394 1659 130 117 in
459 1659 130 117 25
524 1659 346 117 distinctione
805 1659 281 117 praeterea
1021 1659 302 117 consideram

228 1733 261 131 divinium
424 1733 196 131 prima
555 1733 174 131 pars
664 1733 283 131 dividitur
882 1733 131 131 in
947 1733 109 131 3
991 1733 218 131 partes
1143 1733 174 131 quia

231 1811 242 128 primo
392 1811 242 128 ponit
554 1811 134 128 a
607 1811 269 128 dictis
795 1811 242 128 supra
957 1811 296 128 quandum
1172 1811 161 128 ex

229 1888 340 112 ceptionem
490 1888 131 112 ¶
542 1888 157 112 2o
621 1888 235 112 movet
778 1888 235 112 utile
934 1888 392 112 quaestionem

220 1964 174 105 3o
307 1964 261 105 addit
481 1964 348 105 dictorum
742 1964 580 105 recapitulationem

236 2016 196 114 tunc
358 2016 147 114 2a
431 2016 196 114 pars
553 2016 171 114 est
651 2016 171 114 ibi
749 2016 196 114 ideo
871 2016 244 114 oritur
1018 2016 244 114 quaestio

238 2081 124 137 3a
300 2081 144 137 ibi
383 2081 144 137 iam
465 2081 329 137 sufficienter
733 2081 124 137 Et
794 2081 165 137 tunc
897 2081 247 137 sequitur
1083 2081 124 137 2a
1144 2081 165 137 pars

231 2170 167 110 quae
335 2170 146 110 est
419 2170 125 110 24
481 2170 333 110 distinctione
752 2170 125 110 et
814 2170 167 110 haec
918 2170 271 110 dividitur
1126 2170 125 110 in
1189 2170 104 110 3

238 2243 288 108 partes
440 2243 230 108 quia
583 2243 259 108 primo
756 2243 345 108 magister
1015 2243 259 108 movet

245 2319 312 89 quaestionem
495 2319 125 89 2o
557 2319 187 89 ponit
682 2319 312 89 quaestionis
932 2319 291 89 solutionem
1161 2319 125 89 Et

226 2360 179 124 3o
316 2360 268 124 addit
495 2360 417 124 solutionis
823 2360 477 124 explanatione

247 2417 217 141 tunc
383 2417 163 141 2a
464 2417 217 141 pars
600 2417 190 141 est
708 2417 190 141 ibi
817 2417 163 141 si
898 2417 380 141 diligentis

232 2519 144 130 3a
304 2519 168 130 ibi
400 2519 168 130 Cum
496 2519 192 130 enim
616 2519 264 130 dicitur
809 2519 144 130 Et
881 2519 192 130 tunc
1001 2519 288 130 sequitur

239 2594 100 127 3a
289 2594 134 127 pars
373 2594 201 127 scilicet
524 2594 100 127 25
574 2594 268 127 distinctione
791 2594 134 127 quae
875 2594 151 127 etiam
975 2594 217 127 dividitur
1143 2594 100 127 in
1193 2594 84 127 3

240 2694 291 101 partes
444 2694 233 101 quia
589 2694 262 101 primo
764 2694 349 101 magister
1025 2694 262 101 ponit

237 2756 338 117 quaestionem
508 2756 113 117 ¶
553 2756 135 117 2o
620 2756 248 117 recitat
801 2756 248 117 aliorum
981 2756 315 117 oppinionem

243 2817 154 133 Et
320 2817 154 133 3o
397 2817 205 133 ipse
525 2817 333 133 respondet
781 2817 154 133 ad
858 2817 307 133 propriam
1063 2817 179 133 inten

238 2904 285 130 tionem
437 2904 228 130 tunc
580 2904 171 130 2a
665 2904 228 130 pars
808 2904 200 130 est
922 2904 200 130 ibi
1007 2904 228 130 quibus

233 2970 165 117 dam
328 2970 259 117 videtur
516 2970 141 117 3a
587 2970 165 117 ibi
681 2970 283 117 Sciendum
893 2970 165 117 est
988 2970 236 117 igitur
1153 2970 141 117 Et

249 3041 140 139 haec
337 3041 123 139 est
407 3041 228 139 sententia
583 3041 105 139 in
635 3041 211 139 generali
793 3041 193 139 istarum
934 3041 298 139 distinctionum
1179 3041 88 139 ¶

400 3140 213 91 utum
533 3140 372 91 intellectu
826 3140 293 91 viators
1039 3140 293 91 aliquis

410 3209 412 114 conceptus
727 3209 222 114 sic
854 3209 444 114 formabilis

422 3284 344 102 propositionis
705 3284 142 102 deo
786 3284 121 102 et
847 3284 263 102 creaturis
1049 3284 121 102 et
1109 3284 182 102 arguo

224 3308 254 133 primo
393 3308 226 133 quod
535 3308 198 133 non
648 3308 226 133 quia
789 3308 226 133 deus
930 3308 198 133 non
1043 3308 198 133 est
1128 3308 113 133 in

231 3398 348 137 telligibilis
514 3398 109 137 a
557 3398 261 137 viatoris
753 3398 217 137 igitur
905 3398 217 137 nullus
1057 3398 282 137 conceptus

1414 438 116 119 a
1460 438 232 119 viator
1623 438 139 119 de
1692 438 186 119 ipso
1808 438 162 119 est
1901 438 325 119 formabilis
2133 438 325 119 consequentia

1418 520 186 117 nota
1534 520 325 117 antecedens
1789 520 279 117 probatur
1999 520 163 117 cum
2092 520 209 117 primo
2231 520 186 117 quia
2347 520 139 117 si

1412 587 247 116 esset
1576 587 495 116 intelligibilis
1988 587 137 116 a
2043 587 275 116 viator
2236 587 192 116 cum
2318 587 110 116 in

1409 659 334 116 telligere
1666 659 180 116 sit
1769 659 231 116 ratio
1922 659 205 116 alia
2051 659 411 116 intelligendi

1416 722 327 143 sequitur
1661 722 218 143 quod
1797 722 245 143 ipsum
1961 722 409 143 intelligens
2260 722 218 143 intel-

1387 799 316 123 ligeret
1617 799 259 123 omnia
1790 799 144 123 ¶
1847 799 173 123 2o
1934 799 201 123 vel
2049 799 259 123 esset
2192 799 288 123 intelli-

1390 873 295 129 gibilis
1605 873 161 129 ut
1685 873 215 129 deus
1820 873 188 129 vel
1927 873 322 129 secundum
2169 873 242 129 aliam
2330 873 161 129 et

1404 952 224 120 aliam
1554 952 299 120 rationem
1778 952 174 120 sed
1877 952 249 120 nullum
2052 952 274 120 istorum
2251 952 249 120 igitur

1398 1018 135 119 ¶
1452 1018 162 119 3o
1533 1018 217 119 deus
1669 1018 190 119 non
1777 1018 190 119 est
1885 1018 487 119 intelligibilis
2292 1018 135 119 a
2346 1018 162 119 se

1385 1100 192 102 igitur
1519 1100 134 102 nec
1596 1100 96 102 a
1634 1100 211 102 viatore
1788 1100 307 102 consequentia
2038 1100 154 102 nota
2134 1100 115 102 et
2192 1100 269 102 antecedens

1396 1169 245 122 patet
1559 1169 218 122 quia
1696 1169 218 122 deus
1832 1169 191 122 est
1941 1169 355 122 infinitus
2214 1169 273 122 igitur

1394 1237 162 101 et
1475 1237 379 101 incognitus
1773 1237 162 101 2o
1854 1237 325 101 arguitur
2097 1237 271 101 nullum
2260 1237 189 101 nomen

1394 1304 126 120 est
1466 1304 126 120 deo
1538 1304 215 120 proprium
1699 1304 179 120 igitur
1824 1304 215 120 quaestio
1986 1304 161 120 falsa
2093 1304 287 120 consequentia
2326 1304 143 120 nota

1395 1369 350 127 antecedens
1670 1369 225 127 probo
1820 1369 150 127 si
1895 1369 200 127 enim
2021 1369 275 127 aliquid
2221 1369 225 127 esset
2346 1369 100 127 vi

1385 1445 297 126 deretur
1601 1445 216 126 enim
1736 1445 189 126 hoc
1844 1445 243 126 nomen
2005 1445 216 126 esse
2140 1445 189 126 sed
2248 1445 270 126 contra

1396 1521 174 114 est
1496 1521 299 114 dyabolus
1720 1521 199 114 quia
1845 1521 224 114 magis
1994 1521 274 114 proprie
2194 1521 299 114 convenit

1382 1591 243 109 sibi
1533 1591 273 109 bonum
1715 1591 152 109 ¶
1776 1591 182 109 2o
1867 1591 243 109 quia
2018 1591 212 109 nec
2140 1591 212 109 hoc
2231 1591 212 109 nomen

1391 1666 237 115 deus
1539 1666 237 115 quia
1687 1666 207 115 aut
1805 1666 266 115 esset
1983 1666 266 115 nomen
2160 1666 355 115 personae

1396 1734 152 115 aut
1483 1734 239 115 naturae
1657 1734 152 115 sed
1744 1734 217 115 nullum
1896 1734 239 115 istorum
2070 1734 217 115 igitur
2223 1734 109 115 ¶
2266 1734 130 115 3o
2331 1734 152 115 nec

1394 1804 151 117 nomen
1495 1804 252 117 substantiae
1697 1804 202 117 secundum
1848 1804 235 117 augustinum
2033 1804 168 117 igitur
2151 1804 168 117 nullum
2251 1804 219 117 simpliciter

1375 1876 152 104 ¶
1435 1876 182 104 3o
1526 1876 212 104 sic
1648 1876 303 104 nullus
1860 1876 394 104 conceptus
2163 1876 212 104 est
2284 1876 212 104 deo

1384 1953 164 82 et
1466 1953 356 82 creaturae
1740 1953 329 82 univocus
1986 1953 274 82 igitur
2178 1953 192 82 nec
2287 1953 192 82 deo

1390 2006 116 122 et
1448 2006 250 122 creaturae
1640 2006 231 122 proprius
1813 2006 308 122 consequentia
2064 2006 154 122 nota
2160 2006 116 122 et
2218 2006 270 122 antecedens

1374 2082 311 123 probatur
1608 2082 182 123 tum
1711 2082 234 123 primo
1867 2082 208 123 quia
1997 2082 260 123 nullus
2179 2082 337 123 conceptus

1381 2160 192 116 est
1490 2160 330 116 conceptu
1738 2160 192 116 dei
1847 2160 247 116 prior
2012 2160 137 116 ¶
2067 2160 192 116 cum
2177 2160 165 116 2o
2259 2160 220 116 quia

1396 2221 234 110 nullus
1560 2221 305 110 conceptus
1794 2221 164 110 est
1888 2221 141 110 ei
1958 2221 328 110 simplicior
2216 2221 211 110 tamen
2356 2221 141 110 3o

1390 2285 190 115 quia
1509 2285 333 115 distinctio
1771 2285 333 115 consceptus
2033 2285 167 115 dei
2128 2285 143 115 et
2199 2285 309 115 creaturae

1397 2358 203 133 non
1513 2358 203 133 est
1629 2358 464 133 distinctioni
2006 2358 261 133 rerum
2151 2358 290 133 signfica

1382 2429 172 114 tarum
1497 2429 134 114 per
1573 2429 134 114 eas
1650 2429 172 114 minor
1765 2429 192 114 igitur
1899 2429 230 114 quaestio
2072 2429 172 114 falsa
2187 2429 96 114 ¶
2225 2429 115 114 In
2263 2429 211 114 oppositum

1368 2506 276 110 videtur
1568 2506 201 110 esse
1694 2506 301 110 magister
1919 2506 150 110 in
1995 2506 251 110 litera
2170 2506 125 110 7
2220 2506 150 110 21
2296 2506 226 110 usque

1380 2572 146 110 ad
1453 2572 146 110 26
1526 2572 413 110 distinctionem
1866 2572 122 110 ¶
1914 2572 219 110 prima
2060 2572 316 110 conclusio
2303 2572 194 110 sine

1371 2641 192 144 sui
1480 2641 467 144 inperfectione
1865 2641 220 144 deus
2002 2641 247 144 menti
2167 2641 329 144 viatoris

1378 2701 198 150 est
1491 2701 198 150 lux
1604 2701 396 150 illuminans
1916 2701 255 150 ratio
2085 2701 340 150 immutans
2312 2701 113 150 ca

1381 2774 308 127 ractari
1605 2774 420 127 determinans
1942 2774 168 127 in
2026 2774 448 127 intelectuali

1384 2830 268 157 perfecta
1585 2830 312 157 cognitione
1830 2830 179 157 Ista
1942 2830 290 157 conclusio
2165 2830 156 157 est
2254 2830 134 157 de
2321 2830 201 157 mente

1379 2908 268 148 doctoris
1580 2908 313 148 sollempnis
1826 2908 201 148 parte
1960 2908 201 148 prima
2094 2908 268 148 articulo
2295 2908 201 148 primo

1395 2992 346 149 quaestione
1667 2992 123 149 3
1716 2992 148 149 et
1790 2992 296 149 probatur
2012 2992 173 149 quo
2111 2992 148 149 ad
2185 2992 296 149 singulas

1396 3085 198 131 partes
1535 3085 178 131 primo
1654 3085 139 131 per
1733 3085 198 131 beatum
1871 3085 277 131 augustinum
2089 3085 119 131 11
2149 3085 119 131 de
2208 3085 238 131 civitate

1380 3151 176 124 dei
1481 3151 303 124 capitulo
1708 3151 151 124 10
1783 3151 176 124 non
1884 3151 454 124 inconvenienter
2262 3151 277 124 dicitur

1398 3243 150 119 sic
1483 3243 300 119 illuminari
1719 3243 193 119 anima
1848 3243 172 119 luce
1955 3243 129 119 in
2019 3243 257 119 corporea
2212 3243 322 119 simpliciter

1385 3339 323 106 sapientiae
1639 3339 162 106 dei
1731 3339 208 106 sicut
1870 3339 346 106 illuminatur
2147 3339 208 106 aeris
2285 3339 231 106 corpus

1379 3400 218 131 luce
1515 3400 327 131 corporea
1760 3400 136 131 ¶
1815 3400 164 131 ad
1897 3400 218 131 idem
2033 3400 191 131 est
2142 3400 245 131 primo
2305 3400 218 131 soli

2183 3475 276 109 loquiorum
