2964 4300
523 401 240 130 suorum
691 401 289 130 capitulo
908 401 144 130 21
980 401 168 130 2am
1076 401 240 130 partem
1244 401 216 130 ponit
1389 401 144 130 2o
1461 401 144 130 de

545 484 231 93 libero
706 484 323 93 artbicurio
960 484 208 93 dctio
1099 484 208 93 anima
1237 484 254 93 quaedam
1399 484 161 93 forma

534 543 443 133 incommutalitas
903 543 148 133 de
977 543 221 133 super
1124 543 369 133 praesidente
1419 543 148 133 et
1469 543 98 133 in

528 639 300 81 fuis
715 639 412 81 manente
1014 639 449 81 formatur
1351 639 225 81 Et
1426 639 150 81 in

542 698 135 110 de
610 698 248 110 spiritu
790 698 135 110 et
858 698 203 110 anima
993 698 270 110 capitulo
1195 698 113 110 8
1240 698 203 110 nulla
1375 698 203 110 inter
1488 698 90 110 po

546 757 208 92 sita
676 757 260 92 natura
858 757 156 92 ab
936 757 208 92 ipsa
1066 757 312 92 veritate
1300 757 312 92 formatur

550 822 92 118 ¶
586 822 111 118 3a
642 822 147 118 pars
734 822 129 118 est
808 822 258 118 augustinum
1010 822 92 118 9
1047 822 111 118 de
1102 822 240 118 trinitate
1287 822 221 118 capitulo
1452 822 92 118 9
1489 822 111 118 de

540 889 325 119 magnis
767 889 195 119 et
864 889 195 119 18
962 889 195 119 de
1059 889 325 119 parvis
1286 889 325 119 Inilla

552 957 285 105 veritate
766 957 262 105 aeterna
956 957 143 105 ex
1028 957 166 105 qua
1123 957 333 105 temporalia
1385 957 214 105 facta

526 1024 245 139 sunt
679 1024 275 139 omnia
863 1024 306 139 formam
1077 1024 184 139 2m
1169 1024 245 139 quam
1322 1024 275 139 sumus

536 1091 135 137 et
603 1091 135 137 2m
670 1091 381 137 consequentiam
984 1091 157 137 vel
1074 1091 135 137 in
1141 1091 224 137 notbis
1298 1091 157 137 vel
1388 1091 135 137 in
1433 1091 112 137 cor

543 1168 274 140 poribus
742 1168 199 140 vera
866 1168 149 140 et
941 1168 224 140 recta
1090 1168 274 140 ratione
1289 1168 274 140 aliquid

533 1240 367 144 operamur
809 1240 245 144 visi
961 1240 306 144 mentis
1176 1240 367 144 aspicius
1420 1240 153 144 aet

540 1303 236 123 inde
688 1303 355 123 concepta
954 1303 266 123 rerum
1131 1303 384 123 veritatem
1427 1303 177 123 no

535 1376 278 123 titom
721 1376 340 123 tamquam
968 1376 309 123 verbum
1184 1376 309 123 aposut
1400 1376 216 123 nos

534 1453 286 123 habere
734 1453 171 123 et
820 1453 371 123 dicerendo
1106 1453 257 123 intus
1277 1453 314 123 giguius

555 1507 119 157 Ex
615 1507 198 157 quibus
753 1507 178 157 patet
872 1507 258 157 conclusio
1070 1507 99 157 ¶
1110 1507 198 157 Contra
1249 1507 159 157 quam
1348 1507 238 157 arguitur

541 1582 210 148 quia
672 1582 157 148 si
751 1582 236 148 esset
908 1582 210 148 vera
1039 1582 236 148 seque
1197 1582 210 148 quod
1328 1582 289 148 species

538 1657 224 133 creata
694 1657 359 133 superflueret
986 1657 112 133 ¶
1031 1657 134 133 2o
1098 1657 269 133 sequitur
1300 1657 179 133 quod
1412 1657 179 133 deus

546 1726 397 134 intellectio
863 1726 159 134 et
943 1726 238 134 visio
1102 1726 265 134 mentis
1287 1726 238 134 foret
1446 1726 159 134 3o

550 1796 194 123 vel
661 1796 222 123 haec
800 1796 166 123 3a
883 1796 222 123 unum
1021 1796 222 123 sunt
1160 1796 194 123 vel
1270 1796 360 123 distincta

529 1860 124 129 ¶
579 1860 149 129 Ad
653 1860 248 129 primum
827 1860 198 129 nego
951 1860 422 129 consequentiam
1298 1860 198 129 quia
1422 1860 198 129 dubi

531 1921 205 166 est
648 1921 205 166 ibi
765 1921 323 166 species
1000 1921 205 166 qua
1118 1921 235 166 mens
1264 1921 352 166 formatur

540 1993 242 151 ecundm
709 1993 194 151 quod
831 1993 218 151 dicit
976 1993 242 151 doctor
1146 1993 194 151 iste
1267 1993 194 151 unum
1388 1993 242 151 actuat

532 2069 361 162 inhaerendo
816 2069 232 162 aliud
970 2069 335 162 illabendo
1228 2069 180 162 nec
1331 2069 283 162 aliquod

527 2148 342 173 superfluat
795 2148 122 173 ¶
844 2148 146 173 ad
917 2148 146 173 2m
990 2148 195 173 nego
1113 2148 415 173 consequentiam
1430 2148 122 173 pro

531 2220 177 160 ut
620 2220 266 160 visio
798 2220 207 160 vel
916 2220 444 160 intellectus
1271 2220 266 160 motum
1419 2220 118 160 vi

520 2292 264 159 talem
696 2292 205 159 vel
813 2292 528 159 intellectualem
1253 2292 352 159 includit

513 2362 150 153 si
588 2362 226 153 autem
739 2362 326 153 simeretur
989 2362 176 153 pro
1090 2362 351 153 actuatione
1365 2362 226 153 fores

520 2448 287 127 mativa
721 2448 316 127 ratione
951 2448 172 127 et
1037 2448 488 127 determinativa
1410 2448 144 127 per

525 2510 293 146 fectione
744 2510 342 146 concederem
1013 2510 342 146 consequens
1281 2510 122 146 ¶
1330 2510 146 146 ad
1404 2510 146 146 3m
1452 2510 98 146 di

526 2573 138 152 co
595 2573 184 152 quod
710 2573 230 152 suntur
871 2573 184 152 illa
986 2573 161 152 tam
1078 2573 138 152 de
1147 2573 230 152 quibus
1308 2573 276 152 loquitur

528 2637 318 153 augustinus
778 2637 205 153 primo
915 2637 227 153 solilo
1074 2637 273 153 quaiorum
1278 2637 227 153 dicens
1437 2637 159 153 non

510 2706 205 154 idem
639 2706 256 154 habere
818 2706 308 154 conculos
1049 2706 231 154 sanos
1202 2706 205 154 quod
1305 2706 256 154 aspicere

511 2792 185 142 quod
627 2792 231 142 videur
788 2792 139 142 in
858 2792 208 142 primo
997 2792 185 142 enim
1112 2792 347 142 intellectum
1390 2792 231 142 illium

499 2880 219 119 at
608 2880 402 119 acuendo
900 2880 219 119 in
1010 2880 219 119 2o
1119 2880 365 119 format
1338 2880 219 119 immu

505 2939 283 138 tando
693 2939 189 138 in
788 2939 189 138 3o
882 2939 630 138 consignificative
1386 2939 126 138 ca

501 3005 415 137 ractariat
820 3005 351 137 dictine
1076 3005 511 137 determinando

517 3080 118 146 et
576 3080 138 146 sic
655 3080 178 146 patet
774 3080 256 146 conclusio
971 3080 138 146 pro
1050 3080 138 146 qua
1129 3080 138 146 est
1208 3080 178 146 etiam
1326 3080 256 146 aliquando

512 3159 221 139 culum
660 3159 319 139 processus
905 3159 245 139 sancti
1077 3159 245 139 thomae
1248 3159 221 139 prima
1395 3159 221 139 parte

504 3217 251 162 quaestione
701 3217 90 162 3
737 3217 215 162 articulo
898 3217 90 162 9
934 3217 125 162 ubi
1006 3217 161 162 dicit
1113 3217 125 162 per
1185 3217 233 162 essentiam
1364 3217 197 162 divinam

516 3299 322 126 intellectum
773 3299 279 126 praesente
988 3299 172 126 deus
1095 3299 236 126 videtur
1267 3299 129 126 et
1331 3299 129 126 ea
1395 3299 172 126 quae

505 3367 195 99 ast
617 3367 390 99 videntibus
923 3367 223 99 deum
1062 3367 167 99 in
1145 3367 195 99 deo
1257 3367 334 99 videntur

496 3408 108 156 /
540 3408 217 156 primum
691 3408 325 156 corollarium
952 3408 325 156 responsivum
1212 3408 217 156 primae
1342 3408 195 156 rationi

1682 384 237 196 primui
1848 384 356 196 principalis
2133 384 190 196 sola
2252 384 285 196 essentia
2465 384 237 196 divina
2631 384 166 196 est

1690 482 347 153 sufficiens
1963 482 223 153 ratio
2112 482 149 153 et
2186 482 297 153 perfecta
2409 482 397 153 intelligendi

1686 552 232 163 omnia
1841 552 309 163 probatur
2072 552 206 163 quia
2201 552 206 163 ipsa
2330 552 206 163 sola
2458 552 309 163 respectu
2664 552 103 163 co

1701 619 208 166 libet
1840 619 462 166 intelligibiliter
2232 619 231 166 potest
2394 619 185 166 esse
2510 619 185 166 luum
2602 619 162 166 ratio

1684 693 273 145 caracts
1883 693 446 145 intellectionis
2255 693 298 145 perfecte
2478 693 124 145 ¶
2528 693 248 145 Contra

1692 787 203 144 illud
1828 787 339 144 corollarium
2099 787 136 144 si
2167 787 158 144 hoc
2258 787 203 144 esset
2393 787 203 144 verum
2529 787 271 144 sequitur

1676 867 262 132 sicut
1850 867 291 132 tactum
2054 867 233 132 fuit
2199 867 175 132 in
2287 867 262 132 primo
2461 867 349 132 principa

1679 918 190 143 li
1774 918 254 143 quod
1933 918 444 143 cognoscens
2282 918 254 143 deum
2440 918 190 143 in
2535 918 222 143 via
2630 918 127 143 co

1678 994 263 155 gnoscet
1869 994 215 155 omnia
2012 994 215 155 patet
2155 994 382 155 consequentia
2466 994 191 155 quia
2585 994 215 155 sicut

1690 1068 221 142 viso
1828 1068 304 142 speculo
2049 1068 304 142 eccesar
2270 1068 331 142 videntur
2519 1068 249 142 omnes

1706 1144 172 144 res
1804 1144 147 144 in
1877 1144 196 144 ipso
2000 1144 172 144 ita
2098 1144 270 144 videtur
2294 1144 147 144 in
2367 1144 319 144 proposito
2612 1144 196 144 esse

1697 1209 210 151 quare
1837 1209 233 151 igitur
2000 1209 117 151 ¶
2047 1209 140 151 Ad
2117 1209 210 151 istud
2257 1209 187 151 nege
2374 1209 397 151 consequentiam

1693 1297 225 145 quia
1833 1297 197 145 non
1946 1297 197 145 sic
2058 1297 197 145 est
2170 1297 253 145 ratio
2339 1297 309 145 videndi
2564 1297 225 145 sict

1688 1363 164 145 per
1781 1363 280 145 doctorem
1991 1363 280 145 solemptr
2202 1363 304 145 omneditur
2435 1363 210 145 parte
2575 1363 210 145 prima

1695 1443 242 154 articulo
1876 1443 121 154 3o
1937 1443 282 154 quaestione
2158 1443 101 154 3
2199 1443 141 154 sed
2279 1443 181 154 ratio
2400 1443 322 154 intelligendi
2642 1443 121 154 deum

1687 1512 189 162 sic
1795 1512 189 162 est
1903 1512 243 162 ratio
2065 1512 432 162 intelligendi
2415 1512 243 162 omnia
2577 1512 216 162 quia

1689 1585 232 169 illo
1834 1585 232 169 line
1980 1585 203 169 vel
2096 1585 232 169 illa
2241 1585 436 169 ordinatione
2590 1585 203 169 qua

1683 1667 408 153 intelligitur
2014 1667 204 153 deus
2141 1667 408 153 intelligitur
2472 1667 306 153 quidqued

1697 1741 209 151 nitur
1836 1741 116 151 ¶
1883 1741 140 151 2m
1953 1741 349 151 corollarium
2232 1741 186 151 iola
2348 1741 279 151 essentia
2557 1741 233 151 divina

1689 1803 157 164 per
1778 1803 135 164 se
1846 1803 157 164 est
1936 1803 270 164 proprium
2138 1803 382 164 intelligibile
2453 1803 135 164 in
2521 1803 247 164 divinis

1686 1887 370 144 obiective
1970 1887 341 144 probatur
2226 1887 228 144 quia
2369 1887 285 144 nichil
2568 1887 199 144 mea

1692 1972 170 125 sic
1789 1972 365 125 cognoscitur
2081 1972 195 125 nisi
2203 1972 195 125 quia
2324 1972 292 125 essentia
2543 1972 243 125 divina

1668 2050 189 127 igitur
1801 2050 284 127 corollarium
2028 2050 170 127 verum
2141 2050 170 127 patet
2255 2050 151 127 quia
2349 2050 227 127 cuilibet
2520 2050 208 127 rationi
2652 2050 76 127 di

1687 2123 172 138 nine
1794 2123 215 138 tantum
1944 2123 258 138 praecise
2137 2123 343 138 correspondet
2416 2123 343 138 intelligitis

1673 2184 246 188 quantum
1851 2184 246 188 coundem
2030 2184 179 188 sibi
2142 2184 246 188 divinae
2320 2184 290 188 entitatis
2543 2184 223 188 contra

1689 2260 305 144 corollarium
1933 2260 244 144 essentia
2116 2260 203 144 divina
2258 2260 142 144 est
2340 2260 203 144 tantum
2482 2260 265 144 intelligi

1675 2332 188 176 secundum
1816 2332 125 176 quod
1894 2332 172 176 veritas
2020 2332 156 176 igitur
2129 2332 235 176 corollarium
2317 2332 156 176 falsum
2426 2332 219 176 conequenia
2598 2332 141 176 patet

1673 2409 142 140 et
1744 2409 331 140 antecedens
2005 2409 284 140 probatur
2218 2409 189 140 quia
2336 2409 426 140 indescriatione

1671 2481 364 148 veritatis
1951 2481 308 148 ponitur
2175 2481 224 148 esse
2314 2481 476 148 intelligibile

1680 2561 152 127 et
1756 2561 177 127 non
1857 2561 303 127 essentia
2084 2561 253 127 igitur
2261 2561 126 127 ¶
2312 2561 152 127 Ad
2388 2561 228 127 istud
2539 2561 202 127 nego

1673 2628 457 124 conformvitur
2045 2628 343 124 loquendo
2302 2628 200 124 cum
2416 2628 314 124 doctore

1692 2705 248 157 praedicto
1883 2705 172 157 eodem
1997 2705 172 157 arguo
2112 2705 267 157 quaestione
2321 2705 95 157 2
2360 2705 114 157 de
2417 2705 134 157 per
2493 2705 114 157 se
2550 2705 153 157 quia
2646 2705 114 157 si

1680 2771 298 148 essentia
1903 2771 174 148 est
2003 2771 446 148 intelligibilis
2375 2771 174 148 per
2474 2771 223 148 aliud
2598 2771 124 148 con

1679 2850 280 133 ditiones
1888 2850 210 133 rerum
2028 2850 186 133 sunt
2145 2850 280 133 secundum
2354 2850 140 133 se
2424 2850 140 133 Et
2494 2850 140 133 2m
2564 2850 210 133 aliud

1671 2924 372 154 conditiones
1969 2924 298 154 rationum
2192 2924 248 154 igitur
2366 2924 174 154 non
2465 2924 174 154 est
2564 2924 198 154 idem

1674 2994 223 149 dicere
1830 2994 268 149 essentia
2031 2994 223 149 divina
2187 2994 156 149 per
2277 2994 134 149 se
2344 2994 156 149 est
2433 2994 313 149 intelligie

1679 3067 160 146 et
1759 3067 187 146 sed
1866 3067 160 146 se
1946 3067 187 146 est
2052 3067 480 146 intelligibilis
2452 3067 213 146 unde
2559 3067 133 146 con

1668 3139 232 135 cedit
1823 3139 258 135 ibidem
2004 3139 207 135 quam
2133 3139 207 135 sola
2262 3139 310 135 essentia
2494 3139 258 135 divina

1670 3219 185 119 est
1775 3219 185 119 per
1881 3219 158 119 se
1960 3219 474 119 intelligibilis
2355 3219 343 119 obiective
2619 3219 158 119 Et

1660 3284 209 166 sola
1791 3284 288 166 veritas
2000 3284 288 166 secendm
2210 3284 157 166 se
2288 3284 393 166 dispositive
2576 3284 131 166 per

1650 3372 151 157 hoc
1737 3372 194 157 patet
1866 3372 129 157 ad
1930 3372 258 157 secundum
2124 3372 258 157 rationem
2317 3372 194 157 primi
2446 3372 323 157 principalis
