2964 4399
551 380 160 168 quo
643 380 183 168 unum
757 380 160 168 sit
848 380 137 168 ex
917 380 183 168 alio
1031 380 228 168 potest
1191 380 183 168 dici
1305 380 183 168 quom
1419 380 206 168 verum

542 489 176 158 est
643 489 252 158 proant
819 489 277 158 sumntur
1021 489 302 158 complexe
1247 489 302 158 vbaliter
1474 489 151 158 ad

540 564 216 151 modum
684 564 288 151 magistri
900 564 312 151 hugolinus
1140 564 168 151 non
1236 564 216 151 autem
1356 564 240 151 incomple

532 667 196 127 xe
630 667 491 127 nominaliter
1023 667 229 127 vel
1154 667 196 127 2m
1252 667 393 127 antiquos

539 737 163 133 quod
641 737 184 133 verum
763 737 143 133 est
845 737 245 133 secundum
1028 737 163 133 quod
1130 737 143 133 est
1212 737 184 133 ratio
1334 737 245 133 praecise
1497 737 82 133 re

533 823 306 128 fferendi
762 823 178 128 non
864 823 229 128 autem
1017 823 153 128 2m
1093 823 204 128 quod
1221 823 229 128 ratio
1348 823 204 128 consti

527 889 348 116 truiendi
788 889 203 116 vel
904 889 406 116 subsistemu
1222 889 261 116 modus
1396 889 261 116 tamen

547 965 327 134 magistri
792 965 327 134 hugolini
1037 965 191 134 est
1146 965 245 134 magis
1309 965 272 134 clarus
1472 965 109 134 ta

532 1038 238 135 primum
699 1038 358 135 corollarium
985 1038 143 135 si
1057 1038 167 135 qua
1152 1038 143 135 in
1223 1038 262 135 divinis
1414 1038 215 135 foret

542 1115 254 133 ratio
711 1115 479 133 constituitiva
1105 1115 254 133 foret
1274 1115 254 133 actus
1415 1115 169 133 omni

542 1193 227 125 ginis
693 1193 176 125 cui
794 1193 403 125 correspondet
1121 1193 227 125 etiam
1273 1193 227 125 prima
1399 1193 176 125 ratio

531 1275 359 134 distinctiva
818 1275 215 134 probo
962 1275 215 134 istud
1105 1275 359 134 corollarium
1393 1275 215 134 primo

526 1349 143 137 ex
598 1349 359 137 conclusione
885 1349 191 137 quia
1004 1349 215 137 actus
1148 1349 335 137 proprietas
1411 1349 215 137 notio

538 1419 271 134 nalis
718 1419 241 134 idem
869 1419 241 134 sunt
1019 1419 150 134 ¶
1080 1419 181 134 2o
1170 1419 181 134 ad
1260 1419 241 134 idem
1410 1419 241 134 sunt

543 1483 221 147 verba
691 1483 319 147 augustini
936 1483 147 147 de
1010 1483 196 147 fide
1133 1483 147 147 ad
1206 1483 221 147 petum
1354 1483 295 147 dicentis

538 1565 310 149 capitulo
771 1565 155 149 2o
849 1565 207 149 quia
978 1565 233 149 aliud
1133 1565 181 149 est
1237 1565 285 149 genisse
1444 1565 181 149 ait

548 1638 249 140 natum
714 1638 221 140 esse
853 1638 387 140 manifestum
1157 1638 194 140 est
1268 1638 221 140 quod
1406 1638 249 140 alius

544 1725 169 125 est
640 1725 217 125 pater
785 1725 217 125 alius
930 1725 241 125 filius
1099 1725 193 125 quae
1219 1725 386 125 consequentia

535 1796 215 131 nulla
678 1796 215 131 esset
822 1796 191 131 nisi
941 1796 358 131 corollarium
1228 1796 215 131 foret
1371 1796 215 131 verum

545 1892 126 117 ex
608 1892 147 117 quo
692 1892 232 117 apparet
861 1892 168 117 quod
966 1892 253 117 magister
1156 1892 274 117 hugolinus
1366 1892 168 117 bene
1472 1892 190 117 redar

530 1951 197 127 guit
654 1951 272 127 exemplu
851 1951 197 127 quod
975 1951 222 127 ponit
1123 1951 346 127 gregoriuis
1394 1951 222 127 supra

527 2004 304 146 distinctione
774 2004 114 146 26
831 2004 266 146 quaestione
1040 2004 133 146 una
1115 2004 228 146 argiculo
1286 2004 171 146 primo
1400 2004 114 146 de
1438 2004 114 146 abel

545 2075 148 146 et
619 2075 198 146 adam
743 2075 198 146 quod
866 2075 296 146 generare
1089 2075 247 146 filium
1262 2075 173 146 sit
1361 2075 222 146 ratio
1484 2075 99 146 di

549 2160 354 131 fferentiae
827 2160 227 131 filii
978 2160 126 131 a
1029 2160 227 131 patre
1180 2160 227 131 sicut
1332 2160 202 131 adam
1458 2160 177 131 non

532 2224 232 142 esse
677 2224 174 142 de
764 2224 232 142 viro
910 2224 174 142 et
997 2224 232 142 fema
1142 2224 174 142 ab
1229 2224 291 142 elvero
1433 2224 203 142 sit

559 2297 262 116 patet
734 2297 233 116 quia
879 2297 233 116 illa
1025 2297 320 116 ratione
1258 2297 291 116 dempta
1462 2297 175 116 ad

552 2357 185 149 huc
657 2357 265 149 staret
843 2357 371 149 distinctio
1134 2357 238 149 inter
1293 2357 238 149 illos
1452 2357 185 149 sic

537 2455 171 140 non
634 2455 171 140 est
732 2455 147 140 in
806 2455 269 140 divinis
1001 2455 147 140 ex
1075 2455 171 140 quo
1173 2455 269 140 apparet
1368 2455 245 140 contra

540 2519 448 151 distinctionem
908 2519 184 151 tam
1014 2519 342 151 gregorius
1277 2519 211 151 quam
1382 2519 211 151 alphon

526 2590 153 157 si
603 2590 204 157 quod
731 2590 306 157 personas
961 2590 281 157 distinu
1165 2590 153 157 ui
1241 2590 409 157 relationibus

540 2667 175 140 vel
640 2667 275 140 actibus
840 2667 300 140 originis
1065 2667 175 140 non
1165 2667 275 140 proprie
1365 2667 275 140 dicitur

539 2746 354 142 consequenter
826 2746 287 142 arguitive
1047 2746 155 142 sed
1136 2746 221 142 potius
1291 2746 354 142 principaiter

546 2832 285 141 distinctivae
777 2832 160 141 patet
884 2832 107 141 ex
938 2832 249 141 corollario
1133 2832 107 141 et
1187 2832 267 141 conclusione
1400 2832 89 141 ¶
1436 2832 178 141 contra

541 2895 234 165 primum
704 2895 351 165 corollarium
985 2895 210 165 actus
1125 2895 281 165 originis
1335 2895 327 165 suppositum

520 2983 181 148 vel
623 2983 310 148 personam
856 2983 413 148 praesupponit
1192 2983 258 148 igitur
1372 2983 181 148 non
1450 2983 129 148 con

533 3063 270 149 stituit
730 3063 172 149 nec
828 3063 344 149 distinguit
1098 3063 393 149 consequentia
1417 3063 196 149 nota

542 3149 284 139 antecedens
765 3149 243 139 probatur
947 3149 162 139 quia
1048 3149 182 139 talis
1170 3149 182 139 actus
1292 3149 304 139 neccessario

515 3205 172 140 est
614 3205 221 140 actus
761 3205 271 140 alicuis
958 3205 320 140 suppositi
1204 3205 246 140 igitur
1376 3205 148 140 et
1450 3205 172 140 etc

535 3288 322 163 plures
760 3288 387 163 rationes
1050 3288 290 163 facit
1244 3288 322 163 thomas
1437 3288 129 163 de

540 3365 244 147 argustiur
728 3365 112 147 26
784 3365 300 147 distinctione
1027 3365 169 147 supra
1140 3365 225 147 articulo
1308 3365 94 147 2
1346 3365 131 147 ubi
1402 3365 206 147 oppositum

534 3431 202 132 huius
668 3431 337 132 corollarium
938 3431 202 132 tenet
1073 3431 135 132 ut
1140 3431 202 132 patet
1275 3431 157 132 ibi
1365 3431 157 132 qud
1455 3431 157 132 ist

525 3512 172 137 nego
632 3512 322 137 simpliciter
889 3512 300 137 antecedens
1125 3512 150 137 tum
1211 3512 236 137 propter
1383 3512 193 137 actus

1706 391 179 163 et
1796 391 388 163 suppositi
2094 391 478 163 ydemptitatem
2482 391 149 163 ¶
2542 391 209 163 cum
2662 391 179 163 2o

1714 459 266 185 propter
1908 459 363 185 individbale
2198 459 387 185 aeternitatem
2513 459 170 185 tum
2610 459 194 185 quia

1717 537 301 184 nullam
1928 537 301 184 habent
2138 537 181 184 ad
2229 537 181 184 in
2319 537 271 184 vicem
2500 537 361 184 priorita

1718 625 190 158 tem
1826 625 190 158 nec
1935 625 244 158 etiam
2097 625 433 158 consequentia
2449 625 298 158 valeret
2639 625 162 158 exto

1709 679 184 207 to
1801 679 245 207 quia
1955 679 368 207 pluribus
2231 679 276 207 modis
2415 679 276 207 posst
2599 679 276 207 tedes

1725 764 142 167 ex
1796 764 189 167 poni
1915 764 118 167 ¶
1962 764 142 167 2m
2033 764 355 167 corollarium
2317 764 237 167 potest
2482 764 284 167 personas
2671 764 95 167 re

1720 837 246 176 latas
1883 837 191 176 vel
1993 837 382 176 originatas
2293 837 191 176 non
2402 837 191 176 est
2511 837 355 176 possibile

1725 895 337 176 nesentia
1978 895 281 176 divina
2175 895 309 176 aliquid
2399 895 394 176 suppositum
2681 895 112 176 ab

1733 973 288 177 olutum
1935 973 201 177 vel
2050 973 374 177 absolutas
2337 973 345 177 personas
2596 973 259 177 istdo

1722 1050 321 179 orollarium
1974 1050 229 179 probat
2134 1050 367 179 diffinitione
2432 1050 229 179 doctor
2570 1050 206 179 sollemp

1711 1137 116 158 2o
1769 1137 232 158 quolibet
1942 1137 270 158 quaestione
2155 1137 116 158 et
2213 1137 174 158 parte
2329 1137 97 158 2
2367 1137 232 158 articulo
2522 1137 251 158 primquestio

1715 1213 315 173 capitulo
1951 1213 157 173 et
2029 1213 262 173 thomas
2213 1213 157 173 de
2292 1213 367 173 argentinis
2580 1213 157 173 su
2659 1213 157 173 is
2711 1213 79 173 e

1713 1284 167 179 26
1797 1284 334 179 articulo
2047 1284 139 179 4
2103 1284 334 179 probatur
2353 1284 222 179 quia
2492 1284 222 179 tunc
2631 1284 195 179 non

1699 1354 235 183 esset
1855 1354 313 183 trinitas
2090 1354 261 183 tantum
2273 1354 157 183 in
2351 1354 287 183 divinis
2560 1354 183 183 sed
2638 1354 157 183 quat

1698 1427 248 219 nitas
1864 1427 248 219 sicut
2029 1427 276 219 oachim
2223 1427 331 219 magistro
2471 1427 386 219 setentirum

1703 1510 342 187 inponit
1952 1510 187 187 ut
2045 1510 280 187 patet
2231 1510 187 187 in
2325 1510 404 187 decretali
2636 1510 155 187 /
2698 1510 155 187 t

1714 1604 211 122 istud
1854 1604 352 122 corollarium
2136 1604 188 122 sunt
2254 1604 282 122 rationes
2465 1604 211 122 tacte
2606 1604 211 122 primo

1698 1664 239 159 quia
1847 1664 209 159 est
1967 1664 299 159 natura
2176 1664 418 159 singularis
2504 1664 179 159 2o
2594 1664 239 159 sibi

1699 1751 364 133 conpetit
1972 1751 364 133 actiones
2245 1751 152 133 ¶
2306 1751 182 133 3o
2397 1751 243 133 quia
2518 1751 243 133 inteli

1714 1817 239 144 ligere
1881 1817 334 144 essentiale
2144 1817 310 144 praecetit
2382 1817 310 144 notionale
2621 1817 119 144 ¶
2669 1817 143 144 ad

1702 1904 272 124 istas
1883 1904 363 124 rationes
2155 1904 302 124 potest
2367 1904 423 124 responderi

1714 1970 147 140 ad
1788 1970 246 140 primum
1960 1970 196 140 dico
2083 1970 196 140 quod
2206 1970 172 140 non
2304 1970 172 140 est
2402 1970 344 140 sufficiens
2648 1970 98 140 di

1696 2039 303 154 finitio
1917 2039 248 154 sicut
2082 2039 358 154 videbitur
2357 2039 165 154 et
2440 2039 358 154 generalis

1717 2122 209 138 deo
1837 2122 269 138 dante
2016 2122 269 138 circa
2195 2122 179 138 3m
2284 2122 299 138 librum
2493 2122 179 138 Ad
2583 2122 179 138 2m
2643 2122 119 138 di

1715 2201 165 153 to
1797 2201 220 153 quod
1934 2201 330 153 actiones
2182 2201 192 153 non
2291 2201 357 153 competunt
2566 2201 220 153 sibi

1715 2282 153 204 cr
1791 2282 305 204 scpiptis
2020 2282 305 204 personis
2249 2282 127 204 ¶
2300 2282 153 204 Ad
2376 2282 153 204 3m
2452 2282 204 204 nego
2579 2282 254 204 assiur

1708 2364 420 152 simplicit
2031 2364 259 152 quia
2193 2364 291 152 nulla
2386 2364 420 152 prioritas

1714 2447 213 184 est
1835 2447 213 184 ibi
1957 2447 183 184 Ex
2048 2447 244 184 hiis
2201 2447 274 184 patet
2383 2447 274 184 error
2566 2447 274 184 ockam

1718 2521 215 149 libro
1861 2521 215 149 primo
2005 2521 287 149 articulo
2220 2521 215 149 primo
2363 2521 167 149 ubi
2458 2521 215 149 dixit
2602 2521 191 149 quod

1708 2595 295 167 posset
1915 2595 236 167 esse
2063 2595 325 167 quaedum
2299 2595 325 167 oppinio
2536 2595 236 167 quae
2654 2595 118 167 po

1718 2666 222 150 net
1845 2666 254 150 quod
2004 2666 317 150 nichil
2225 2666 349 150 penitus
2479 2666 285 150 esset
2637 2666 127 150 in

1715 2752 179 170 deo
1818 2752 205 170 nisi
1946 2752 256 170 tantum
2126 2752 308 170 absoluta
2356 2752 308 170 Secundum
2587 2752 205 170 quod

1721 2833 286 150 recitat
1929 2833 338 150 alphonsus
2189 2833 416 150 distinctione
2527 2833 156 150 28
2605 2833 208 150 uper

1715 2916 271 140 articulo
1919 2916 136 140 3o
1987 2916 203 140 patet
2122 2916 181 140 quia
2235 2916 158 140 sit
2325 2916 226 140 ponere
2484 2916 158 140 non
2574 2916 203 140 esset

1715 2988 272 167 oppinio
1913 2988 173 167 sed
2012 2988 247 167 potius
2184 2988 222 167 error
2333 2988 123 167 ¶
2382 2988 148 167 3m
2456 2988 370 167 corollarium

1719 3068 343 133 personae
1976 3068 314 133 divinae
2205 3068 371 133 originate
2462 3068 257 133 quamvis

1710 3149 153 124 a
1772 3149 245 124 pria
1925 3149 214 124 non
2047 3149 245 124 sint
2200 3149 275 124 aeque
2384 3149 275 124 primo
2567 3149 184 124 et
2629 3149 122 124 in

1710 3220 350 128 meditate
1972 3220 467 128 originaliter
2352 3220 233 128 sunt
2497 3220 263 128 tamen
2643 3220 117 128 ab

1699 3310 205 128 ea
1801 3310 205 128 in
1904 3310 375 128 mediate
2176 3310 205 128 et
2279 3310 307 128 aeque
2483 3310 307 128 primo

1712 3395 158 128 in
1791 3395 343 128 distantia
2054 3395 237 128 prima
2212 3395 211 128 pars
2344 3395 184 128 est
2449 3395 316 128 doctoris

1694 3468 435 137 sollempnis
2036 3468 280 137 parte
2222 3468 342 137 secuida
2471 3468 311 137 argulo
