2964 4399
491 393 290 184 partes
694 393 232 184 quia
839 393 261 184 primo
1013 393 319 184 tractat
1244 393 377 184 deingenti

525 494 389 164 proprietate
836 494 182 164 seu
940 494 285 164 notione
1148 494 130 164 ¶
1200 494 156 164 2o
1278 494 311 164 degeniti

502 577 177 144 ab
591 577 355 144 ingeniti
857 577 473 144 distinctione
1241 577 177 144 et
1330 577 177 144 3o
1419 577 177 144 de

510 646 260 167 ipsius
692 646 260 167 geniti
874 646 364 167 conditione
1161 646 208 167 tunc
1291 646 156 167 2a
1369 646 208 167 pars

526 724 307 176 incipit
749 724 195 176 ibi
861 724 251 176 illud
1028 724 251 176 etiam
1195 724 279 176 tateri
1391 724 195 176 non

517 786 233 175 oprtem
680 786 163 175 ibi
773 786 279 175 Sciendum
982 786 233 175 quoque
1145 786 140 175 et
1215 786 279 175 sequitur
1424 786 186 175 tunc

514 875 131 148 29
580 875 349 148 distinctione
863 875 153 148 Est
950 875 284 148 praeterea
1168 875 196 148 aliud
1299 875 153 148 non
1387 875 131 148 in
1452 875 153 148 qua

528 947 277 145 tractat
729 947 151 145 de
805 947 151 145 2a
881 947 378 145 proprietate
1183 947 176 145 vel
1284 947 277 145 notione

518 1007 206 187 quae
647 1007 181 187 est
750 1007 310 187 communis
983 1007 310 187 spiratio
1215 1007 155 187 Et
1292 1007 310 187 dividitu

530 1071 139 192 in
599 1071 185 192 tres
715 1071 231 192 partes
877 1071 185 192 quia
992 1071 208 192 primo
1131 1071 277 192 magister
1316 1071 231 192 ostendit

508 1142 225 188 huius
658 1142 276 188 nominis
859 1142 351 188 principium
1134 1142 376 188 multiplicem
1410 1142 150 188 acce

530 1225 290 198 ptionem
740 1225 132 198 ¶
793 1225 158 198 2o
872 1225 237 198 ponit
1030 1225 237 198 circa
1188 1225 184 198 hoc
1294 1225 316 198 qualiter

527 1324 201 149 hic
642 1324 287 149 accipi
843 1324 287 149 debeat
1043 1324 229 149 suam
1186 1324 430 149 intentionem

536 1357 162 188 Et
617 1357 162 188 3o
698 1357 242 188 ponit
859 1357 215 188 suae
994 1357 404 188 intuitionis
1317 1357 296 188 declare

532 1439 181 191 tunc
645 1439 135 191 2a
713 1439 181 191 pars
826 1439 158 191 est
916 1439 158 191 ibi
1006 1439 135 191 et
1074 1439 203 191 pater
1209 1439 135 191 ab
1277 1439 248 191 aeterno
1458 1439 135 191 3a

537 1520 145 177 ibi
620 1520 207 177 omnium
765 1520 207 177 igitur
910 1520 166 177 quae
1013 1520 166 177 sunt
1117 1520 124 177 et
1179 1520 166 177 haec
1283 1520 145 177 est
1365 1520 269 177 sententia

538 1659 140 125 in
584 1659 233 125 generali

766 1672 179 148 trum
878 1672 202 148 pater
1012 1672 269 148 aeternus
1214 1672 179 148 suum
1326 1672 292 148 producens

764 1734 420 123 incommutabile
1110 1734 247 123 verbum
1283 1734 148 123 et
1357 1734 247 123 vietur

770 1779 239 191 proprie
944 1779 217 191 posset
1096 1779 174 191 dici
1205 1779 174 191 eius
1313 1779 304 191 principium

532 1876 243 168 argculo
708 1876 199 168 primo
841 1876 177 168 quod
951 1876 154 168 non
1039 1876 177 168 quia
1150 1876 132 168 in
1216 1876 154 168 deo
1304 1876 154 168 non
1392 1876 221 168 unitur

545 1956 103 167 est
604 1956 147 167 patris
707 1956 147 167 verbum
810 1956 147 167 igitur
913 1956 176 167 quaestio
1045 1956 132 167 falsa
1133 1956 235 167 consequentia
1324 1956 118 167 nota
1398 1956 206 167 antecedens

555 2035 208 141 probatur
710 2035 138 141 quia
797 2035 208 141 respectu
953 2035 242 141 cuiuslibet
1143 2035 173 141 dicere
1264 2035 121 141 vel
1334 2035 277 141 inttlenetile

538 2108 156 151 est
627 2108 224 151 dicare
784 2108 224 151 verbum
940 2108 156 151 sed
1029 2108 201 151 plura
1164 2108 179 151 sunt
1275 2108 224 151 dicere
1432 2108 134 151 et
1477 2108 89 151 in

541 2182 284 141 telligere
760 2182 131 141 in
825 2182 153 141 deo
913 2182 218 141 igitur
1066 2182 197 141 plura
1197 2182 197 141 erunt
1328 2182 197 141 verba
1459 2182 153 141 aio

528 2240 203 177 satis
664 2240 158 177 non
754 2240 248 177 videtur
934 2240 203 177 minor
1070 2240 158 177 est
1160 2240 248 177 aselmim
1340 2240 271 177 modoniam

534 2329 258 143 capitulo
727 2329 108 143 6
770 2329 108 143 2
813 2329 151 143 ubi
899 2329 172 143 agit
1007 2329 172 143 quod
1114 2329 280 143 quaelibet
1329 2329 237 143 persona
1501 2329 129 143 se

531 2391 210 165 ipsam
671 2391 210 165 dicit
811 2391 117 165 ¶
858 2391 140 165 2o
928 2391 163 165 sic
1021 2391 233 165 nullum
1184 2391 163 165 est
1278 2391 140 165 in
1348 2391 257 165 divinis

538 2449 167 158 verbum
655 2449 167 158 igitur
772 2449 200 158 quaestio
923 2449 150 158 falsa
1023 2449 267 158 consequentia
1240 2449 134 158 nota
1323 2449 134 158 quia
1407 2449 100 158 si
1457 2449 150 158 esset

525 2533 145 148 aut
608 2533 269 148 diceretur
815 2533 227 148 proprie
980 2533 351 148 essentialiter
1269 2533 186 148 autem
1393 2533 248 148 relative

523 2604 181 128 non
627 2604 310 128 relative
859 2604 233 128 tamen
1014 2604 233 128 primo
1169 2604 207 128 quia
1299 2604 181 128 est
1402 2604 233 128 actus

530 2685 363 117 intellectus
820 2685 291 117 secundum
1038 2685 170 117 sui
1135 2685 460 117 manifestationem

514 2745 210 125 quae
645 2745 184 125 non
750 2745 315 125 dicuntur
986 2745 315 125 relative
1223 2745 184 125 tum
1328 2745 158 125 2o
1406 2745 210 125 quia

525 2805 138 154 2rum
611 2805 241 154 augustinum
800 2805 103 154 de
852 2805 224 154 trinitate
1024 2805 155 154 libro
1127 2805 103 154 15
1178 2805 206 154 capitulo
1333 2805 103 154 19
1385 2805 172 154 verbum
1505 2805 120 154 est

517 2876 202 143 cum
633 2876 260 143 amore
806 2876 317 143 notitia
1036 2876 202 143 sed
1152 2876 317 143 notitia
1382 2876 202 143 non
1469 2876 115 143 di

523 2945 230 140 citur
677 2945 307 140 relative
907 2945 230 140 tamen
1061 2945 154 140 3o
1138 2945 205 140 quia
1266 2945 154 140 2m
1343 2945 282 140 euundem

526 3020 124 150 in
588 3020 185 150 eodem
712 3020 185 150 libro
835 3020 124 150 15
897 3020 247 150 capitulo
1083 3020 124 150 13
1145 3020 206 150 verbum
1289 3020 124 150 ex
1330 3020 206 150 scientia

532 3083 239 142 arguitur
712 3083 259 142 ginguitur
911 3083 140 142 sed
991 3083 239 142 scientia
1170 3083 140 142 non
1250 3083 219 142 dicitur
1410 3083 239 142 relative

527 3164 134 123 nec
604 3164 211 123 dicitur
757 3164 326 123 essentialiter
1025 3164 192 123 verbum
1160 3164 153 123 quia
1255 3164 115 123 2m
1313 3164 268 123 augustinum

533 3232 114 125 15
590 3232 114 125 de
647 3232 247 125 trinitate
837 3232 228 125 capitulo
1008 3232 114 125 17
1066 3232 114 125 In
1123 3232 133 125 hac
1199 3232 247 125 trinitate
1389 3232 133 125 non
1465 3232 152 125 dici

526 3282 214 165 verbum
675 3282 171 165 nisi
782 3282 214 165 filius
932 3282 128 165 et
996 3282 192 165 libro
1124 3282 107 165 6
1166 3282 256 165 capitulo
1359 3282 107 165 2
1401 3282 192 165 pater

529 3360 147 167 et
603 3360 245 167 filius
775 3360 172 167 non
873 3360 221 167 simul
1020 3360 196 167 ambo
1143 3360 245 167 verbum
1314 3360 172 167 sed
1412 3360 221 167 solus

526 3445 250 179 filius
701 3445 250 179 verbum
876 3445 125 179 ¶
926 3445 150 179 3o
1001 3445 175 179 sic
1102 3445 150 179 in
1177 3445 275 179 divinis
1377 3445 250 179 nullum

1700 391 113 183 est
1765 391 227 183 principium
1943 391 162 183 igitur
2056 391 194 183 quaestio
2202 391 146 183 falsa
2299 391 259 183 consequentia
2510 391 113 183 not
2575 391 227 183 antecedens

1673 509 78 108 pro

1713 475 205 156 igitur
1856 475 164 156 quia
1958 475 143 156 vel
2040 475 184 156 esset
2163 475 143 156 per
2245 475 348 156 conperationem
2531 475 123 156 ad
2593 475 184 156 intra

1693 548 171 167 vel
1790 548 146 167 ad
1863 548 219 167 extra
2009 548 171 167 vel
2107 548 292 167 utrumque
2326 548 171 167 non
2424 548 244 167 primum
2594 548 171 167 tum

1702 625 210 177 primo
1842 625 187 177 quia
1959 625 327 177 principium
2216 625 140 177 et
2286 625 234 177 primum
2450 625 187 177 idem
2567 625 187 177 sunt
2683 625 140 177 2m

1690 705 253 173 piosophum
1884 705 117 173 li
1942 705 291 173 paeseriorum
2175 705 136 173 Cum
2253 705 233 173 sequitur
2428 705 155 173 quia
2525 705 272 173 principium

1695 759 170 182 et
1780 759 254 182 causa
1949 759 226 182 idem
2090 759 226 182 sunt
2232 759 198 182 4et
2345 759 141 182 5
2401 759 339 182 methamae
2627 759 113 182 se

1707 864 143 129 non
1788 864 143 129 est
1870 864 184 129 causa
1993 864 123 129 ad
2055 864 184 129 intra
2178 864 205 129 igitur
2321 864 143 129 nec
2403 864 287 129 principium
2629 864 143 129 nec

1698 930 270 137 potest
1887 930 216 137 dici
2022 930 162 137 2m
2103 930 216 137 quia
2239 930 189 137 non
2347 930 297 137 videtur
2563 930 243 137 quare

1704 994 271 146 potius
1894 994 298 146 dicatur
2110 994 379 146 principium
2409 994 379 146 producendo
2680 994 108 146 ad

1704 1079 229 128 extra
1856 1079 254 128 potius
2034 1079 203 128 quod
2161 1079 152 128 ad
2237 1079 229 128 intra
2389 1079 178 128 cum
2491 1079 305 128 causatur

1697 1148 177 145 tum
1798 1148 177 145 tam
1899 1148 304 145 perfecte
2127 1148 253 145 adintr
2304 1148 304 145 producat
2531 1148 228 145 sicut
2658 1148 101 145 ab

1694 1209 257 185 extra
1866 1209 200 185 nec
1980 1209 143 185 m
2037 1209 314 185 videtur
2266 1209 257 185 posse
2438 1209 229 185 dici
2581 1209 229 185 quia

1703 1297 186 140 tunc
1819 1297 163 140 vel
1912 1297 302 140 diceretur
2145 1297 326 140 principium
2400 1297 302 140 aequivoce
2633 1297 163 140 vel

1696 1366 276 197 univoce
1897 1366 276 197 adintra
2097 1366 150 197 et
2172 1366 150 197 ad
2248 1366 226 197 extra
2398 1366 176 197 sed
2473 1366 301 197 quodcumque

1699 1454 246 140 detur
1863 1454 300 140 videtur
2081 1454 219 140 esse
2218 1454 437 140 inconveniens
2573 1454 246 140 quare

1701 1506 211 171 quaest
1849 1506 211 171 idetur
1996 1506 190 171 falsa
2123 1506 105 171 ¶
2165 1506 127 171 In
2228 1506 274 171 oppositum
2439 1506 148 171 est
2524 1506 211 171 litera
2671 1506 169 171 megr

1706 1579 127 144 et
1769 1579 191 144 beati
1897 1579 276 144 augustini
2109 1579 127 144 in
2172 1579 255 144 pluribus
2363 1579 276 144 capitulis
2575 1579 127 144 et
2639 1579 106 144 7
2681 1579 106 144 2

1708 1654 143 159 29
1780 1654 263 159 dicndum
1971 1654 215 159 sicut
2114 1654 239 159 planae
2281 1654 239 159 potest
2448 1654 239 159 patere
2615 1654 215 159 lecun

1702 1732 239 172 tiquia
1869 1732 263 172 singule
2060 1732 310 172 perficule
2299 1732 358 172 quaestionis
2586 1732 215 172 satis

1707 1799 198 150 calare
1846 1799 218 150 possunt
2004 1799 198 150 haberi
2143 1799 99 150 ¶
2183 1799 178 150 prima
2301 1799 258 150 conclusio
2500 1799 218 150 uunicus
2658 1799 139 150 est

1706 1867 270 138 terminus
1909 1867 270 138 actionis
2112 1867 405 138 intellectualis
2449 1867 248 138 divinae
2629 1867 158 138 vel

1695 1943 335 147 paternae
1947 1943 307 147 emanans
2170 1943 168 147 ab
2254 1943 224 147 ipso
2394 1943 447 147 intelligente

1696 2022 189 138 sed
1804 2022 243 138 actum
1966 2022 271 138 manens
2156 2022 189 138 meo
2264 2022 325 138 alterius
2508 2022 162 138 et
2589 2022 189 138 sui

1708 2088 310 134 declativus
1952 2088 199 134 probo
2084 2088 199 134 istam
2217 2088 354 134 conclusionem
2505 2088 155 134 sic
2594 2088 177 134 quia

1719 2157 151 132 si
1794 2157 176 132 non
1895 2157 226 132 seque
2046 2157 201 132 quod
2171 2157 302 132 paterius
2397 2157 377 132 intellectus

1702 2238 155 140 non
1790 2238 199 140 plene
1923 2238 133 140 se
1989 2238 376 140 intellexisset
2299 2238 177 140 quod
2409 2238 155 140 est
2498 2238 221 140 falsum
2653 2238 111 140 /

1699 2308 124 141 et
1761 2308 166 141 quia
1865 2308 249 141 sequitur
2052 2308 166 141 quod
2155 2308 187 141 talis
2280 2308 249 141 potentia
2466 2308 145 141 non
2549 2308 187 141 summe
2653 2308 83 141 ac

1702 2379 210 144 tuata
1841 2379 210 144 esset
1981 2379 140 144 et
2051 2379 186 144 quod
2167 2379 349 144 intellectus
2447 2379 326 144 intrinsece
2680 2379 93 144 se

1710 2456 163 157 ret
1803 2456 209 157 poons
1942 2456 116 157 ¶
1989 2456 139 157 3o
2058 2456 232 157 quitur
2221 2456 186 157 quod
2337 2456 209 157 talis
2476 2456 279 157 terminuo
2685 2456 116 157 n

1693 2530 255 143 foret
1863 2530 368 143 productus
2146 2530 170 143 de
2231 2530 255 143 plena
2401 2530 425 143 intellectus

1716 2609 433 139 secunditate
2062 2609 173 139 et
2149 2609 375 139 quaelibet
2438 2609 346 139 concepta
2669 2609 115 139 ab

1717 2689 102 134 ea
1768 2689 237 134 intrinseca
1954 2689 220 134 perfectio
2123 2689 135 134 quod
2208 2689 118 134 est
2275 2689 169 134 falsum
2394 2689 169 134 igitur
2512 2689 118 134 etc
2580 2689 85 134 ¶
2614 2689 169 134 contra

1712 2774 190 135 istam
1839 2774 423 135 conclusionepotet
2198 2774 190 135 argui
2325 2774 148 135 per
2410 2774 254 135 rationem
2600 2774 190 135 tatta

1717 2833 147 129 in
1791 2833 221 129 primo
1938 2833 344 129 principali
2209 2833 147 129 et
2282 2833 246 129 potest
2454 2833 344 129 confirmari

1718 2909 114 125 ex
1775 2909 189 125 dictis
1907 2909 284 125 venerabilis
2134 2909 208 125 anusimi
2286 2909 227 125 monlionm
2456 2909 114 125 4o
2513 2909 227 125 capitulo
2683 2909 132 125 ubi

1718 2985 271 125 inquit
1908 2985 325 125 anselmus
2152 2985 190 125 rem
2260 2985 325 125 cogitari
2504 2985 244 125 cuius
2640 2985 108 125 me

1719 3051 310 138 moriam
1936 3051 341 138 heremus
2184 3051 217 138 hoc
2308 3051 217 138 est
2432 3051 279 138 mente
2587 3051 155 138 eam

1695 3124 248 128 dicere
1869 3124 174 128 sed
1968 3124 248 128 certum
2142 3124 174 128 est
2242 3124 199 128 quod
2366 3124 149 128 in
2440 3124 174 128 deo
2540 3124 273 128 plurast

1704 3182 217 117 dicere
1856 3182 217 117 igitur
2007 3182 130 117 et
2072 3182 217 117 plures
2224 3182 217 117 truium
2376 3182 390 117 intellectuales

1712 3256 197 132 igitur
1850 3256 256 132 conclusio
2046 3256 177 132 falsa
2164 3256 98 132 ¶
2204 3256 118 132 Ad
2263 3256 177 132 istam
2381 3256 157 132 dico
2479 3256 157 132 quod
2577 3256 138 132 non
2636 3256 118 132 omne

1703 3334 259 139 dicere
1885 3334 233 139 neque
2040 3334 207 139 omne
2170 3334 389 139 intelligere
2481 3334 233 139 large
2636 3334 156 139 et

1719 3405 268 165 comuniter
1926 3405 248 165 loquendo
2112 3405 124 165 de
2174 3405 165 165 hiis
2277 3405 248 165 terminum
2463 3405 186 165 habet
2586 3405 186 165 sicut
