2964 4386
451 382 282 165 procedit
663 382 118 165 ¶
710 382 141 165 2o
781 382 188 165 quia
898 382 259 165 propter
1087 382 212 165 ipsum
1228 382 188 165 sunt
1345 382 212 165 omnia

463 471 331 125 aequalia
712 471 221 125 quia
850 471 221 125 suam
988 471 359 125 bonitatem
1264 471 331 125 spiritum

459 549 254 167 sancto
637 549 229 167 sicut
789 549 229 167 pater
942 549 280 167 tribuit
1145 549 153 167 et
1221 549 178 167 sic
1323 549 229 167 omnia

468 630 334 117 aequalia
719 630 279 117 reddit
914 630 307 117 dicitur
1137 630 307 117 proprie
1360 630 195 117 vel
1444 630 111 117 pu

470 685 412 168 lechritudo
793 685 265 168 primo
970 685 235 168 quia
1117 685 206 168 est
1235 685 353 168 splendor

463 767 244 158 gliae
626 767 163 158 ad
707 767 271 158 haebri
897 767 244 158 primo
1060 767 136 158 ¶
1114 767 163 158 2o
1195 767 217 158 quia
1331 767 244 158 causa

477 827 180 150 dor
580 827 283 150 lunctis
786 827 308 150 aeternae
1017 827 129 150 ¶
1068 827 154 150 3o
1146 827 206 150 quia
1274 827 308 150 speculum

484 903 356 178 sapientiae
763 903 305 178 ingenite
992 903 153 178 et
1069 903 229 178 omnis
1221 903 331 178 creaturae

470 998 224 144 Sap
598 998 160 144 a
662 998 160 144 /
726 998 352 144 dicitur
982 998 224 144 aut
1110 998 320 144 filius
1302 998 224 144 ymago

477 1064 280 144 triplici
687 1064 257 144 ratione
873 1064 257 144 similis
1060 1064 373 144 productionis
1363 1064 187 144 quia

467 1147 178 155 cum
568 1147 229 155 patre
721 1147 280 155 sprirat
925 1147 127 155 ¶
976 1147 153 155 2o
1052 1147 280 155 ratione
1231 1147 280 155 repaeseta

493 1213 216 149 tionis
645 1213 173 149 quia
753 1213 216 149 patrem
904 1213 238 149 proprie
1077 1213 346 149 repraesentat
1358 1213 173 149 quod

488 1278 169 175 non
584 1278 217 175 facit
729 1278 290 175 spiritus
947 1278 266 175 sanctus
1140 1278 193 175 quia
1260 1278 169 175 non
1357 1278 217 175 magis

485 1338 224 179 patrem
641 1338 179 179 quam
753 1338 224 179 filium
910 1338 157 179 nec
1000 1338 291 179 econverso
1224 1338 112 179 ¶
1268 1338 134 179 3o
1335 1338 246 179 ratione

491 1421 386 148 emanationis
800 1421 206 148 quia
928 1421 386 148 naturaliter
1237 1421 180 148 per
1340 1421 231 148 modum

475 1495 445 173 intellectus
831 1495 178 173 et
920 1495 415 173 emanatione
1246 1495 326 173 emanatu

486 1566 183 176 qua
591 1566 367 176 emanatione
879 1566 288 176 proprie
1089 1566 262 176 semper
1272 1566 314 176 terminus

498 1626 416 193 productivus
831 1626 360 193 principio
1108 1626 388 193 producenti
1385 1626 166 193 assi

498 1709 197 153 mulat
630 1709 153 153 sic
717 1709 219 153 igitur
871 1709 197 153 patet
1002 1709 197 153 prima
1134 1709 175 153 pars
1243 1709 351 153 conclusionis

485 1781 109 178 ¶
529 1781 131 178 2a
594 1781 175 178 pars
704 1781 197 178 etiam
835 1781 262 178 probatur
1031 1781 153 178 ubi
1118 1781 131 178 et
1184 1781 197 178 prima
1315 1781 109 178 a
1359 1781 240 178 signiat

503 1858 196 167 tumen
634 1858 306 167 altisseris
874 1858 175 167 duas
983 1858 262 167 rationes
1180 1858 196 167 quare
1311 1858 262 167 spiritus

504 1946 296 153 sanctus
719 1946 296 153 dicitur
934 1946 215 153 usus
1068 1946 215 153 quia
1203 1946 376 153 quasifruit

531 2017 184 174 piritu
659 2017 184 174 sancto
788 2017 110 174 et
844 2017 129 174 sic
917 2017 147 174 usus
1009 2017 221 174 suiditur
1175 2017 110 174 in
1230 2017 202 174 proprie
1377 2017 202 174 profrui

527 2103 203 167 falia
663 2103 158 167 est
753 2103 181 167 quia
866 2103 158 167 per
957 2103 271 167 spiritum
1160 2103 249 167 sanctum
1341 2103 226 167 dantur

504 2171 250 157 nobis
671 2171 250 157 omnia
837 2171 222 157 dona
976 2171 222 157 quae
1115 2171 222 157 sunt
1254 2171 250 157 nobis
1420 2171 194 157 uti

507 2241 165 164 lia
602 2241 141 164 et
672 2241 165 164 sic
766 2241 259 164 sumitur
954 2241 259 164 proprie
1142 2241 118 164 ¶
1189 2241 235 164 Contra
1354 2241 235 164 dictum

518 2327 154 153 unum
614 2327 115 153 in
672 2327 154 153 ista
768 2327 289 153 conclusione
999 2327 231 153 arbicuio
1172 2327 135 153 ubi
1249 2327 212 153 dicitur
1403 2327 154 153 quod

488 2399 273 197 propter
687 2399 248 197 filium
860 2399 198 197 sunt
984 2399 223 197 omnia
1133 2399 298 197 aequalia
1357 2399 248 197 contra

510 2477 190 178 igitur
643 2477 171 178 pater
757 2477 152 178 erit
851 2477 265 178 aequaliter
1060 2477 209 178 propter
1212 2477 190 178 filium
1344 2477 152 178 quod
1439 2477 133 178 est

497 2556 283 168 falsum
695 2556 226 168 quia
836 2556 226 168 tunc
977 2556 255 168 pater
1147 2556 226 168 suam
1289 2556 311 168 aequali

508 2631 234 175 tatem
664 2631 286 175 haberet
872 2631 130 175 a
924 2631 234 175 filio
1080 2631 130 175 ¶
1132 2631 156 175 ad
1210 2631 234 175 illud
1340 2631 208 175 respon

515 2706 178 177 detur
634 2706 158 177 quod
733 2706 119 177 ly
792 2706 218 177 propter
951 2706 198 177 potest
1089 2706 277 177 dupliciter
1307 2706 257 177 intelligi

510 2790 183 167 uno
614 2790 209 167 modo
745 2790 392 167 generaliter
1059 2790 392 167 distibutive
1373 2790 131 167 ¶
1425 2790 209 167 Alio

507 2884 205 174 modo
636 2884 334 174 finaliter
892 2884 359 174 completive
1175 2884 154 174 et
1252 2884 359 174 consuative

506 2954 146 172 Si
579 2954 219 172 primo
724 2954 194 172 modo
846 2954 170 172 sic
943 2954 243 172 dictum
1113 2954 219 172 esset
1259 2954 243 172 falsum
1429 2954 146 172 et

515 3038 257 176 procedet
707 3038 300 176 argumentum
943 3038 150 176 sed
1028 3038 150 176 sic
1114 3038 150 176 non
1199 3038 278 176 intelligo
1413 3038 193 176 ipsum

521 3127 120 164 si
581 3127 120 164 2o
641 3127 161 164 modo
742 3127 161 164 tunc
842 3127 141 164 non
923 3127 181 164 valet
1043 3127 321 164 consequentia
1304 3127 120 164 et
1364 3127 141 164 sic
1445 3127 120 164 in

520 3188 271 163 telligo
718 3188 247 163 dictum
890 3188 148 163 et
964 3188 173 163 sic
1063 3188 173 163 est
1162 3188 419 163 intelligendum

519 3261 246 181 ubique
692 3261 148 181 in
765 3261 320 181 scriptura
1011 3261 172 181 ubi
1109 3261 246 181 simile
1282 3261 320 181 invenitur

520 3347 240 165 plura
680 3347 213 165 alia
814 3347 320 165 habentur
1054 3347 160 165 in
1134 3347 347 165 vesperiis
1401 3347 213 165 meis

522 3421 134 180 pro
599 3421 154 180 ista
695 3421 288 180 conclusione
925 3421 441 180 inconsiderationibus
1309 3421 154 180 prea
1385 3421 154 180 talium

1658 348 146 176 cum
1742 348 314 176 corollarius
1993 348 209 176 ibidem
2139 348 146 176 pro
2222 348 188 176 eadem
2348 348 125 176 et
2411 348 125 176 in
2473 348 188 176 parte
2599 348 167 176 sunt

1663 436 187 138 dicta
1788 436 250 138 doctoris
1975 436 250 138 profundi
2162 436 187 138 libro
2287 436 187 138 primo
2412 436 250 138 capitulo
2599 436 125 138 2o

1659 509 208 203 circa
1797 509 231 203 medium
1959 509 185 203 ante
2074 509 346 203 corollarium
2351 509 231 203 primum
2512 509 115 203 ¶
2558 509 208 203 primu
2697 509 115 203 i

1642 582 254 159 ymago
1811 582 169 159 in
1896 582 310 159 divinis
2121 582 254 159 supta
2290 582 310 159 proprie
2516 582 254 159 solum

1650 658 248 146 dicitur
1831 658 361 146 personaliter
2124 658 135 146 et
2192 658 293 146 relativae
2417 658 203 146 patet
2553 658 180 146 quia

1654 730 254 144 aliter
1831 730 305 144 possemus
2060 730 254 144 dicere
2238 730 229 144 ymago
2391 730 152 144 de
2467 730 305 144 ymagiter

1661 806 145 142 quod
1752 806 127 142 est
1824 806 182 142 contra
1952 806 236 142 augustini
2133 806 91 142 6
2170 806 109 142 de
2224 806 236 142 trinitate
2406 806 218 142 capitulo
2570 806 91 142 ¶
2606 806 127 142 Sed

1653 871 233 142 contra
1816 871 210 142 illud
1956 871 256 142 videtur
2142 871 186 142 esse
2259 871 233 142 dictum
2422 871 303 142 augustini
2655 871 117 142 d

1638 933 226 146 fide
1779 933 170 146 ad
1864 933 283 146 petrum
2062 933 198 146 ubi
2175 933 254 146 dicit
2344 933 226 146 quod
2486 933 198 146 una
2571 933 141 146 est

1674 1021 155 142 ce
1752 1021 361 142 trinitatis
2035 1021 181 142 dei
2139 1021 361 142 entialiter
2422 1021 335 142 divinitas

1659 1089 188 148 et
1753 1089 282 148 ymago
1941 1089 188 148 ad
2035 1089 251 148 quam
2192 1089 314 148 factus
2411 1089 220 148 est
2537 1089 251 148 hono

1645 1159 281 151 Simile
1841 1159 224 151 vult
1982 1159 224 151 hyls
2122 1159 168 151 de
2206 1159 337 151 tinitate
2458 1159 252 151 libro
2627 1159 168 151 nt

1659 1227 177 127 dicit
1777 1227 236 127 magister
1954 1227 177 127 supra
2072 1227 314 127 distinctione
2327 1227 118 127 28
2386 1227 177 127 circa
2503 1227 177 127 finem
2621 1227 98 127 ¶

1644 1310 167 132 Ad
1728 1310 250 132 istud
1894 1310 305 132 dicitur
2116 1310 167 132 2m
2199 1310 361 132 doctrinam
2449 1310 222 132 domini

1677 1382 159 136 aegidi
1788 1382 254 136 distinctione
1995 1382 79 136 8
2026 1382 222 136 quaestione
2201 1382 79 136 2
2233 1382 127 136 quod
2312 1382 111 136 tam
2375 1382 222 136 augustinui
2550 1382 159 136 quadum

1649 1462 364 141 hylaris
1913 1462 430 141 accipiunt
2244 1462 231 141 ibi
2376 1462 397 141 ymaginem

1684 1526 173 145 large
1799 1526 269 145 communiter
2011 1526 115 145 et
2069 1526 115 145 in
2126 1526 212 145 proprie
2280 1526 231 145 secundum
2453 1526 154 145 quod
2550 1526 154 145 ipse
2646 1526 135 145 pul

1651 1587 261 170 chre
1814 1587 326 170 declat
2042 1587 326 170 ibidem
2270 1587 228 170 nam
2400 1587 326 170 propra
2596 1587 130 170 ui

1670 1670 236 142 mago
1818 1670 325 142 dicitur
2054 1670 236 142 quod
2202 1670 325 142 alterum
2438 1670 325 142 mutatur

1678 1754 110 134 ¶
1722 1754 132 134 2m
1788 1754 330 134 corollarium
2052 1754 176 134 quod
2162 1754 264 134 sequitur
2359 1754 132 134 ex
2425 1754 176 134 hiis
2535 1754 220 134 filius

1672 1827 397 143 inquantum
1978 1827 275 143 ymago
2161 1827 336 143 nullius
2405 1827 183 143 ad
2496 1827 183 143 ex
2588 1827 183 143 ut

1673 1905 124 168 ad
1735 1905 186 168 extra
1859 1905 144 168 est
1942 1905 413 168 repraesentativum
2292 1905 248 168 probatur
2478 1905 165 168 quia
2581 1905 206 168 tantum

1652 1992 144 123 2m
1724 1992 168 123 hoc
1820 1992 264 123 dicitur
2012 1992 216 123 ymago
2156 1992 288 123 secundum
2373 1992 192 123 quod
2493 1992 240 123 patrem

1672 2060 306 125 mutatur
1895 2060 278 125 igitur
2090 2060 167 125 2m
2173 2060 223 125 quod
2312 2060 250 125 ymago
2479 2060 250 125 solus

1672 2131 257 135 patris
1852 2131 180 135 est
1955 2131 514 135 repraesentativus
2392 2131 180 135 sed
2495 2131 257 135 contra

1663 2216 244 153 istud
1825 2216 325 153 arguitur
2069 2216 217 153 quia
2205 2216 244 153 omnia
2367 2216 217 153 quae
2502 2216 217 153 sunt
2611 2216 108 153 in

1688 2291 206 125 ilio
1817 2291 490 125 repraesentative
2229 2291 412 125 originaliter
2539 2291 180 125 exper

1665 2359 190 129 sse
1773 2359 190 129 sed
1882 2359 244 129 omnia
2044 2359 162 129 ad
2125 2359 244 129 extra
2288 2359 217 129 sunt
2423 2359 162 129 in
2504 2359 298 129 peatrae

1665 2425 228 141 unitive
1831 2425 270 141 naurliter
2038 2425 207 141 igitur
2184 2425 311 141 corollarium
2432 2425 207 141 falsum
2577 2425 104 141 ¶
2619 2425 124 141 Ad
2681 2425 124 141 id

1657 2490 367 133 concedo
1924 2490 167 133 a
1990 2490 200 133 et
2091 2490 167 133 b
2157 2490 267 133 quia
2324 2490 267 133 sunt
2491 2490 300 133 dicta

1669 2588 153 126 mea
1757 2588 131 126 in
1822 2588 328 126 praecedenti
2085 2588 328 126 conclusione
2347 2588 131 126 Et
2413 2588 350 126 conclusionem

1678 2652 194 125 quae
1799 2652 291 125 sequitur
2017 2652 146 125 ex
2090 2652 194 125 hiis
2212 2652 194 125 quae
2333 2652 170 125 est
2430 2652 194 125 quod
2551 2652 218 125 omnia

1675 2726 233 136 filius
1838 2726 140 136 ut
1908 2726 210 136 ymago
2048 2726 373 136 repraesentat
2352 2726 163 136 sed
2445 2726 140 136 in
2515 2726 257 136 quantum

1679 2802 228 133 sunt
1821 2802 171 133 ad
1906 2802 256 133 extra
2077 2802 199 133 sed
2191 2802 285 133 potius
2390 2802 171 133 in
2476 2802 313 133 quantum

1682 2882 207 139 sunt
1812 2882 155 139 ad
1889 2882 233 139 intra
2044 2882 155 139 in
2122 2882 233 139 patre
2277 2882 155 139 ad
2355 2882 181 139 hoc
2458 2882 155 139 de
2536 2882 259 139 servnt

1684 2956 240 154 dictum
1852 2956 287 154 apostoli
2067 2956 144 154 ad
2139 2956 240 154 hebris
2307 2956 216 154 primo
2451 2956 192 154 quia
2570 2956 240 154 filius

1681 3032 143 142 est
1762 3032 224 142 sfigura
1925 3032 367 142 substantiaeius
2231 3032 244 142 scilicet
2414 3032 204 142 patris
2556 3032 244 142 priortas

1673 3100 261 158 omnia
1847 3100 261 158 verbo
2021 3100 348 158 virtutis
2282 3100 232 158 suae
2427 3100 174 158 ut
2514 3100 203 158 sit
2601 3100 145 158 sen

1678 3181 173 149 sus
1777 3181 247 149 filius
1950 3181 148 149 in
2023 3181 271 149 quantum
2221 3181 247 149 verbum
2393 3181 222 149 ipsum
2541 3181 173 149 est
2640 3181 173 149 yma

1679 3252 135 141 go
1747 3252 135 141 et
1815 3252 248 141 fignica
1995 3252 339 141 substantiae
2266 3252 248 141 paterae
2447 3252 226 141 partat
2605 3252 203 141 omnia

1678 3351 288 137 virtutis
1894 3351 192 137 suae
2014 3351 288 137 scilicet
2230 3351 240 137 patris
2397 3351 144 137 ut
2469 3351 144 137 si
2517 3351 240 137 perymagi

1688 3408 308 175 nationem
1919 3408 308 175 paternae
2150 3408 282 175 scieret
2355 3408 154 175 me
2432 3408 205 175 nunc
2560 3408 256 175 legere
