2964 4400
469 368 256 130 contra
648 368 256 130 thomam
827 368 153 130 de
904 368 358 130 argentinis
1186 368 153 130 Et
1262 368 230 130 etiam
1416 368 153 130 ex

470 464 196 115 hoc
582 464 224 115 quod
722 464 224 115 dous
861 464 307 115 Egidius
1085 464 168 115 in
1169 464 419 115 expositione

469 500 388 151 decretalis
774 500 333 151 fiunitur
1024 500 333 151 expresse
1273 500 250 151 negat
1412 500 111 151 du

475 580 161 163 as
556 580 375 163 sapientias
850 580 241 163 sicut
1011 580 188 163 non
1118 580 214 163 sunt
1252 580 188 163 duo
1359 580 188 163 dii
1440 580 80 163 u

485 666 229 128 mis
616 666 359 128 genitus
877 666 196 128 et
975 666 294 128 alius
1172 666 425 128 ingenitus

466 738 166 138 sed
561 738 237 138 contra
727 738 237 138 potest
892 738 213 138 argui
1034 738 142 138 ex
1105 738 237 138 dictis
1271 738 189 138 eius
1389 738 189 138 quia

465 811 437 183 sapientia
801 811 403 183 formalis
1104 811 269 183 quae
1272 811 235 183 est
1373 811 134 183 co

502 863 241 168 munis
663 863 268 168 tribus
850 863 321 168 personis
1091 863 348 168 perfectio
1332 863 187 168 simpe

497 950 204 156 sola
625 950 230 156 nunda
778 950 306 156 essentia
1008 950 255 156 divina
1187 950 153 156 et
1263 950 332 156 divinitas

494 1028 194 159 ipsa
615 1028 170 159 non
712 1028 170 159 est
809 1028 340 159 formaliter
1076 1028 315 159 sapientia
1319 1028 170 159 non
1392 1028 121 159 per

510 1097 182 164 tio
614 1097 364 164 simpaciter
900 1097 312 164 clandens
1134 1097 156 164 in
1212 1097 156 164 se
1290 1097 286 164 proprie

501 1179 180 146 tatem
621 1179 140 146 cum
701 1179 279 146 divinitate
920 1179 200 146 igitur
1060 1179 299 146 corollarium
1299 1179 200 146 falsum
1439 1179 120 146 ut

493 1258 322 147 videtur
727 1258 146 147 ¶
786 1258 176 147 Ad
874 1258 264 147 istam
1049 1258 352 147 rationem
1284 1258 234 147 sitene

502 1333 188 153 rem
610 1333 215 153 quod
744 1333 350 153 sapientia
1013 1333 269 153 genita
1201 1333 161 153 ut
1282 1333 188 153 sic
1390 1333 188 153 non

491 1412 336 154 diceretur
749 1412 413 154 perfectionem
1085 1412 387 154 simpliciter
1369 1412 155 154 nega

487 1479 212 136 rem
608 1479 243 136 quia
760 1479 243 136 ipsa
912 1479 212 136 est
1033 1479 273 136 falsa
1215 1479 182 136 2o
1306 1479 243 136 quia
1428 1479 121 136 te

491 1542 211 160 neo
612 1542 211 160 hoc
732 1542 242 160 nego
884 1542 151 160 b
944 1542 242 160 quia
1095 1542 272 160 licet
1276 1542 211 160 sit
1367 1542 151 160 ibi

512 1610 297 172 sapientia
741 1610 274 172 formalis
946 1610 297 172 perfectio
1175 1610 274 172 infinita
1380 1610 206 172 tamen

498 1684 305 190 sapientia
732 1684 305 190 obiectiva
967 1684 164 190 vel
1061 1684 329 190 processiva
1319 1684 141 190 ut
1390 1684 164 190 sic

499 1755 199 192 est
612 1755 256 192 etiam
783 1755 370 192 perfectio
1068 1755 341 192 infinita
1324 1755 256 192 eadem

502 1820 220 176 omnino
656 1820 176 176 quae
766 1820 198 176 prima
898 1820 110 176 ¶
942 1820 132 176 3m
1008 1820 330 176 corollarium
1273 1820 198 176 ratio
1405 1820 198 176 quare

496 1940 259 132 filius
677 1940 233 132 patri
833 1940 311 132 aequalis
1065 1940 181 132 est
1169 1940 207 132 quia
1298 1940 311 132 essentia

506 2002 329 128 divina
737 2002 198 128 ut
835 2002 296 128 omnis
1033 2002 198 128 et
1132 2002 362 128 inmensa
1362 2002 165 128 per

515 2073 226 160 fectio
674 2073 158 160 est
764 2073 203 160 patri
900 2073 203 160 ratio
1035 2073 362 160 intelligendi
1329 2073 136 160 se
1397 2073 203 160 ipsum

518 2150 306 141 formalis
747 2150 229 141 patet
899 2150 204 141 quia
1027 2150 153 141 ex
1103 2150 178 141 hoc
1205 2150 229 141 solum
1332 2150 204 141 natura

515 2219 203 149 scitur
657 2219 122 149 de
718 2219 162 149 tota
819 2219 244 149 scientia
1002 2219 203 149 patris
1144 2219 142 149 sed
1225 2219 284 149 augustinum
1449 2219 122 149 15

523 2296 242 139 determini
710 2296 112 139 et
765 2296 242 139 similitas
952 2296 149 139 dici
1045 2296 186 139 potest
1175 2296 112 139 de
1231 2296 205 139 spiritu
1380 2296 186 139 sancto

517 2360 251 163 Contra
692 2360 225 163 istud
843 2360 376 163 corollarium
1143 2360 150 163 si
1218 2360 225 163 ipsum
1344 2360 175 163 esset

508 2409 197 191 verum
640 2409 263 191 sequetur
837 2409 175 191 quod
946 2409 153 191 per
1034 2409 175 191 idem
1144 2409 307 191 formaliter
1385 2409 197 191 pater

506 2493 389 156 cognosceret
817 2493 156 156 et
895 2493 415 156 intelligeret
1233 2493 156 156 se
1310 2493 234 156 ipsum
1440 2493 104 156 vi

514 2566 157 180 bene
612 2566 117 180 et
671 2566 235 180 spiritum
847 2566 215 180 sanctum
1004 2566 157 180 quod
1102 2566 137 180 est
1180 2566 196 180 falsum
1317 2566 98 180 ¶
1356 2566 117 180 ad
1415 2566 176 180 istam

517 2625 268 195 rationem
718 2625 246 195 concedo
896 2625 313 195 consequens
1142 2625 179 195 quia
1253 2625 156 195 est
1343 2625 201 195 verum

520 2705 118 177 et
579 2705 236 177 sequitur
756 2705 118 177 ex
816 2705 197 177 dictis
953 2705 118 177 Ex
1012 2705 197 177 quibus
1150 2705 177 177 etiam
1268 2705 177 177 patet
1386 2705 177 177 solu-

524 2827 135 146 to
591 2827 202 146 primo
726 2827 269 146 rationis
928 2827 135 146 in
995 2827 314 146 quaestione
1242 2827 202 146 facte
1377 2827 202 146 quiam

520 2871 252 150 filius
696 2871 227 150 nullo
847 2871 202 150 modo
973 2871 176 150 est
1074 2871 328 150 sapientia
1326 2871 252 150 patris

519 2955 331 143 formalis
768 2955 193 143 sic
878 2955 221 143 quod
1016 2955 249 143 pater
1182 2955 193 143 sit
1293 2955 304 143 sapiens

520 3021 217 156 sua
644 3021 310 156 genita
861 3021 403 156 sapientia
1170 3021 186 156 et
1263 3021 372 156 qualiter

525 3098 154 167 sit
613 3098 373 167 intelligendum
920 3098 219 167 dictum
1073 3098 263 167 apostoli
1271 3098 329 167 praedicamus

516 3181 294 158 christum
736 3181 171 158 dei
834 3181 294 158 virtutem
1054 3181 147 158 et
1127 3181 171 158 dei
1225 3181 343 158 sapientiam

515 3253 206 143 primo
653 3253 321 143 Corinthios
905 3253 275 143 ostendit
1111 3253 275 143 magister
1318 3253 138 143 in
1386 3253 183 143 ista

554 3311 107 153 2t
608 3311 287 153 distinctione
841 3311 215 153 capitulo
1002 3311 107 153 3o
1055 3311 107 153 et
1109 3311 179 153 beatus
1235 3311 251 153 augustinum
1432 3311 90 153 7
1467 3311 107 153 de

516 3384 301 143 trinitate
748 3384 278 143 capitulo
956 3384 209 143 primo
1095 3384 139 143 et
1165 3384 185 143 haec
1280 3384 139 143 de
1350 3384 209 143 prima

517 3432 288 168 conclusione
747 3432 96 168 ¶
786 3432 115 168 2o
843 3432 250 168 conclusio
1035 3432 230 168 quidquid
1208 3432 173 168 pater
1323 3432 115 168 et
1380 3432 192 168 filius

1659 355 315 168 diligunt
1895 355 236 168 amant
2052 355 289 168 spiritu
2262 355 262 168 sancto
2446 355 315 168 tanmquam

1669 423 236 162 termino
1840 423 322 162 dilectionis
2097 423 257 162 producto
2290 423 172 162 ista
2397 423 279 162 conclusio
2612 423 150 162 est

1647 502 265 172 hugonis
1840 502 217 172 libro
1985 502 217 172 primo
2130 502 217 172 parte
2274 502 145 172 3a
2347 502 290 172 capitulo
2564 502 145 172 27
2636 502 169 172 ubi

1662 573 200 209 dicit
1795 573 267 209 spiritus
1995 573 244 209 sanctus
2173 573 155 209 est
2262 573 267 209 dilectio
2461 573 155 209 est
2550 573 222 209 patris

1671 639 119 180 et
1731 639 178 180 filii
1850 639 119 180 et
1909 639 178 180 circa
2028 639 178 180 finem
2147 639 198 180 illius
2286 639 218 180 capitul
2444 639 277 180 augustinus

1667 711 118 180 ut
1726 711 217 180 habetur
1884 711 177 180 supra
2002 711 315 180 distinctione
2258 711 118 180 10
2317 711 138 180 hae
2396 711 256 180 conclusio
2593 711 177 180 eetis

1677 777 201 179 dinum
1811 777 201 179 Egidi
1945 777 134 179 in
2012 777 179 179 ista
2124 777 358 179 distinctione
2415 777 201 179 parte
2549 777 201 179 prima

1668 868 124 132 2
1718 868 149 132 et
1792 868 149 132 3a
1866 868 421 132 quaestionibus
2213 868 149 132 in
2287 868 248 132 quibus
2460 868 297 132 ostendit

1661 936 188 173 quod
1778 936 211 173 pater
1919 936 258 173 diligit
2107 936 141 173 se
2177 936 235 173 filium
2341 936 141 173 et
2412 936 164 173 nos
2506 936 258 173 spiritu

1676 1008 164 164 co
1758 1008 356 164 similiter
2032 1008 247 164 etiam
2196 1008 164 164 de
2279 1008 247 164 filio
2443 1008 192 164 hoc
2553 1008 219 164 idem

1666 1085 142 185 ut
1737 1085 213 185 patet
1879 1085 165 185 ibi
1973 1085 118 185 ¶
2021 1085 236 185 Contra
2186 1085 213 185 istam
2328 1085 378 185 conclusionem
2635 1085 142 185 se

1662 1159 252 191 quitur
1838 1159 151 191 si
1913 1159 176 191 sit
2014 1159 201 191 vera
2140 1159 201 191 quod
2266 1159 201 191 deus
2392 1159 227 191 quani
2543 1159 252 191 creata

1671 1232 291 154 diligat
1882 1232 291 154 inmensa
2094 1232 370 154 dilectione
2385 1232 370 154 consequens

1677 1297 251 162 falsum
1852 1297 201 162 quia
1978 1297 201 162 tunc
2103 1297 176 162 non
2203 1297 201 162 plus
2329 1297 326 162 diligeret
2580 1297 226 162 patre

1650 1379 355 142 distinatum
1929 1379 203 142 quam
2056 1379 381 142 praescistum
2360 1379 127 142 ¶
2411 1379 152 142 2o
2487 1379 178 142 non
2589 1379 203 142 plus

1651 1471 363 119 virginem
1923 1471 272 119 maiam
2104 1471 242 119 quam
2255 1471 212 119 nam
2376 1471 393 119 dyanltiam

1676 1515 156 161 et
1754 1515 156 161 3o
1832 1515 182 161 non
1936 1515 208 161 plus
2067 1515 130 161 b
2119 1515 287 161 cratura
2327 1515 208 161 quod
2457 1515 313 161 propriam

1676 1594 253 158 naturam
1860 1594 161 158 vel
1952 1594 344 158 substantiam
2227 1594 184 158 quae
2342 1594 207 158 omnia
2480 1594 184 158 sunt
2594 1594 207 158 falsa

1673 1671 137 141 et
1742 1671 250 141 absurda
1924 1671 364 141 consequentia
2220 1671 205 141 autem
2356 1671 273 141 probatur
2561 1671 182 141 quia
2652 1671 91 141 in

1655 1741 277 162 meus
1829 1741 243 162 nec
1967 1741 312 162 magis
2175 1741 243 162 nec
2314 1741 312 162 minus
2522 1741 277 162 esse

1666 1811 275 154 potest
1859 1811 138 154 ¶
1914 1811 165 154 Ad
1997 1811 193 154 hoc
2107 1811 330 154 dixuerit
2354 1811 275 154 aliqui
2547 1811 220 154 quod

1674 1870 337 151 loquendo
1926 1870 168 151 de
2011 1870 393 151 dilectione
2319 1870 365 151 intensiva
2600 1870 196 151 vel

1672 1948 367 157 intensive
1954 1948 311 157 concedo
2180 1948 282 157 illata
2378 1948 169 157 Et
2463 1948 339 157 sequitur

1672 2036 165 137 hoc
1767 2036 142 137 ex
1838 2036 236 137 dictis
2003 2036 283 137 magistri
2215 2036 283 137 iohannes
2427 2036 142 137 de
2498 2036 189 137 ripa
2616 2036 165 137 vel

1665 2096 309 148 marchi
1881 2096 278 148 satis
2067 2096 278 148 clare
2252 2096 216 148 Sed
2375 2096 247 148 quia
2530 2096 247 148 haec

1673 2190 213 129 sunt
1807 2190 346 129 prohibita
2073 2190 160 129 et
2153 2190 240 129 etiam
2313 2190 186 129 non
2419 2190 346 129 benedicta

1682 2254 208 138 dico
1812 2254 260 138 aliter
1994 2254 286 138 negando
2202 2254 442 138 consequentiam
2565 2254 208 138 unde

1680 2333 208 136 dico
1810 2333 208 136 quod
1940 2333 312 136 diligere
2174 2333 182 136 nam
2279 2333 312 136 creatura
2513 2333 286 136 conmnot

1677 2407 282 143 aliquid
1883 2407 205 143 quod
2011 2407 180 143 non
2113 2407 359 143 connotatur
2396 2407 154 143 in
2473 2407 308 143 diligere

1689 2473 392 138 simpliciter
2002 2473 235 138 quare
2159 2473 183 138 non
2263 2473 313 138 sequitur
2498 2473 287 138 diligit

1679 2554 427 126 dilectione
2014 2554 183 126 ab
2106 2554 275 126 extra
2289 2554 244 126 quae
2441 2554 214 126 est
2533 2554 214 126 inmen

1701 2625 154 144 sa
1778 2625 256 144 igitur
1957 2625 282 144 diligit
2162 2625 307 144 creatura
2393 2625 282 144 inmense
2597 2625 205 144 quia

1679 2688 282 139 quamvis
1884 2688 179 139 sit
1987 2688 308 139 infinita
2218 2688 308 139 dilectio
2448 2688 231 139 tamen
2602 2688 179 139 est

1678 2758 211 139 finite
1825 2758 253 139 dilectio
2015 2758 253 139 respectu
2205 2758 274 139 creaturae
2416 2758 126 139 ad
2479 2758 190 139 extra
2605 2758 211 139 aliter

1694 2837 141 133 non
1775 2837 182 133 video
1896 2837 161 133 quin
1996 2837 323 133 consequentia
2259 2837 262 133 sequantis
2460 2837 182 133 etiam
2581 2837 121 133 et
2622 2837 141 133 conce

1679 2900 137 171 di
1748 2900 320 171 operteatur
1999 2900 183 171 ipsa
2113 2900 114 171 ¶
2159 2900 229 171 primum
2319 2900 343 171 corollarium
2593 2900 229 171 quavis

1684 2982 196 134 deus
1807 2982 221 134 pater
1954 2982 270 134 diligat
2150 2982 172 134 nos
2249 2982 270 134 spiritu
2445 2982 245 134 sancto
2616 2982 172 134 aet

1681 3057 329 132 ntraliter
1934 3057 228 132 tamen
2086 3057 278 132 diligit
2288 3057 177 132 nos
2390 3057 253 132 libere
2567 3057 152 132 et
2617 3057 127 132 con

1692 3171 240 79 tingent
1867 3171 196 79 prima
1998 3171 175 79 pars
2107 3171 196 79 patet
2238 3171 131 79 ex
2303 3171 327 79 conclusione
2565 3171 131 79 et
2631 3171 153 79 par

1683 3216 274 134 probatur
1889 3216 183 134 quia
2003 3216 228 134 libere
2163 3216 228 134 potest
2323 3216 206 134 nobis
2460 3216 320 134 benefatere

1684 3290 177 115 et
1773 3290 473 115 contingentis
2157 3290 236 115 quia
2305 3290 236 115 mere
2453 3290 355 115 gratuite

1682 3360 185 142 nos
1787 3360 290 142 diligit
1998 3360 132 142 ¶
2051 3360 264 142 Contra
2235 3360 237 142 istud
2393 3360 395 142 corollarium

1679 3426 366 121 dilectio
1953 3426 214 121 qua
2075 3426 366 121 creatura
2350 3426 397 121 diligitur
