2964 4275
259 396 338 72 intelligere
530 396 225 72 igitur
688 396 180 72 esse
800 396 135 72 et
868 396 225 72 vivere
1026 396 315 72 praecedunt

267 466 129 75 in
331 466 150 75 deo
417 466 322 75 intelligere
674 466 129 75 et
739 466 150 75 per
825 466 301 75 consequens
1061 466 193 75 scire
1190 466 107 75 ¶

241 525 177 91 2o
329 525 206 91 sic
447 525 236 91 deus
594 525 206 91 non
712 525 383 91 cognoscit
1007 525 265 91 omnis
1154 525 118 91 in

263 593 191 91 tuitione
406 593 159 91 igitur
518 593 191 91 quaestio
661 593 143 91 falsa
756 593 254 91 consequentia
963 593 127 91 nota
1042 593 95 91 et
1090 593 223 91 antecedens

245 674 295 83 probatur
467 674 270 83 apparet
663 674 172 83 cum
761 674 221 83 primo
909 674 197 83 quia
1032 674 319 83 cognoscit

247 753 260 69 omnia
421 753 174 69 in
508 753 203 69 suo
623 753 376 69 exemplari
913 753 318 69 aeterno
1144 753 174 69 2o

250 815 207 76 eius
379 815 284 76 notitia
586 815 181 76 non
689 815 361 76 terminatur
973 815 155 76 ad
1050 815 181 76 res
1154 815 155 76 in

254 879 169 81 se
338 879 141 81 ¶
395 879 169 81 3o
479 879 226 81 quia
620 879 226 81 eius
761 879 310 81 notitia
987 879 226 81 omni
1128 879 197 81 non

241 947 143 81 est
322 947 184 81 solum
445 947 307 81 existentium
691 947 205 81 igitur
834 947 287 81 antecedens
1060 947 184 81 verum

251 1019 116 75 3o
309 1019 116 75 si
367 1019 232 75 quaestio
541 1019 174 75 esset
657 1019 155 75 vera
754 1019 232 75 sequitur
928 1019 155 75 quod
1025 1019 174 75 aeque
1141 1019 194 75 primum

245 1097 262 66 obiectum
441 1097 196 66 foret
572 1097 262 66 essentia
768 1097 218 66 divina
921 1097 131 66 et
986 1097 305 66 possibilis

269 1162 114 69 in
326 1162 133 69 deo
402 1162 229 69 creatura
574 1162 152 69 quod
669 1162 133 69 est
745 1162 191 69 falsum
879 1162 172 69 patet
993 1162 305 69 consequentia

253 1230 143 80 Cum
334 1230 245 80 respectu
518 1230 285 80 cuiuslibet
742 1230 183 80 esset
864 1230 224 80 notitia
1027 1230 224 80 aeterna
1190 1230 122 80 et

259 1302 272 81 falsitas
463 1302 362 81 consequenter
757 1302 249 81 apparet
938 1302 272 81 probatur
1142 1302 181 81 quia

252 1383 236 76 nullus
418 1383 307 76 potentiae
654 1383 213 76 actus
796 1383 236 76 primus
962 1383 236 76 potest
1127 1383 189 76 esse

242 1455 341 75 reflexus
497 1455 142 75 ¶
554 1455 171 75 2o
639 1455 227 75 tunc
782 1455 227 75 aque
924 1455 256 75 primo
1094 1455 256 75 foret

257 1527 161 75 et
338 1527 242 75 aeque
499 1527 349 75 perfectus
768 1527 242 75 actus
929 1527 269 75 rectus
1117 1527 161 75 et
1171 1527 107 75 re

260 1602 224 75 flexus
416 1602 179 75 quod
528 1602 157 75 est
618 1602 224 75 falsum
774 1602 112 75 ¶
819 1602 134 75 In
886 1602 291 75 oppositum
1110 1602 246 75 videtur

270 1671 141 79 esse
359 1671 194 79 magiter
500 1671 106 79 in
553 1671 194 79 littera
694 1671 282 79 distinctione
923 1671 106 79 35
976 1671 106 79 et
1029 1671 176 79 potest
1135 1671 88 79 con

262 1760 212 68 firmari
416 1760 116 68 ex
474 1760 193 68 dictis
608 1760 173 68 beati
724 1760 250 68 augustini
917 1760 116 68 15
974 1760 116 68 de
1032 1760 250 68 trinitate

252 1835 176 67 13
340 1835 176 67 de
427 1835 293 67 magnis
632 1835 176 67 et
720 1835 176 67 33
808 1835 176 67 de
896 1835 293 67 parvis
1101 1835 205 67 non

253 1912 259 68 aliter
435 1912 259 68 sciunt
616 1912 259 68 creata
798 1912 208 68 quam
928 1912 285 68 creanda
1135 1912 182 68 nec

258 1978 208 78 enim
388 1978 208 78 eius
518 1978 364 78 sapientiae
804 1978 286 78 aliquid
1012 1978 312 78 accessit

262 2049 157 79 et
340 2049 235 79 infra
497 2049 183 79 ita
601 2049 157 79 et
680 2049 313 79 scriptum
915 2049 183 79 est
1019 2049 157 79 in
1097 2049 235 79 libro

263 2122 367 85 ecclesiastico
565 2122 237 85 antquam
738 2122 259 85 creantur
932 2122 194 85 omnia
1061 2122 151 85 non
1148 2122 173 85 sunt

264 2195 216 81 illi
399 2195 189 81 sic
507 2195 162 81 et
588 2195 324 81 postquam
830 2195 378 81 consummata
1127 2195 216 81 sunt

263 2269 145 82 sic
346 2269 124 82 ea
408 2269 166 82 nota
512 2269 166 82 sunt
616 2269 124 82 et
678 2269 145 82 non
761 2269 207 82 aliter
906 2269 207 82 igitur
1052 2269 249 82 quaestio

247 2344 172 81 vera
355 2344 108 81 ¶
398 2344 194 81 prima
527 2344 280 81 conclusio
742 2344 194 81 ratio
872 2344 366 81 intelligentis
1173 2344 129 81 et

253 2422 255 74 actus
422 2422 424 74 cognitionis
762 2422 170 74 in
847 2422 198 74 deo
960 2422 226 74 sunt
1101 2422 226 74 idem

257 2497 371 68 inmensus
536 2497 340 68 simplex
783 2497 309 68 gradus
1000 2497 340 68 eiusdem

254 2563 147 75 cum
338 2563 252 75 essentia
527 2563 399 75 commservationis
862 2563 168 75 ista
967 2563 273 75 conclusio
1177 2563 147 75 est

268 2634 232 76 expressa
441 2634 251 76 sententia
634 2634 174 76 beati
750 2634 251 76 augustini
943 2634 116 76 15
1001 2634 116 76 de
1059 2634 251 76 trinitate

263 2709 291 75 capitulo
481 2709 145 75 13
553 2709 145 75 de
626 2709 242 75 mangis
796 2709 145 75 et
868 2709 145 75 34
941 2709 145 75 de
1014 2709 242 75 parvis
1159 2709 121 75 ubi

271 2792 233 72 inquit
434 2792 326 72 augustinus
690 2792 186 72 quae
806 2792 210 72 autem
946 2792 279 72 scientia
1156 2792 163 72 dei

267 2860 185 78 est
372 2860 158 78 et
451 2860 343 78 respondet
715 2860 211 78 ipsa
847 2860 185 78 est
952 2860 343 78 sapientia
1190 2860 105 78 Et

265 2940 177 73 quae
375 2940 287 73 sapientia
596 2940 177 73 ipsa
706 2940 265 73 essentia
905 2940 177 73 sive
1015 2940 309 73 substantia

266 3009 153 85 et
342 3009 255 85 subdit
520 3009 306 85 rationem
750 3009 153 85 in
826 3009 229 85 illis
979 3009 280 85 naturae
1157 3009 153 85 simp

257 3091 355 76 licitate
523 3091 355 76 mirabili
790 3091 207 76 non
908 3091 207 76 est
1026 3091 266 76 aliud
1174 3091 118 76 sa

259 3154 234 88 pere
405 3154 263 88 aliud
580 3154 263 88 esset
755 3154 175 88 et
843 3154 146 88 c
901 3154 175 88 14
989 3154 175 88 de
1076 3154 292 88 mangis

278 3224 169 97 et
362 3224 169 97 37
447 3224 169 97 de
532 3224 282 97 parvis
729 3224 254 97 novit
898 3224 282 97 itaque
1096 3224 254 97 omnia

273 3296 216 112 deus
408 3296 243 112 pater
570 3296 162 112 in
651 3296 162 112 se
732 3296 216 112 ipso
866 3296 243 112 novit
1028 3296 162 112 in
1082 3296 189 112 filio

1410 381 237 64 omnia
1568 381 263 64 uliter
1752 381 342 64 similiter
2015 381 237 64 novit
2173 381 158 64 et
2252 381 263 64 filius

1410 450 196 64 Et
1508 450 294 64 infra
1705 450 196 64 et
1803 450 294 64 omnia
1999 450 262 64 quae
2163 450 262 64 sunt
2326 450 196 64 in

1420 519 206 55 eorum
1557 519 274 55 scientia
1763 519 137 55 et
1831 519 206 55 eorum
1968 519 297 55 sapientia
2197 519 137 55 in
2265 519 206 55 eorum
2379 519 69 55 e

1396 583 352 65 ssentia
1652 583 480 65 unusquisque
2035 583 288 65 eorum
2227 583 288 65 simul

1409 653 311 65 vident
1626 653 217 65 non
1751 653 497 65 particulatim
2154 653 217 65 aut
2248 653 217 65 sigil

1399 718 277 70 latim
1584 718 277 70 velud
1768 718 430 70 alternante
2106 718 399 70 conspectu

1406 791 245 75 hinc
1559 791 276 75 illuc
1743 791 184 75 et
1835 791 245 75 inde
1988 791 276 75 illuc
2172 791 214 75 Sed
2294 791 184 75 ut
2356 791 122 75 di

1397 862 180 91 xi
1487 862 270 91 simul
1667 862 270 91 omnia
1847 862 270 91 videt
2027 862 300 91 quorum
2237 862 300 91 nullum

1422 947 195 74 quod
1544 947 171 74 non
1641 947 244 74 semper
1812 947 219 74 videt
1958 947 146 74 ex
2031 947 293 74 quilibet
2250 947 219 74 clare

1424 1023 296 69 sequitur
1646 1023 320 69 conclusio
1892 1023 123 69 ¶
1942 1023 172 69 Sed
2040 1023 246 69 contra
2213 1023 197 69 hanc
2336 1023 296 69 arguitur

1412 1092 277 75 primo
1597 1092 246 75 quia
1750 1092 215 75 non
1873 1092 338 75 videtur
2119 1092 399 75 repugnare

1421 1166 189 75 quod
1540 1166 189 75 deus
1658 1166 166 75 non
1753 1166 308 75 adaequate
1990 1166 166 75 sit
2084 1166 284 75 scientia
2297 1166 213 75 sicud

1425 1241 330 69 substantia
1684 1241 165 69 vel
1779 1241 283 69 essentia
1991 1241 165 69 nam
2085 1241 235 69 albedo
2250 1241 235 69 potest

1422 1304 211 67 esse
1554 1304 237 67 maior
1712 1304 369 67 similitudo
2002 1304 211 67 quam
2134 1304 158 67 in
2213 1304 158 67 se
2292 1304 185 67 sic

1423 1370 252 75 albedo
1599 1370 151 75 et
1674 1370 226 75 tamen
1825 1370 176 75 non
1926 1370 277 75 propter
2127 1370 176 75 hoc
2228 1370 176 75 nec
2328 1370 176 75 est

1408 1441 348 87 compositor
1681 1441 174 87 nec
1781 1441 348 87 simplicior
2054 1441 248 87 igitur
2228 1441 273 87 videtur

1423 1511 372 90 simplicitati
1725 1511 256 90 divinae
1911 1511 163 90 non
2004 1511 302 90 repugnare
2236 1511 256 90 quoniam

1420 1583 248 95 possit
1594 1583 199 95 esse
1718 1583 323 95 remissius
1966 1583 298 95 scientia
2190 1583 199 95 quam
2314 1583 174 95 sic

1425 1660 298 86 substantia
1659 1660 106 86 ¶
1702 1660 128 86 Ad
1765 1660 192 86 istud
1893 1660 277 86 respondeo
2106 1660 149 86 cum
2191 1660 277 86 augustino
2383 1660 85 86 ne

1421 1726 223 82 gando
1570 1726 347 82 antecedens
1842 1726 149 82 et
1916 1726 173 82 cum
2015 1726 297 82 probatur
2238 1726 149 82 de
2288 1726 149 82 albe

1417 1789 204 81 dine
1545 1789 204 81 dico
1673 1789 204 81 quod
1801 1789 179 81 non
1903 1789 179 81 est
2005 1789 256 81 simile
2184 1789 204 81 quia
2312 1789 204 81 esse

1409 1865 246 77 similem
1588 1865 157 77 non
1677 1865 157 77 est
1767 1865 179 77 esse
1879 1865 336 77 intrinsecum
2147 1865 134 77 et
2214 1865 313 77 essentiale

1409 1943 297 80 omnino
1617 1943 475 80 ydemptitatis
2003 1943 356 80 albedini
2270 1943 208 80 Sed

1407 2019 190 70 esse
1526 2019 308 70 scientiam
1763 2019 213 70 nullo
1905 2019 190 70 modo
2024 2019 237 70 potest
2190 2019 190 70 esse
2308 2019 166 70 deo

1433 2083 282 85 extrinsecum
1659 2083 132 85 sed
1734 2083 282 85 naturaliter
1960 2083 320 85 essentialiter
2223 2083 226 85 omnimode
2393 2083 113 85 et

1423 2162 198 80 omnino
1562 2162 158 80 modo
1661 2162 297 80 ydemptitate
1899 2162 277 80 intrinseco
2117 2162 178 80 quare
2235 2162 297 80 neccessario

1428 2234 143 87 si
1500 2234 309 87 remissius
1737 2234 214 87 foret
1880 2234 285 87 scientia
2094 2234 190 87 quam
2213 2234 285 87 essentia

1440 2308 161 84 se
1521 2308 242 84 ipsam
1682 2308 188 84 met
1789 2308 349 84 excederet
2058 2308 322 84 essentia
2299 2308 268 84 divina

1406 2379 160 102 et
1486 2379 186 102 sic
1593 2379 186 102 non
1699 2379 240 102 summe
1859 2379 293 102 simplex
2072 2379 240 102 foret
2231 2379 160 102 et
2311 2379 213 102 haec

1419 2451 168 97 est
1515 2451 215 97 ratio
1658 2451 191 97 quam
1778 2451 215 97 supra
1922 2451 335 97 praetendit
2161 2451 287 97 augustinus

1427 2536 175 85 Sed
1527 2536 249 85 aliter
1701 2536 175 85 est
1801 2536 150 85 in
1876 2536 199 85 hiis
2000 2536 199 85 quae
2125 2536 175 85 deo
2225 2536 324 85 competunt

1427 2612 174 81 per
1526 2612 447 81 denominationem
1899 2612 372 81 extrinsecam
2197 2612 223 81 sicut
2321 2612 124 81 sae

1435 2686 186 82 pius
1551 2686 209 82 supra
1691 2686 186 82 dixi
1807 2686 116 82 ¶
1853 2686 233 82 primum
2016 2686 349 82 corollarium
2295 2686 233 82 contra

1429 2747 280 97 doctorem
1639 2747 280 97 solmpnem
1849 2747 117 97 8
1896 2747 280 97 quolibet
2106 2747 327 97 quaestione
2364 2747 140 97 3a

1436 2830 133 81 et
1502 2830 111 81 6
1547 2830 266 81 quolibet
1747 2830 289 81 quaestion
1969 2830 111 81 3
2013 2830 133 81 Et
2080 2830 222 81 contra
2235 2830 266 81 doctorem

1427 2892 249 90 profundum
1619 2892 115 90 li
1676 2892 173 90 primo
1791 2892 230 90 capitulo
1964 2892 115 90 13
2021 2892 211 90 nostros
2175 2892 192 90 divina
2309 2892 249 90 possibile

1433 2978 173 79 non
1532 2978 223 79 prius
1681 2978 396 79 possibilitat
2003 2978 198 79 quam
2126 2978 223 79 ipsum
2275 2978 322 79 possibile

1421 3048 176 84 sit
1522 3048 176 84 vel
1622 3048 327 84 existitat
1874 3048 151 84 et
1949 3048 378 84 intellectus
2251 3048 277 84 divinus

1429 3124 324 85 intelligat
1684 3124 278 85 probatur
1892 3124 208 85 primo
2031 3124 139 85 ex
2100 3124 347 85 conclusione
2378 3124 185 85 quia

1423 3204 234 84 aliter
1586 3204 398 84 intelligibile
1914 3204 140 84 et
1985 3204 211 84 actus
2125 3204 421 84 intellectionis

1423 3278 179 65 non
1526 3278 230 65 esset
1679 3278 179 65 cum
1781 3278 306 65 essentia
2011 3278 281 65 eiusdem
2190 3278 306 65 commensura

1435 3354 259 64 tionis
1617 3354 207 64 quod
1746 3354 181 64 est
1850 3354 259 64 falsum
2031 3354 389 64 Confirmatur
2316 3354 156 64 quia
