2964 4132
364 373 158 126 et
443 373 290 126 quendam
654 373 290 126 numquam
864 373 158 126 et
943 373 290 126 quaedam
1154 373 264 126 malqui

375 451 231 94 tempore
543 451 210 94 simile
690 451 189 94 dicit
816 451 189 94 primo
942 451 168 94 celi
1047 451 252 94 concueto
1236 451 126 94 14
1299 451 126 94 ad

369 512 162 112 hoc
461 512 254 112 faciunt
646 512 277 112 rationes
854 512 139 112 et
923 512 370 112 auctoritates
1223 512 185 112 quas

366 591 177 111 facit
484 591 236 111 magister
662 591 138 111 ¶si
740 591 177 111 regis
859 591 118 111 in
918 591 217 111 prologo
1075 591 276 111 quaestione
1272 591 59 111 1

363 650 204 115 articulo
516 650 153 115 primo
618 650 273 115 distinctione
840 650 102 115 28
891 650 256 115 conclusione
1095 650 102 115 2a
1147 650 102 115 Et
1198 650 204 115 magister

368 724 259 114 hugolinus
568 724 120 114 in
628 724 240 114 prologis
807 724 180 114 prima
927 724 120 114 et
987 724 140 114 9na
1067 724 140 114 2ta
1146 724 279 114 communibus

388 790 145 118 3a
460 790 338 118 propositio
726 790 193 118 sunt
847 790 362 118 siguitativa
1137 790 290 118 conplexa

365 892 293 86 aeterna
578 892 266 86 quarum
765 892 266 86 nullum
951 892 213 86 funt
1084 892 186 86 est
1191 892 266 86 divina

368 938 263 98 essentia
565 938 197 98 patet
696 938 131 98 de
762 938 175 98 hiis
872 938 241 98 omnibus
1047 938 153 98 sor
1134 938 219 98 potest
1287 938 131 98 es

370 1008 167 97 sse
466 1008 167 97 vel
561 1008 167 97 non
657 1008 191 97 esse
776 1008 215 97 pluro
919 1008 191 97 erit
1039 1008 167 97 vel
1134 1008 167 97 non
1230 1008 191 97 erit

363 1084 154 88 et
440 1084 180 88 sic
543 1084 154 88 de
620 1084 308 88 singulis
851 1084 154 88 Ex
928 1084 180 88 quo
1031 1084 231 88 patet
1185 1084 231 88 multa

376 1140 197 111 sunt
500 1140 369 111 singuitivua
795 1140 296 111 complexa
1017 1140 246 111 quorum
1189 1140 246 111 nullum

358 1219 194 99 est
469 1219 278 99 natura
664 1219 333 99 increata
914 1219 167 99 Et
997 1219 194 99 cum
1108 1219 333 99 probatur

367 1284 220 95 quod
504 1284 192 95 non
614 1284 220 95 quia
751 1284 220 95 deus
889 1284 192 95 est
999 1284 302 95 creator
1191 1284 165 95 visi

376 1340 222 113 vbilium
537 1340 161 113 dico
638 1340 161 113 quod
738 1340 181 113 verum
859 1340 141 113 est
940 1340 222 113 subitus
1101 1340 121 113 et
1161 1340 262 113 creaturis

364 1420 165 95 sic
459 1420 307 95 expositae
695 1420 307 95 augustini
931 1420 331 95 retractaum
1191 1420 142 95 et
1239 1420 95 95 de

372 1483 340 104 perfectione
644 1483 227 104 iustie
803 1483 272 104 capitulo
1007 1483 113 104 5
1052 1483 136 104 ad
1120 1483 136 104 2m
1188 1483 181 104 nego

364 1558 273 95 maiore
555 1558 164 95 et
637 1558 191 95 pro
746 1558 273 95 minore
938 1558 273 95 iudeat
1129 1558 273 95 passus

366 1606 288 119 doctorum
582 1606 144 119 et
654 1606 216 119 eorum
798 1606 288 119 rationes
1014 1606 144 119 in
1086 1606 216 119 locis
1206 1606 168 119 palle

367 1700 202 81 gatis
501 1700 315 81 argumentum
748 1700 157 81 est
838 1700 225 81 nullus
996 1700 157 81 det
1085 1700 202 81 talia
1220 1700 225 81 ponere

372 1758 199 123 nisi
496 1758 273 123 coactus
695 1758 273 123 ratione
894 1758 248 123 deduci
1068 1758 149 123 ad
1142 1758 149 123 in
1192 1758 174 123 contr

368 1827 295 103 veniens
583 1827 161 103 in
663 1827 214 103 fide
797 1827 188 103 etc
904 1827 241 103 patet
1065 1827 214 103 quod
1199 1827 188 103 non

374 1885 327 98 opporbet
619 1885 163 98 ad
700 1885 163 98 3m
782 1885 272 98 tactum
973 1885 163 98 in
1054 1885 163 98 2a
1136 1885 299 98 ratione

365 1936 128 125 im
429 1936 319 125 principalis
684 1936 170 125 quod
790 1936 149 125 est
876 1936 234 125 quartum
1046 1936 128 125 in
1110 1936 149 125 quo
1195 1936 192 125 habeo

374 2007 265 126 confero
567 2007 169 126 cum
663 2007 193 126 isto
784 2007 193 126 diuo
905 2007 169 126 est
1001 2007 217 126 utrum
1146 2007 265 126 aliquid

375 2095 201 115 quod
500 2095 176 115 non
601 2095 176 115 est
701 2095 201 115 deus
826 2095 251 115 posset
1002 2095 201 115 esse
1127 2095 201 115 deus
1228 2095 125 115 pro

379 2158 150 104 quo
464 2158 258 104 articulo
658 2158 322 104 tripliciter
915 2158 193 104 probo
1044 2158 322 104 auctoritate
1280 2158 86 104 in

385 2219 194 118 agistri
526 2219 158 118 libro
632 2219 106 118 3o
685 2219 282 118 distinctione
913 2219 88 118 1
949 2219 211 118 capitulo
1107 2219 88 118 1
1142 2219 123 118 ubi
1213 2219 158 118 dicit
1301 2219 70 118 ma

368 2274 234 128 gister
532 2274 305 128 quaeredam
766 2274 187 128 sibi
883 2274 328 128 substantia
1141 2274 164 128 est
1234 2274 187 128 deus

366 2360 214 122 quae
500 2360 187 122 non
607 2360 268 122 semper
794 2360 214 122 fuit
928 2360 214 122 deus
1062 2360 161 122 Et
1142 2360 294 122 quaedam

382 2436 279 122 substantia
601 2436 139 122 est
681 2436 139 122 deo
761 2436 159 122 quae
860 2436 139 122 non
940 2436 139 122 est
1020 2436 199 122 divina
1159 2436 279 122 substantia

370 2493 148 139 et
444 2493 197 139 deus
568 2493 173 139 est
666 2493 271 139 aliquid
864 2493 197 139 quod
987 2493 173 139 non
1086 2493 197 139 sint
1185 2493 197 139 semper

374 2565 209 123 fuit
504 2565 209 123 quod
635 2565 261 123 aliqui
818 2565 339 123 concedunt
1079 2565 313 123 originis

369 2654 368 98 testimonio
658 2654 368 98 innitentes
947 2654 184 98 qui
1053 2654 210 98 agit
1184 2654 210 98 supr

368 2710 310 111 epistolam
607 2710 143 111 ad
679 2710 215 111 ratio
822 2710 239 111 factus
989 2710 167 111 est
1084 2710 191 111 sine
1204 2710 215 111 dubio

379 2775 233 124 illud
535 2775 207 124 quod
664 2775 233 124 prius
820 2775 181 124 non
923 2775 207 124 erat
1053 2775 156 124 ex
1131 2775 259 124 quibus

367 2841 272 113 expesse
565 2841 222 113 patet
713 2841 272 113 veritas
911 2841 173 113 sui
1010 2841 297 113 oppositi
1208 2841 148 113 cori

381 2922 129 105 2o
446 2922 194 105 arguo
575 2922 129 105 ad
640 2922 172 105 idem
748 2922 151 105 sic
834 2922 259 105 essentia
1028 2922 215 105 divina
1179 2922 215 105 posset

375 2986 250 109 esse
531 2986 281 109 forma
719 2986 406 109 informans
1031 2986 406 109 creaturae

374 3062 220 112 geneis
528 3062 220 112 igitur
682 3062 176 112 quod
792 3062 154 112 non
881 3062 154 112 est
969 3062 176 112 deus
1079 3062 220 112 potest
1233 3062 176 112 esse

362 3132 195 115 deus
483 3132 414 115 consequentiam
824 3132 268 115 aestimo
1019 3132 317 115 faciliter
1239 3132 97 115 po

391 3206 125 116 se
454 3206 228 116 probari
620 3206 145 116 sed
703 3206 291 116 antecedens
931 3206 187 116 probo
1055 3206 145 116 pro
1138 3206 166 116 nunc
1221 3206 104 116 pri

1504 365 196 119 quia
1627 365 172 119 hoc
1725 365 221 119 posse
1873 365 246 119 nullam
2045 365 221 119 dicit
2192 365 393 119 imperfecteos

1508 452 154 101 2o
1585 452 180 101 hoc
1688 452 231 101 posse
1842 452 231 101 dicit
1996 452 411 101 perfectionem
2330 452 154 101 3o
2407 452 180 101 hoc

1526 514 184 109 posset
1654 514 129 109 non
1728 514 184 109 clandi
1857 514 350 109 contradictionem
2151 514 184 109 igitur
2280 514 129 109 hoc
2354 514 147 109 part
2446 514 92 109 m

1508 583 138 79 3o
1577 583 276 79 articulo
1784 583 161 79 sic
1876 583 414 79 qualitercumque
2222 583 184 79 deus
2337 583 161 79 est
2406 583 138 79 intn

1528 649 203 112 site
1655 649 279 112 taliter
1858 649 178 112 est
1959 649 279 112 ipsemet
2162 649 203 112 deus
2289 649 178 112 sed
2391 649 203 112 deus

1517 716 338 121 aliqualiter
1788 716 315 121 intrinsece
2036 716 270 121 qualiter
2239 716 225 121 potest
2396 716 158 121 non

1516 795 199 113 esse
1641 795 324 113 Similiter
1890 795 349 113 aequaliter
2164 795 249 113 potest
2339 795 199 113 esse
2438 795 100 113 in

1516 856 289 105 trinsice
1733 856 289 105 qualiter
1950 856 169 105 non
2047 856 169 105 est
2143 856 241 105 igitur
2312 856 265 105 aliquid

1511 932 206 119 potest
1656 932 165 119 esse
1759 932 165 119 quod
1862 932 144 119 non
1944 932 144 119 est
2027 932 165 119 deus
2130 932 124 119 et
2191 932 144 119 per
2274 932 288 119 consequens

1504 1002 403 124 propositionem
1836 1002 237 124 Rratio
2002 1002 142 124 et
2073 1002 166 124 sua
2168 1002 166 124 non
2263 1002 332 124 concludere

1514 1079 185 109 videtur
1649 1079 135 109 unde
1733 1079 135 109 onia
1817 1079 253 109 arguminitus
2020 1079 185 109 videtur
2155 1079 135 109 quod
2239 1079 236 109 contingens
2424 1079 169 109 potest

1511 1151 166 114 esse
1615 1151 228 114 nocesse
1781 1151 166 114 esse
1885 1151 249 114 quidquid
2072 1151 145 114 fit
2155 1151 125 114 de
2217 1151 291 114 consequena
2446 1151 125 114 si

1523 1212 254 110 concederem
1723 1212 291 110 conclusionem
1959 1212 254 110 concederem
2159 1212 254 110 consequens
2359 1212 109 110 et
2395 1212 182 110 mateniae

1515 1276 254 130 ultiorem
1705 1276 359 130 consequentiam
2001 1276 211 130 igitur
2149 1276 127 130 in
2213 1276 169 130 casu
2318 1276 275 130 possibili

1510 1389 277 76 esset
1695 1389 246 76 idem
1849 1389 185 76 et
1941 1389 215 76 non
2064 1389 277 76 esset
2249 1389 215 76 nam
2372 1389 215 76 non

1498 1432 192 125 plus
1618 1432 216 125 video
1762 1432 168 125 hoc
1858 1432 216 125 sequi
2002 1432 264 125 quantum
2193 1432 264 125 auentum
2385 1432 168 125 est

1517 1537 238 94 magistrum
1700 1537 110 94 ex
1755 1537 110 94 eo
1810 1537 146 94 quod
1901 1537 275 94 alguementum
2121 1537 183 94 potest
2249 1537 146 94 esse
2341 1537 238 94 magistrum

1515 1590 164 116 Et
1597 1590 191 116 hoc
1706 1590 382 116 sufficiant
2006 1590 164 116 de
2088 1590 218 116 tota
2224 1590 164 116 2a
2306 1590 300 116 ratione

1505 1657 224 116 quinti
1661 1657 313 116 principili
1907 1657 134 116 et
1974 1657 134 116 de
2041 1657 224 116 dictis
2198 1657 156 116 ino
2287 1657 224 116 patris
2421 1657 112 116 Cui

1511 1727 178 113 ime
1612 1727 178 113 etc
1714 1727 306 113 notandum
1944 1727 229 113 tamen
2096 1727 204 113 quod
2224 1727 178 113 hic
2326 1727 229 113 solum

1493 1803 363 109 collative
1772 1803 335 109 procedam
2023 1803 195 109 tam
2135 1803 391 109 desigiuali
2414 1803 112 109 to

1509 1871 236 118 plexe
1666 1871 209 118 quom
1797 1871 157 118 in
1875 1871 236 118 istis
2033 1871 367 118 argumentis
2321 1871 157 118 Ad
2399 1871 183 118 3am

1523 1941 396 122 singulariter
1845 1941 248 122 factam
2018 1941 149 122 in
2093 1941 223 122 eodem
2241 1941 347 122 principali

1509 2018 293 107 quinto
1714 2018 264 107 tamen
1890 2018 411 107 arguebatur
2213 2018 176 107 si
2271 2018 235 107 perimu

1515 2094 258 101 vultus
1696 2094 309 101 influxus
1928 2094 335 101 contrasus
2186 2094 206 101 igit
2315 2094 258 101 rgorur

1507 2168 221 104 modi
1646 2168 221 104 actu
1784 2168 359 104 meritorio
2060 2168 166 104 et
2143 2168 276 104 puncto
2309 2168 193 104 requi

1511 2235 177 113 retur
1629 2235 294 113 neccessario
1864 2235 118 113 tc
1923 2235 275 113 conceditur
2139 2235 275 113 consequens
2355 2235 118 113 ad
2414 2235 177 113 samen

1510 2309 298 111 intellectum
1748 2309 198 111 semper
1887 2309 119 111 et
1947 2309 179 111 tamen
2066 2309 179 111 primo
2185 2309 258 111 arguintur
2383 2309 159 111 quid

1513 2372 196 119 non
1625 2372 224 119 quia
1765 2372 224 119 tunc
1905 2372 196 119 vel
2017 2372 224 119 deus
2128 2372 392 119 contingentie

1512 2443 217 112 piumr3
1664 2443 261 112 peccatum
1860 2443 152 112 vel
1947 2443 326 112 neccessario
2208 2443 196 112 sicut
2338 2443 196 112 prius

1494 2527 200 97 pono
1619 2527 425 97 propositiones
1969 2527 250 97 quarum
2143 2527 200 97 haec
2268 2527 175 97 fit
2368 2527 225 97 prima

1505 2576 273 129 prima
1687 2576 213 129 lex
1808 2576 364 129 contines
2082 2576 334 129 regulas
2324 2576 273 129 iuste

1505 2649 506 113 retributionis
1922 2649 327 113 priemas
2160 2649 208 113 vel
2279 2649 298 113 priema

1508 2730 222 110 tivas
1656 2730 173 110 est
1755 2730 197 110 ipse
1879 2730 197 110 deus
2002 2730 222 110 patet
2150 2730 148 110 ex
2224 2730 247 110 verbis
2397 2730 197 110 taum

1506 2801 193 121 lii
1617 2801 332 121 superius
1866 2801 359 121 allegatis
2142 2801 221 121 post
2280 2801 221 121 quae
2391 2801 138 121 ibi

1508 2876 211 104 dem
1628 2876 271 104 addit
1809 2876 241 104 deus
1960 2876 271 104 legis
2140 2876 361 104 inventor
2412 2876 181 104 et

1498 2963 277 103 sator
1683 2963 215 103 Cui
1806 2963 215 103 qui
1929 2963 215 103 non
2052 2963 277 103 pedit
2237 2963 246 103 ipse
2391 2963 185 103 se

1489 3028 307 109 fugiet
1704 3028 184 109 et
1796 3028 215 109 nam
1919 3028 338 109 hominis
2165 3028 430 109 aspervatur

1497 3096 176 106 et
1585 3096 205 106 hoc
1702 3096 235 106 ipse
1849 3096 235 106 luet
1995 3096 323 106 maximas
2230 3096 264 106 penas
2406 3096 176 106 si

1491 3179 254 99 ceta
1650 3179 413 99 supplicia
1968 3179 254 99 quae
2127 3179 381 99 putantur
2381 3179 191 99 effu

1497 3227 247 115 giet
1651 3227 154 115 /
1713 3227 185 115 2o
1805 3227 247 115 Sola
1959 3227 216 115 hoc
2083 3227 216 115 lex
2206 3227 401 115 perfectam
