2964 4171
441 421 224 116 habet
590 421 348 116 libertatem
864 421 149 116 et
938 421 348 116 dispusandi
1187 421 248 116 principa

462 493 176 111 lem
562 493 352 111 potestatem
839 493 226 111 patet
990 493 201 111 quia
1116 493 151 111 ad
1192 493 277 111 regulas

440 552 234 120 huius
596 552 234 120 legis
752 552 234 120 omnis
908 552 208 120 alia
1039 552 442 120 transcribitur

440 607 154 133 et
517 607 333 133 divinatur
773 607 205 133 quia
901 607 154 133 2m
978 607 256 133 tulium
1157 607 179 133 ubi
1260 607 230 133 supra

436 684 186 134 est
543 684 239 134 ratio
702 684 213 134 aqua
835 684 292 134 sumitur
1048 684 239 134 omnis
1207 684 186 134 lex
1314 684 160 134 et

448 756 171 119 nis
545 756 195 119 omne
667 756 147 119 3a
741 756 342 119 propositio
1009 756 269 119 Quamnis
1205 756 195 119 haec
1327 756 171 119 lex

448 820 162 132 sit
540 820 208 132 summe
679 820 208 132 veria
818 820 139 132 et
887 820 324 132 rationalis
1141 820 139 132 in
1211 820 301 132 voluntate

452 900 139 115 tam
531 900 198 115 divina
670 900 297 115 principalie
908 900 218 115 existit
1066 900 178 115 patet
1185 900 99 115 a
1225 900 139 115 2am
1304 900 139 115 nam

443 966 141 131 ex
514 966 165 131 quo
608 966 165 131 est
702 966 235 131 libera
867 966 141 131 ei
937 966 212 131 debet
1079 966 282 131 attribui
1290 966 212 131 huius

444 1038 209 125 legis
583 1038 325 125 proprietas
839 1038 163 125 cui
931 1038 395 125 principaliter
1256 1038 209 125 libro

450 1115 122 120 tas
519 1115 122 120 sed
589 1115 140 120 haoc
677 1115 122 120 est
747 1115 192 120 nostras
886 1115 175 120 divina
1009 1115 175 120 igitur
1131 1115 245 120 propositio
1323 1115 140 120 vera

468 1193 115 118 /
514 1193 161 118 4ta
606 1193 323 118 propositio
860 1193 161 118 est
952 1193 184 118 ideo
1067 1193 184 118 opus
1182 1193 161 118 est
1275 1193 207 118 bonum

436 1271 212 98 vel
557 1271 212 98 non
678 1271 272 98 bonum
859 1271 242 98 quia
1010 1271 212 98 est
1131 1271 363 98 conforme

437 1329 201 112 vel
552 1329 345 112 difforme
811 1329 230 112 hinc
954 1329 259 112 iuste
1127 1329 259 112 legis
1299 1329 172 112 et

444 1405 160 103 non
535 1405 297 103 econverso
764 1405 160 103 5ta
855 1405 320 103 propositio
1106 1405 137 103 2m
1175 1405 251 103 regulas

430 1469 259 103 iuste
603 1469 259 103 legis
775 1469 173 103 2m
862 1469 230 103 quas
1006 1469 230 103 quis
1149 1469 201 103 est
1264 1469 230 103 reus

452 1537 244 108 secundum
635 1537 203 108 easdem
777 1537 122 108 et
838 1537 183 108 earum
960 1537 325 108 proprietates
1224 1537 203 108 posset

448 1593 172 117 quis
555 1593 344 117 sufficienter
834 1593 258 117 iudicari
1027 1593 193 117 patet
1156 1593 129 117 de
1221 1593 129 117 se
1285 1593 107 117 /
1328 1593 129 117 ca

448 1663 177 116 quae
558 1663 265 116 sequitur
757 1663 133 116 Ex
824 1663 177 116 hiis
934 1663 155 116 lex
1022 1663 243 116 aeterna
1199 1663 243 116 aliquod

448 1721 327 118 peccatum
693 1721 163 118 ad
775 1721 272 118 nullam
965 1721 272 118 poenam
1156 1721 272 118 potest
1319 1721 109 118 ob

459 1802 263 115 ligare
643 1802 263 115 stante
827 1802 210 115 eius
958 1802 289 115 iudicio
1169 1802 237 115 patet
1327 1802 184 115 hoc

444 1874 203 100 primo
580 1874 136 100 ex
648 1874 136 100 2a
716 1874 362 100 propositione
1009 1874 181 100 quia
1122 1874 181 100 haec
1235 1874 158 100 lex
1303 1874 113 100 per

462 1941 254 118 sanctam
647 1941 208 118 habet
785 1941 323 118 libertatem
1039 1941 139 118 2o
1109 1941 185 118 quia
1224 1941 254 118 contint

440 2003 425 106 opranntem
768 2003 360 106 liberam
1029 2003 458 106 voluntatem

454 2042 184 158 haec
569 2042 161 158 lex
661 2042 276 158 respectu
868 2042 184 158 esse
983 2042 230 158 dignum
1144 2042 184 158 pene
1259 2042 207 158 habet

474 2133 340 119 prioritatem
746 2133 136 119 4o
814 2133 181 119 quia
927 2133 272 119 respectu
1131 2133 181 119 pene
1244 2133 226 119 nullam

472 2207 146 114 habet
569 2207 259 114 neccesstatem
779 2207 162 114 igitur
892 2207 226 114 propositio
1070 2207 129 114 vera
1151 2207 97 114 ex
1199 2207 162 114 quibus
1296 2207 146 114 omnibus

477 2285 182 109 patet
598 2285 162 109 quod
700 2285 203 109 primus
841 2285 203 109 vultus
983 2285 182 109 iuste
1105 2285 263 109 iudicando
1307 2285 203 109 potest

466 2354 250 99 dimittere
658 2354 231 99 peccatum
831 2354 115 99 in
889 2354 250 99 praemitum
1081 2354 173 99 patet
1197 2354 173 99 satis
1293 2354 154 99 exprae

459 2415 246 108 missis
631 2415 369 108 Confirmatur
926 2415 246 108 quoiam
1098 2415 172 108 non
1197 2415 270 108 videtur

450 2482 250 116 ratio
617 2482 250 116 quare
783 2482 222 116 deus
922 2482 278 116 paubum
1117 2482 194 116 non
1228 2482 250 116 potum

458 2542 160 123 sset
558 2542 340 123 propeternasse
838 2542 120 123 in
898 2542 140 123 suo
979 2542 160 123 acum
1079 2542 160 123 quod
1179 2542 120 123 si
1239 2542 240 123 fecisset

466 2617 252 111 planum
642 2617 177 111 est
743 2617 202 111 quod
870 2617 227 111 multa
1021 2617 227 111 pecca
1173 2617 303 111 inpraita

450 2692 252 99 dimisset
639 2692 189 99 patet
765 2692 252 99 expresse
955 2692 126 99 ex
1018 2692 210 99 verbis
1165 2692 273 99 augustini

455 2747 175 113 in
542 2747 321 113 sermone
776 2747 175 113 de
863 2747 350 113 consione
1125 2747 292 113 sancti
1300 2747 146 113 pau

455 2819 161 96 li
536 2819 188 96 ubi
643 2819 242 96 dicit
805 2819 215 96 quod
939 2819 215 96 deus
1074 2819 188 96 eum
1181 2819 161 96 su
1262 2819 242 96 bonis

450 2881 219 100 mitis
596 2881 146 100 ad
669 2881 146 100 3m
742 2881 219 100 celum
888 2881 317 100 raperiunt
1132 2881 171 100 ubi
1230 2881 268 100 videtur

435 2950 304 108 propositio
674 2950 174 108 vera
782 2950 130 108 Ad
848 2950 152 108 3am
934 2950 260 108 rationem
1130 2950 217 108 ibidem
1281 2950 217 108 sactam

433 3017 194 120 in
530 3017 226 120 qua
659 3017 323 120 tangur
885 3017 226 120 duo
1015 3017 323 120 pnncta
1209 3017 194 120 quae

452 3090 237 108 simul
610 3090 316 108 tractabo
846 3090 237 108 primo
1004 3090 158 108 as
1083 3090 263 108 posset
1267 3090 210 108 meri

451 3142 152 120 gum
538 3142 217 120 gratum
690 3142 282 120 facientem
907 3142 130 120 2o
972 3142 130 120 an
1037 3142 174 120 haec
1145 3142 347 120 consequentia

447 3223 242 107 valeat
616 3223 242 107 potest
786 3223 194 107 meri
907 3223 194 107 puta
1028 3223 121 107 a
1077 3223 218 107 maius
1222 3223 242 107 igitur

439 3271 274 141 potest
630 3271 274 141 mereri
822 3271 247 141 minus
987 3271 164 141 Ex
1069 3271 219 141 hiis
1206 3271 274 141 duobus

1564 396 292 129 positonem
1788 396 157 129 sex
1878 396 382 129 propositiones
2193 396 202 129 prima
2328 396 157 129 est
2418 396 180 129 haec

1568 472 211 119 contra
1716 472 296 119 amagistium
1949 472 106 119 s
1991 472 211 119 igitur
2139 472 127 119 in
2202 472 148 119 suo
2287 472 127 119 2o
2350 472 148 119 non
2435 472 190 119 omnis

1572 538 342 126 operatio
1828 538 313 126 iniusti
2056 538 199 126 est
2169 538 285 126 invsta
2369 538 256 126 istam

1567 606 215 104 probat
1718 606 172 104 nunc
1826 606 259 104 magister
2020 606 280 104 hugolinus
2235 606 280 104 generalis
2429 606 151 104 nostr

1578 664 148 112 libro
1676 664 99 112 2o
1725 664 246 112 distictione
1922 664 99 112 25
1972 664 230 112 quaestione
2152 664 82 112 3
2185 664 197 112 articulo
2333 664 148 112 primo
2431 664 131 112 quia

1569 748 153 88 tunc
1665 748 230 88 sequitur
1837 748 153 88 quod
1933 748 230 88 existues
2105 748 115 88 in
2163 748 211 88 peccato
2316 748 211 88 mortali
2469 748 115 88 et

1564 805 243 127 nolbet
1734 805 243 127 mentei
1904 805 195 127 quod
2026 805 170 127 hoc
2123 805 219 127 velle
2269 805 219 127 esset
2415 805 195 127 sibi

1583 876 251 92 peccatum
1772 876 168 92 quod
1876 876 147 92 non
1960 876 126 92 ve
2023 876 126 92 ad
2086 876 147 92 hoc
2170 876 231 92 allegat
2338 876 293 92 augustinus

1580 945 179 101 libro
1699 945 99 101 e
1739 945 139 101 Aid
1818 945 298 101 simpliciaum
2056 945 298 101 insolutione
2294 945 278 101 quaestione
2513 945 119 101 2o

1561 1010 138 86 /
1616 1010 165 86 2o
1698 1010 220 86 opus
1836 1010 248 86 bonum
2001 1010 358 86 moraliter
2276 1010 165 86 et
2358 1010 220 86 noni

1562 1078 171 111 in
1648 1078 257 111 tosum
1820 1078 371 111 acceptari
2105 1078 143 111 a
2163 1078 200 111 deo
2277 1078 314 111 adnitam

1565 1151 343 103 aeternam
1823 1151 200 103 non
1937 1151 343 103 cluandit
2194 1151 429 103 repugnatiam

1581 1221 160 106 ista
1681 1221 181 106 satis
1802 1221 221 106 videtur
1962 1221 160 106 nona
2062 1221 120 106 et
2123 1221 221 106 apparet
2283 1221 120 106 ex
2343 1221 201 106 dictis
2484 1221 140 106 sal

1578 1284 264 81 vatoris
1770 1284 168 81 non
1866 1284 216 81 licet
2010 1284 216 81 michi
2154 1284 240 81 facere
2322 1284 192 81 quod
2442 1284 168 81 non

1565 1350 153 111 lo
1641 1350 203 111 hinc
1768 1350 203 111 dare
1895 1350 229 111 sicut
2048 1350 153 111 et
2124 1350 178 111 ter
2226 1350 381 111 Confirmatur

1566 1412 186 118 quia
1682 1412 256 118 meritum
1868 1412 395 118 principaliter
2194 1412 302 118 consistit
2426 1412 209 118 macte

1586 1483 309 113 petatione
1824 1483 238 113 divina
1990 1483 166 113 sed
2085 1483 214 113 nulla
2228 1483 285 113 sequitur
2418 1483 166 113 repug

1576 1554 306 105 nantia
1791 1554 184 105 si
1883 1554 245 105 tale
2036 1554 245 105 opus
2189 1554 429 105 acceptatur

1573 1618 211 126 adnitam
1726 1618 230 126 aeternam
1899 1618 192 126 igitur
2033 1618 268 126 propositio
2244 1618 153 126 vera
2340 1618 96 126 3
2359 1618 230 126 propositio

1589 1700 188 111 contra
1721 1700 188 111 dictum
1853 1700 245 111 magistrum
2041 1700 245 111 hugolinus
2229 1700 169 111 eadem
2342 1700 264 111 quaestione

1570 1761 268 124 articulo
1771 1761 134 124 3o
1837 1761 335 124 conclusione
2105 1761 134 124 2a
2172 1761 156 124 non
2262 1761 246 124 clandit
2418 1761 156 124 repug

1565 1840 298 109 nantiam
1782 1840 271 109 aliqua
1972 1840 271 109 mereri
2161 1840 271 109 primam
2351 1840 298 109 gratiam

1564 1920 198 113 vel
1677 1920 283 113 iustam
1875 1920 255 113 patet
2045 1920 226 113 quia
2186 1920 198 113 non
2300 1920 226 113 plus
2413 1920 198 113 repug

1577 1985 212 112 nat
1698 1985 242 112 boni
1849 1985 272 112 operi
2031 1985 393 112 moraliter
2303 1985 272 112 subordi

1596 2055 129 120 nari
1677 2055 97 120 ex
1725 2055 97 120 2a
1774 2055 259 120 propositione
1984 2055 162 120 igitur
2098 2055 97 120 et
2146 2055 129 120 ista
2227 2055 129 120 quod
2308 2055 113 120 est
2373 2055 243 120 proposionum

1581 2141 152 110 Ex
1657 2141 177 110 quo
1758 2141 228 110 patet
1909 2141 202 110 quod
2036 2141 278 110 hominem
2238 2141 253 110 mereri
2415 2141 228 110 prima

1570 2204 267 97 gratiam
1764 2204 413 97 gratificantem
2105 2204 170 97 non
2202 2204 170 97 est
2299 2204 365 97 impossibile

1585 2279 235 110 contra
1749 2279 235 110 patrem
1913 2279 188 110 meum
2030 2279 164 110 cum
2124 2279 164 110 quo
2218 2279 164 110 ego
2312 2279 305 110 conferero

1580 2349 298 103 pronunc
1797 2349 163 103 et
1878 2349 190 103 hoc
1987 2349 163 103 de
2068 2349 244 103 primo
2231 2349 163 103 de
2312 2349 163 103 2o
2393 2349 217 103 pono

1588 2412 119 127 3es
1656 2412 288 127 propositiones
1893 2412 119 127 hoc
1961 2412 271 127 consequentia
2182 2412 119 127 est
2250 2412 238 127 neccessaia
2436 2412 170 127 possum

1596 2483 175 101 meri
1706 2483 153 101 hoc
1793 2483 131 101 et
1859 2483 175 101 haec
1968 2483 153 101 est
2056 2483 197 101 totum
2188 2483 219 101 igitur
2341 2483 241 101 possuum

1571 2561 213 99 meri
1704 2561 266 99 partem
1890 2561 266 99 istius
2077 2561 239 99 patet
2236 2561 213 99 quia
2369 2561 160 99 in
2422 2561 133 99 pli

1589 2608 127 118 cat
1661 2608 236 118 oppositum
1843 2608 290 118 consequenter
2079 2608 163 118 stare
2187 2608 127 118 cum
2260 2608 272 118 antecedente
2477 2608 109 118 2a

1580 2689 99 96 3
1620 2689 99 96 5
1659 2689 237 96 mordinem
1837 2689 158 96 haec
1936 2689 317 96 consequentia
2194 2689 139 96 est
2273 2689 297 96 neccessaria

1577 2747 265 116 possum
1763 2747 212 116 meri
1896 2747 186 116 hac
2002 2747 239 116 minus
2161 2747 212 116 isto
2294 2747 265 116 igitur
2453 2747 106 116 po

1592 2818 179 114 sum
1695 2818 204 114 meri
1822 2818 230 114 minus
1976 2818 204 114 isto
2103 2818 153 114 Et
2180 2818 179 114 hoc
2282 2818 179 114 non
2384 2818 230 114 valet

1589 2882 159 123 non
1680 2882 227 123 possum
1839 2882 250 123 merihec
2020 2882 204 123 minus
2156 2882 181 123 isto
2270 2882 227 123 igitur
2429 2882 159 123 non

1582 2960 230 101 possum
1743 2960 184 101 meri
1858 2960 207 101 minus
1996 2960 184 101 isto
2110 2960 207 101 patet
2248 2960 184 101 quia
2363 2960 138 101 in
2432 2960 207 101 prima

1591 3008 230 116 arguitur
1763 3008 115 116 ab
1821 3008 249 116 inferiori
2013 3008 115 116 ad
2070 3008 230 116 superius
2243 3008 288 116 affirmative
2454 3008 96 116 ntr

1587 3086 220 124 arguitur
1752 3086 110 124 ab
1807 3086 239 124 inferiori
1991 3086 110 124 ad
2046 3086 220 124 superius
2211 3086 220 124 negative
2376 3086 129 124 cum
2431 3086 147 124 distrc

1580 3144 232 126 butione
1749 3144 169 126 quae
1854 3144 337 126 consequentia
2128 3144 148 126 non
2213 3144 190 126 valet
2339 3144 127 126 3a
2402 3144 127 126 et
2466 3144 148 126 vel

1578 3205 208 132 tima
1708 3205 259 132 gratia
1889 3205 234 132 prima
2045 3205 182 132 est
2149 3205 259 132 melior
2305 3205 259 132 converso
