<?xml version="1.0" encoding="UTF-8"?>
<alto xmlns:xsi="http://www.w3.org/2001/XMLSchema-instance"
      xmlns="http://www.loc.gov/standards/alto/ns-v2#"
      xmlns:page="http://schema.primaresearch.org/PAGE/gts/pagecontent/2013-07-15"
      xsi:schemaLocation="http://www.loc.gov/standards/alto/ns-v2# http://www.loc.gov/standards/alto/alto.xsd">
   <Description>
      <MeasurementUnit>pixel</MeasurementUnit>
      <OCRProcessing ID="IdOcr">
         <ocrProcessingStep>
            <processingDateTime>2020-07-06T18:22:37.502-04:00</processingDateTime>
            <processingSoftware>
               <softwareCreator>READ COOP</softwareCreator>
               <softwareName>Transkribus</softwareName>
            </processingSoftware>
         </ocrProcessingStep>
      </OCRProcessing>
   </Description>
   <Tags/>
   <Layout>
      <Page ID="Page1" PHYSICAL_IMG_NR="1" HEIGHT="4272" WIDTH="2964">
         <TopMargin HEIGHT="0" WIDTH="2964" VPOS="0" HPOS="0"/>
         <LeftMargin HEIGHT="4272" WIDTH="0" VPOS="0" HPOS="0"/>
         <RightMargin HEIGHT="4272" WIDTH="0" VPOS="0" HPOS="2964"/>
         <BottomMargin HEIGHT="0" WIDTH="2964" VPOS="4272" HPOS="0"/>
         <PrintSpace HEIGHT="4272" WIDTH="2964" VPOS="0" HPOS="0">
            <TextBlock ID="r2" HEIGHT="3043" WIDTH="1063" VPOS="388" HPOS="518">
               <Shape>
                  <Polygon POINTS="518,388 518,3431 1581,3431 1581,388"/>
               </Shape>
               <TextLine ID="r2l1"
                         BASELINE="481"
                         HEIGHT="134"
                         WIDTH="983"
                         VPOS="347"
                         HPOS="604">
                  <String HEIGHT="134"
                          WIDTH="171"
                          VPOS="347"
                          HPOS="583"
                          CONTENT="quod"/>
                  <SP HEIGHT="134" WIDTH="21" VPOS="347" HPOS="754"/>
                  <String HEIGHT="134"
                          WIDTH="150"
                          VPOS="347"
                          HPOS="689"
                          CONTENT="hic"/>
                  <SP HEIGHT="134" WIDTH="21" VPOS="347" HPOS="839"/>
                  <String HEIGHT="134"
                          WIDTH="235"
                          VPOS="347"
                          HPOS="775"
                          CONTENT="loqunor"/>
                  <SP HEIGHT="134" WIDTH="21" VPOS="347" HPOS="1010"/>
                  <String HEIGHT="134" WIDTH="128" VPOS="347" HPOS="946" CONTENT="de"/>
                  <SP HEIGHT="134" WIDTH="21" VPOS="347" HPOS="1074"/>
                  <String HEIGHT="134"
                          WIDTH="192"
                          VPOS="347"
                          HPOS="1010"
                          CONTENT="facto"/>
                  <SP HEIGHT="134" WIDTH="21" VPOS="347" HPOS="1202"/>
                  <String HEIGHT="134"
                          WIDTH="150"
                          VPOS="347"
                          HPOS="1138"
                          CONTENT="non"/>
                  <SP HEIGHT="134" WIDTH="21" VPOS="347" HPOS="1288"/>
                  <String HEIGHT="134"
                          WIDTH="150"
                          VPOS="347"
                          HPOS="1224"
                          CONTENT="pro"/>
                  <SP HEIGHT="134" WIDTH="21" VPOS="347" HPOS="1373"/>
                  <String HEIGHT="134"
                          WIDTH="192"
                          VPOS="347"
                          HPOS="1309"
                          CONTENT="signo"/>
                  <SP HEIGHT="134" WIDTH="21" VPOS="347" HPOS="1502"/>
                  <String HEIGHT="134"
                          WIDTH="192"
                          VPOS="347"
                          HPOS="1437"
                          CONTENT="falsi"/>
                  <SP HEIGHT="134" WIDTH="21" VPOS="347" HPOS="1630"/>
                  <String HEIGHT="134" WIDTH="43" VPOS="347" HPOS="1544" CONTENT=""/>
               </TextLine>
               <TextLine ID="r2l2"
                         BASELINE="530"
                         HEIGHT="99"
                         WIDTH="969"
                         VPOS="431"
                         HPOS="613">
                  <String HEIGHT="99" WIDTH="124" VPOS="431" HPOS="588" CONTENT="¶"/>
                  <SP HEIGHT="99" WIDTH="25" VPOS="431" HPOS="712"/>
                  <String HEIGHT="99" WIDTH="149" VPOS="431" HPOS="638" CONTENT="ad"/>
                  <SP HEIGHT="99" WIDTH="25" VPOS="431" HPOS="787"/>
                  <String HEIGHT="99" WIDTH="149" VPOS="431" HPOS="712" CONTENT="2m"/>
                  <SP HEIGHT="99" WIDTH="25" VPOS="431" HPOS="861"/>
                  <String HEIGHT="99" WIDTH="174" VPOS="431" HPOS="787" CONTENT="cum"/>
                  <SP HEIGHT="99" WIDTH="25" VPOS="431" HPOS="961"/>
                  <String HEIGHT="99"
                          WIDTH="273"
                          VPOS="431"
                          HPOS="886"
                          CONTENT="dicitur"/>
                  <SP HEIGHT="99" WIDTH="25" VPOS="431" HPOS="1160"/>
                  <String HEIGHT="99"
                          WIDTH="199"
                          VPOS="431"
                          HPOS="1085"
                          CONTENT="deus"/>
                  <SP HEIGHT="99" WIDTH="25" VPOS="431" HPOS="1284"/>
                  <String HEIGHT="99"
                          WIDTH="248"
                          VPOS="431"
                          HPOS="1209"
                          CONTENT="potest"/>
                  <SP HEIGHT="99" WIDTH="25" VPOS="431" HPOS="1458"/>
                  <String HEIGHT="99"
                          WIDTH="199"
                          VPOS="431"
                          HPOS="1383"
                          CONTENT="esse"/>
                  <SP HEIGHT="99" WIDTH="25" VPOS="431" HPOS="1582"/>
                  <String HEIGHT="99" WIDTH="99" VPOS="431" HPOS="1483" CONTENT="ca"/>
               </TextLine>
               <TextLine ID="r2l3"
                         BASELINE="608"
                         HEIGHT="112"
                         WIDTH="983"
                         VPOS="496"
                         HPOS="604">
                  <String HEIGHT="112"
                          WIDTH="246"
                          VPOS="496"
                          HPOS="582"
                          CONTENT="erroris"/>
                  <SP HEIGHT="112" WIDTH="22" VPOS="496" HPOS="827"/>
                  <String HEIGHT="112"
                          WIDTH="156"
                          VPOS="496"
                          HPOS="760"
                          CONTENT="etc"/>
                  <SP HEIGHT="112" WIDTH="22" VPOS="496" HPOS="917"/>
                  <String HEIGHT="112"
                          WIDTH="179"
                          VPOS="496"
                          HPOS="850"
                          CONTENT="dico"/>
                  <SP HEIGHT="112" WIDTH="22" VPOS="496" HPOS="1028"/>
                  <String HEIGHT="112"
                          WIDTH="201"
                          VPOS="496"
                          HPOS="961"
                          CONTENT="primo"/>
                  <SP HEIGHT="112" WIDTH="22" VPOS="496" HPOS="1163"/>
                  <String HEIGHT="112"
                          WIDTH="246"
                          VPOS="496"
                          HPOS="1096"
                          CONTENT="negando"/>
                  <SP HEIGHT="112" WIDTH="22" VPOS="496" HPOS="1341"/>
                  <String HEIGHT="112"
                          WIDTH="357"
                          VPOS="496"
                          HPOS="1274"
                          CONTENT="consequentia"/>
                  <SP HEIGHT="112" WIDTH="22" VPOS="496" HPOS="1632"/>
                  <String HEIGHT="112" WIDTH="45" VPOS="496" HPOS="1542" CONTENT=""/>
               </TextLine>
               <TextLine ID="r2l4"
                         BASELINE="665"
                         HEIGHT="104"
                         WIDTH="958"
                         VPOS="561"
                         HPOS="596">
                  <String HEIGHT="104"
                          WIDTH="168"
                          VPOS="561"
                          HPOS="572"
                          CONTENT="qui"/>
                  <SP HEIGHT="104" WIDTH="24" VPOS="561" HPOS="740"/>
                  <String HEIGHT="104"
                          WIDTH="168"
                          VPOS="561"
                          HPOS="668"
                          CONTENT="non"/>
                  <SP HEIGHT="104" WIDTH="24" VPOS="561" HPOS="836"/>
                  <String HEIGHT="104"
                          WIDTH="168"
                          VPOS="561"
                          HPOS="764"
                          CONTENT="est"/>
                  <SP HEIGHT="104" WIDTH="24" VPOS="561" HPOS="931"/>
                  <String HEIGHT="104"
                          WIDTH="359"
                          VPOS="561"
                          HPOS="859"
                          CONTENT="simpliciter"/>
                  <SP HEIGHT="104" WIDTH="24" VPOS="561" HPOS="1219"/>
                  <String HEIGHT="104"
                          WIDTH="192"
                          VPOS="561"
                          HPOS="1147"
                          CONTENT="idem"/>
                  <SP HEIGHT="104" WIDTH="24" VPOS="561" HPOS="1338"/>
                  <String HEIGHT="104"
                          WIDTH="192"
                          VPOS="561"
                          HPOS="1267"
                          CONTENT="esse"/>
                  <SP HEIGHT="104" WIDTH="24" VPOS="561" HPOS="1458"/>
                  <String HEIGHT="104"
                          WIDTH="216"
                          VPOS="561"
                          HPOS="1386"
                          CONTENT="tamen"/>
                  <SP HEIGHT="104" WIDTH="24" VPOS="561" HPOS="1602"/>
                  <String HEIGHT="104" WIDTH="48" VPOS="561" HPOS="1506" CONTENT=""/>
               </TextLine>
               <TextLine ID="r2l5"
                         BASELINE="719"
                         HEIGHT="98"
                         WIDTH="967"
                         VPOS="621"
                         HPOS="585">
                  <String HEIGHT="98"
                          WIDTH="280"
                          VPOS="621"
                          HPOS="560"
                          CONTENT="erroris"/>
                  <SP HEIGHT="98" WIDTH="25" VPOS="621" HPOS="839"/>
                  <String HEIGHT="98"
                          WIDTH="458"
                          VPOS="621"
                          HPOS="763"
                          CONTENT="intellectualis"/>
                  <SP HEIGHT="98" WIDTH="25" VPOS="621" HPOS="1221"/>
                  <String HEIGHT="98" WIDTH="153" VPOS="621" HPOS="1145" CONTENT="et"/>
                  <SP HEIGHT="98" WIDTH="25" VPOS="621" HPOS="1298"/>
                  <String HEIGHT="98"
                          WIDTH="305"
                          VPOS="621"
                          HPOS="1221"
                          CONTENT="mentitum"/>
                  <SP HEIGHT="98" WIDTH="25" VPOS="621" HPOS="1527"/>
                  <String HEIGHT="98" WIDTH="153" VPOS="621" HPOS="1450" CONTENT="2o"/>
                  <SP HEIGHT="98" WIDTH="25" VPOS="621" HPOS="1603"/>
                  <String HEIGHT="98" WIDTH="51" VPOS="621" HPOS="1501" CONTENT=""/>
               </TextLine>
               <TextLine ID="r2l6"
                         BASELINE="803"
                         HEIGHT="110"
                         WIDTH="933"
                         VPOS="693"
                         HPOS="595">
                  <String HEIGHT="110"
                          WIDTH="226"
                          VPOS="693"
                          HPOS="567"
                          CONTENT="dico"/>
                  <SP HEIGHT="110" WIDTH="28" VPOS="693" HPOS="793"/>
                  <String HEIGHT="110"
                          WIDTH="226"
                          VPOS="693"
                          HPOS="708"
                          CONTENT="quod"/>
                  <SP HEIGHT="110" WIDTH="28" VPOS="693" HPOS="934"/>
                  <String HEIGHT="110"
                          WIDTH="254"
                          VPOS="693"
                          HPOS="849"
                          CONTENT="licet"/>
                  <SP HEIGHT="110" WIDTH="28" VPOS="693" HPOS="1104"/>
                  <String HEIGHT="110"
                          WIDTH="226"
                          VPOS="693"
                          HPOS="1019"
                          CONTENT="deus"/>
                  <SP HEIGHT="110" WIDTH="28" VPOS="693" HPOS="1245"/>
                  <String HEIGHT="110"
                          WIDTH="254"
                          VPOS="693"
                          HPOS="1160"
                          CONTENT="forte"/>
                  <SP HEIGHT="110" WIDTH="28" VPOS="693" HPOS="1415"/>
                  <String HEIGHT="110"
                          WIDTH="254"
                          VPOS="693"
                          HPOS="1330"
                          CONTENT="error"/>
                  <SP HEIGHT="110" WIDTH="28" VPOS="693" HPOS="1585"/>
                  <String HEIGHT="110" WIDTH="57" VPOS="693" HPOS="1471" CONTENT=""/>
               </TextLine>
               <TextLine ID="r2l7"
                         BASELINE="878"
                         HEIGHT="115"
                         WIDTH="941"
                         VPOS="763"
                         HPOS="601">
                  <String HEIGHT="115"
                          WIDTH="219"
                          VPOS="763"
                          HPOS="579"
                          CONTENT="posset"/>
                  <SP HEIGHT="115" WIDTH="22" VPOS="763" HPOS="798"/>
                  <String HEIGHT="115"
                          WIDTH="175"
                          VPOS="763"
                          HPOS="732"
                          CONTENT="esse"/>
                  <SP HEIGHT="115" WIDTH="22" VPOS="763" HPOS="907"/>
                  <String HEIGHT="115"
                          WIDTH="197"
                          VPOS="763"
                          HPOS="842"
                          CONTENT="causa"/>
                  <SP HEIGHT="115" WIDTH="22" VPOS="763" HPOS="1039"/>
                  <String HEIGHT="115"
                          WIDTH="153"
                          VPOS="763"
                          HPOS="973"
                          CONTENT="non"/>
                  <SP HEIGHT="115" WIDTH="22" VPOS="763" HPOS="1126"/>
                  <String HEIGHT="115"
                          WIDTH="153"
                          VPOS="763"
                          HPOS="1061"
                          CONTENT="cum"/>
                  <SP HEIGHT="115" WIDTH="22" VPOS="763" HPOS="1214"/>
                  <String HEIGHT="115"
                          WIDTH="219"
                          VPOS="763"
                          HPOS="1148"
                          CONTENT="potest"/>
                  <SP HEIGHT="115" WIDTH="22" VPOS="763" HPOS="1367"/>
                  <String HEIGHT="115"
                          WIDTH="175"
                          VPOS="763"
                          HPOS="1301"
                          CONTENT="esse"/>
                  <SP HEIGHT="115" WIDTH="22" VPOS="763" HPOS="1476"/>
                  <String HEIGHT="115"
                          WIDTH="153"
                          VPOS="763"
                          HPOS="1389"
                          CONTENT="causa"/>
               </TextLine>
               <TextLine ID="r2l8"
                         BASELINE="938"
                         HEIGHT="121"
                         WIDTH="976"
                         VPOS="817"
                         HPOS="597">
                  <String HEIGHT="121"
                          WIDTH="298"
                          VPOS="817"
                          HPOS="570"
                          CONTENT="erroris"/>
                  <SP HEIGHT="121" WIDTH="27" VPOS="817" HPOS="868"/>
                  <String HEIGHT="121" WIDTH="136" VPOS="817" HPOS="787" CONTENT="¶"/>
                  <SP HEIGHT="121" WIDTH="27" VPOS="817" HPOS="922"/>
                  <String HEIGHT="121" WIDTH="163" VPOS="817" HPOS="841" CONTENT="Ad"/>
                  <SP HEIGHT="121" WIDTH="27" VPOS="817" HPOS="1004"/>
                  <String HEIGHT="121" WIDTH="163" VPOS="817" HPOS="922" CONTENT="3m"/>
                  <SP HEIGHT="121" WIDTH="27" VPOS="817" HPOS="1085"/>
                  <String HEIGHT="121"
                          WIDTH="217"
                          VPOS="817"
                          HPOS="1004"
                          CONTENT="dico"/>
                  <SP HEIGHT="121" WIDTH="27" VPOS="817" HPOS="1221"/>
                  <String HEIGHT="121"
                          WIDTH="190"
                          VPOS="817"
                          HPOS="1139"
                          CONTENT="cum"/>
                  <SP HEIGHT="121" WIDTH="27" VPOS="817" HPOS="1329"/>
                  <String HEIGHT="121"
                          WIDTH="298"
                          VPOS="817"
                          HPOS="1248"
                          CONTENT="dicitur"/>
                  <SP HEIGHT="121" WIDTH="27" VPOS="817" HPOS="1546"/>
                  <String HEIGHT="121"
                          WIDTH="136"
                          VPOS="817"
                          HPOS="1437"
                          CONTENT="ero"/>
               </TextLine>
               <TextLine ID="r2l9"
                         BASELINE="1047"
                         HEIGHT="153"
                         WIDTH="980"
                         VPOS="894"
                         HPOS="580">
                  <String HEIGHT="153"
                          WIDTH="287"
                          VPOS="894"
                          HPOS="556"
                          CONTENT="spiritus"/>
                  <SP HEIGHT="153" WIDTH="24" VPOS="894" HPOS="843"/>
                  <String HEIGHT="153"
                          WIDTH="287"
                          VPOS="894"
                          HPOS="771"
                          CONTENT="merendax"/>
                  <SP HEIGHT="153" WIDTH="24" VPOS="894" HPOS="1058"/>
                  <String HEIGHT="153"
                          WIDTH="167"
                          VPOS="894"
                          HPOS="986"
                          CONTENT="etc"/>
                  <SP HEIGHT="153" WIDTH="24" VPOS="894" HPOS="1154"/>
                  <String HEIGHT="153"
                          WIDTH="191"
                          VPOS="894"
                          HPOS="1082"
                          CONTENT="dico"/>
                  <SP HEIGHT="153" WIDTH="24" VPOS="894" HPOS="1273"/>
                  <String HEIGHT="153"
                          WIDTH="191"
                          VPOS="894"
                          HPOS="1201"
                          CONTENT="quod"/>
                  <SP HEIGHT="153" WIDTH="24" VPOS="894" HPOS="1393"/>
                  <String HEIGHT="153"
                          WIDTH="191"
                          VPOS="894"
                          HPOS="1321"
                          CONTENT="ista"/>
                  <SP HEIGHT="153" WIDTH="24" VPOS="894" HPOS="1512"/>
                  <String HEIGHT="153"
                          WIDTH="167"
                          VPOS="894"
                          HPOS="1440"
                          CONTENT="non"/>
                  <SP HEIGHT="153" WIDTH="24" VPOS="894" HPOS="1608"/>
                  <String HEIGHT="153" WIDTH="48" VPOS="894" HPOS="1512" CONTENT=""/>
               </TextLine>
               <TextLine ID="r2l10"
                         BASELINE="1108"
                         HEIGHT="148"
                         WIDTH="957"
                         VPOS="960"
                         HPOS="594">
                  <String HEIGHT="148"
                          WIDTH="225"
                          VPOS="960"
                          HPOS="566"
                          CONTENT="sunt"/>
                  <SP HEIGHT="148" WIDTH="28" VPOS="960" HPOS="791"/>
                  <String HEIGHT="148"
                          WIDTH="253"
                          VPOS="960"
                          HPOS="707"
                          CONTENT="verba"/>
                  <SP HEIGHT="148" WIDTH="28" VPOS="960" HPOS="960"/>
                  <String HEIGHT="148"
                          WIDTH="197"
                          VPOS="960"
                          HPOS="875"
                          CONTENT="dei"/>
                  <SP HEIGHT="148" WIDTH="28" VPOS="960" HPOS="1072"/>
                  <String HEIGHT="148"
                          WIDTH="197"
                          VPOS="960"
                          HPOS="988"
                          CONTENT="sed"/>
                  <SP HEIGHT="148" WIDTH="28" VPOS="960" HPOS="1185"/>
                  <String HEIGHT="148"
                          WIDTH="281"
                          VPOS="960"
                          HPOS="1101"
                          CONTENT="contra"/>
                  <SP HEIGHT="148" WIDTH="28" VPOS="960" HPOS="1382"/>
                  <String HEIGHT="148"
                          WIDTH="197"
                          VPOS="960"
                          HPOS="1298"
                          CONTENT="hoc"/>
                  <SP HEIGHT="148" WIDTH="28" VPOS="960" HPOS="1495"/>
                  <String HEIGHT="148"
                          WIDTH="197"
                          VPOS="960"
                          HPOS="1410"
                          CONTENT="non"/>
                  <SP HEIGHT="148" WIDTH="28" VPOS="960" HPOS="1607"/>
                  <String HEIGHT="148" WIDTH="56" VPOS="960" HPOS="1495" CONTENT=""/>
               </TextLine>
               <TextLine ID="r2l11"
                         BASELINE="1147"
                         HEIGHT="124"
                         WIDTH="984"
                         VPOS="1023"
                         HPOS="596">
                  <String HEIGHT="124"
                          WIDTH="253"
                          VPOS="1023"
                          HPOS="568"
                          CONTENT="valet"/>
                  <SP HEIGHT="124" WIDTH="28" VPOS="1023" HPOS="821"/>
                  <String HEIGHT="124"
                          WIDTH="225"
                          VPOS="1023"
                          HPOS="737"
                          CONTENT="quia"/>
                  <SP HEIGHT="124" WIDTH="28" VPOS="1023" HPOS="961"/>
                  <String HEIGHT="124"
                          WIDTH="281"
                          VPOS="1023"
                          HPOS="877"
                          CONTENT="statim"/>
                  <SP HEIGHT="124" WIDTH="28" VPOS="1023" HPOS="1158"/>
                  <String HEIGHT="124"
                          WIDTH="337"
                          VPOS="1023"
                          HPOS="1074"
                          CONTENT="secuntur"/>
                  <SP HEIGHT="124" WIDTH="28" VPOS="1023" HPOS="1411"/>
                  <String HEIGHT="124"
                          WIDTH="253"
                          VPOS="1023"
                          HPOS="1327"
                          CONTENT="verba"/>
                  <SP HEIGHT="124" WIDTH="28" VPOS="1023" HPOS="1580"/>
                  <String HEIGHT="124"
                          WIDTH="112"
                          VPOS="1023"
                          HPOS="1468"
                          CONTENT="di"/>
               </TextLine>
               <TextLine ID="r2l12"
                         BASELINE="1244"
                         HEIGHT="148"
                         WIDTH="996"
                         VPOS="1096"
                         HPOS="575">
                  <String HEIGHT="148"
                          WIDTH="255"
                          VPOS="1096"
                          HPOS="549"
                          CONTENT="quibus"/>
                  <SP HEIGHT="148" WIDTH="26" VPOS="1096" HPOS="805"/>
                  <String HEIGHT="148"
                          WIDTH="179"
                          VPOS="1096"
                          HPOS="728"
                          CONTENT="ait"/>
                  <SP HEIGHT="148" WIDTH="26" VPOS="1096" HPOS="907"/>
                  <String HEIGHT="148"
                          WIDTH="306"
                          VPOS="1096"
                          HPOS="830"
                          CONTENT="egredere"/>
                  <SP HEIGHT="148" WIDTH="26" VPOS="1096" HPOS="1137"/>
                  <String HEIGHT="148"
                          WIDTH="153"
                          VPOS="1096"
                          HPOS="1060"
                          CONTENT="et"/>
                  <SP HEIGHT="148" WIDTH="26" VPOS="1096" HPOS="1213"/>
                  <String HEIGHT="148"
                          WIDTH="179"
                          VPOS="1096"
                          HPOS="1137"
                          CONTENT="fac"/>
                  <SP HEIGHT="148" WIDTH="26" VPOS="1096" HPOS="1316"/>
                  <String HEIGHT="148"
                          WIDTH="255"
                          VPOS="1096"
                          HPOS="1239"
                          CONTENT="igitur"/>
                  <SP HEIGHT="148" WIDTH="26" VPOS="1096" HPOS="1494"/>
                  <String HEIGHT="148"
                          WIDTH="204"
                          VPOS="1096"
                          HPOS="1418"
                          CONTENT="deus"/>
                  <SP HEIGHT="148" WIDTH="26" VPOS="1096" HPOS="1622"/>
                  <String HEIGHT="148" WIDTH="51" VPOS="1096" HPOS="1520" CONTENT=""/>
               </TextLine>
               <TextLine ID="r2l13"
                         BASELINE="1308"
                         HEIGHT="137"
                         WIDTH="960"
                         VPOS="1171"
                         HPOS="591">
                  <String HEIGHT="137"
                          WIDTH="295"
                          VPOS="1171"
                          HPOS="566"
                          CONTENT="percepit"/>
                  <SP HEIGHT="137" WIDTH="25" VPOS="1171" HPOS="862"/>
                  <String HEIGHT="137"
                          WIDTH="197"
                          VPOS="1171"
                          HPOS="788"
                          CONTENT="tali"/>
                  <SP HEIGHT="137" WIDTH="25" VPOS="1171" HPOS="985"/>
                  <String HEIGHT="137"
                          WIDTH="148"
                          VPOS="1171"
                          HPOS="911"
                          CONTENT="ut"/>
                  <SP HEIGHT="137" WIDTH="25" VPOS="1171" HPOS="1059"/>
                  <String HEIGHT="137"
                          WIDTH="295"
                          VPOS="1171"
                          HPOS="985"
                          CONTENT="spiritus"/>
                  <SP HEIGHT="137" WIDTH="25" VPOS="1171" HPOS="1280"/>
                  <String HEIGHT="137"
                          WIDTH="246"
                          VPOS="1171"
                          HPOS="1206"
                          CONTENT="mendax"/>
                  <SP HEIGHT="137" WIDTH="25" VPOS="1171" HPOS="1453"/>
                  <String HEIGHT="137"
                          WIDTH="222"
                          VPOS="1171"
                          HPOS="1379"
                          CONTENT="esset"/>
                  <SP HEIGHT="137" WIDTH="25" VPOS="1171" HPOS="1600"/>
                  <String HEIGHT="137" WIDTH="49" VPOS="1171" HPOS="1502" CONTENT=""/>
               </TextLine>
               <TextLine ID="r2l14"
                         BASELINE="1368"
                         HEIGHT="114"
                         WIDTH="997"
                         VPOS="1254"
                         HPOS="581">
                  <String HEIGHT="114"
                          WIDTH="127"
                          VPOS="1254"
                          HPOS="560"
                          CONTENT="et"/>
                  <SP HEIGHT="114" WIDTH="21" VPOS="1254" HPOS="687"/>
                  <String HEIGHT="114"
                          WIDTH="148"
                          VPOS="1254"
                          HPOS="623"
                          CONTENT="per"/>
                  <SP HEIGHT="114" WIDTH="21" VPOS="1254" HPOS="772"/>
                  <String HEIGHT="114"
                          WIDTH="297"
                          VPOS="1254"
                          HPOS="708"
                          CONTENT="consequens"/>
                  <SP HEIGHT="114" WIDTH="21" VPOS="1254" HPOS="1005"/>
                  <String HEIGHT="114"
                          WIDTH="170"
                          VPOS="1254"
                          HPOS="942"
                          CONTENT="idem"/>
                  <SP HEIGHT="114" WIDTH="21" VPOS="1254" HPOS="1111"/>
                  <String HEIGHT="114"
                          WIDTH="191"
                          VPOS="1254"
                          HPOS="1048"
                          CONTENT="valet"/>
                  <SP HEIGHT="114" WIDTH="21" VPOS="1254" HPOS="1239"/>
                  <String HEIGHT="114"
                          WIDTH="127"
                          VPOS="1254"
                          HPOS="1175"
                          CONTENT="ac"/>
                  <SP HEIGHT="114" WIDTH="21" VPOS="1254" HPOS="1302"/>
                  <String HEIGHT="114"
                          WIDTH="127"
                          VPOS="1254"
                          HPOS="1239"
                          CONTENT="si"/>
                  <SP HEIGHT="114" WIDTH="21" VPOS="1254" HPOS="1366"/>
                  <String HEIGHT="114"
                          WIDTH="255"
                          VPOS="1254"
                          HPOS="1302"
                          CONTENT="fecisset"/>
                  <SP HEIGHT="114" WIDTH="21" VPOS="1254" HPOS="1557"/>
                  <String HEIGHT="114"
                          WIDTH="127"
                          VPOS="1254"
                          HPOS="1493"
                          CONTENT="ad"/>
                  <SP HEIGHT="114" WIDTH="21" VPOS="1254" HPOS="1620"/>
                  <String HEIGHT="114" WIDTH="42" VPOS="1254" HPOS="1536" CONTENT=""/>
               </TextLine>
               <TextLine ID="r2l15"
                         BASELINE="1454"
                         HEIGHT="123"
                         WIDTH="992"
                         VPOS="1331"
                         HPOS="585">
                  <String HEIGHT="123"
                          WIDTH="248"
                          VPOS="1331"
                          HPOS="557"
                          CONTENT="istud"/>
                  <SP HEIGHT="123" WIDTH="28" VPOS="1331" HPOS="805"/>
                  <String HEIGHT="123"
                          WIDTH="220"
                          VPOS="1331"
                          HPOS="723"
                          CONTENT="dico"/>
                  <SP HEIGHT="123" WIDTH="28" VPOS="1331" HPOS="943"/>
                  <String HEIGHT="123"
                          WIDTH="220"
                          VPOS="1331"
                          HPOS="861"
                          CONTENT="quod"/>
                  <SP HEIGHT="123" WIDTH="28" VPOS="1331" HPOS="1081"/>
                  <String HEIGHT="123"
                          WIDTH="220"
                          VPOS="1331"
                          HPOS="998"
                          CONTENT="deus"/>
                  <SP HEIGHT="123" WIDTH="28" VPOS="1331" HPOS="1219"/>
                  <String HEIGHT="123"
                          WIDTH="220"
                          VPOS="1331"
                          HPOS="1136"
                          CONTENT="deus"/>
                  <SP HEIGHT="123" WIDTH="28" VPOS="1331" HPOS="1357"/>
                  <String HEIGHT="123"
                          WIDTH="248"
                          VPOS="1331"
                          HPOS="1274"
                          CONTENT="dixit"/>
                  <SP HEIGHT="123" WIDTH="28" VPOS="1331" HPOS="1522"/>
                  <String HEIGHT="123"
                          WIDTH="193"
                          VPOS="1331"
                          HPOS="1439"
                          CONTENT="hoc"/>
                  <SP HEIGHT="123" WIDTH="28" VPOS="1331" HPOS="1632"/>
                  <String HEIGHT="123" WIDTH="55" VPOS="1331" HPOS="1522" CONTENT=""/>
               </TextLine>
               <TextLine ID="r2l16"
                         BASELINE="1517"
                         HEIGHT="118"
                         WIDTH="965"
                         VPOS="1399"
                         HPOS="577">
                  <String HEIGHT="118"
                          WIDTH="183"
                          VPOS="1399"
                          HPOS="551"
                          CONTENT="non"/>
                  <SP HEIGHT="118" WIDTH="26" VPOS="1399" HPOS="733"/>
                  <String HEIGHT="118"
                          WIDTH="365"
                          VPOS="1399"
                          HPOS="655"
                          CONTENT="imperative"/>
                  <SP HEIGHT="118" WIDTH="26" VPOS="1399" HPOS="1020"/>
                  <String HEIGHT="118"
                          WIDTH="183"
                          VPOS="1399"
                          HPOS="942"
                          CONTENT="sed"/>
                  <SP HEIGHT="118" WIDTH="26" VPOS="1399" HPOS="1125"/>
                  <String HEIGHT="118"
                          WIDTH="261"
                          VPOS="1399"
                          HPOS="1046"
                          CONTENT="potius"/>
                  <SP HEIGHT="118" WIDTH="26" VPOS="1399" HPOS="1307"/>
                  <String HEIGHT="118"
                          WIDTH="365"
                          VPOS="1399"
                          HPOS="1229"
                          CONTENT="iudicatrum"/>
                  <SP HEIGHT="118" WIDTH="26" VPOS="1399" HPOS="1594"/>
                  <String HEIGHT="118" WIDTH="52" VPOS="1399" HPOS="1490" CONTENT=""/>
               </TextLine>
               <TextLine ID="r2l17"
                         BASELINE="1561"
                         HEIGHT="113"
                         WIDTH="970"
                         VPOS="1448"
                         HPOS="579">
                  <String HEIGHT="113"
                          WIDTH="184"
                          VPOS="1448"
                          HPOS="553"
                          CONTENT="vel"/>
                  <SP HEIGHT="113" WIDTH="26" VPOS="1448" HPOS="736"/>
                  <String HEIGHT="113"
                          WIDTH="393"
                          VPOS="1448"
                          HPOS="658"
                          CONTENT="punctiative"/>
                  <SP HEIGHT="113" WIDTH="26" VPOS="1448" HPOS="1051"/>
                  <String HEIGHT="113"
                          WIDTH="236"
                          VPOS="1448"
                          HPOS="972"
                          CONTENT="sicut"/>
                  <SP HEIGHT="113" WIDTH="26" VPOS="1448" HPOS="1208"/>
                  <String HEIGHT="113"
                          WIDTH="315"
                          VPOS="1448"
                          HPOS="1130"
                          CONTENT="Iohannes"/>
                  <SP HEIGHT="113" WIDTH="26" VPOS="1448" HPOS="1444"/>
                  <String HEIGHT="113"
                          WIDTH="157"
                          VPOS="1448"
                          HPOS="1365"
                          CONTENT="2o"/>
                  <SP HEIGHT="113" WIDTH="26" VPOS="1448" HPOS="1523"/>
                  <String HEIGHT="113"
                          WIDTH="131"
                          VPOS="1448"
                          HPOS="1418"
                          CONTENT="sol"/>
               </TextLine>
               <TextLine ID="r2l18"
                         BASELINE="1647"
                         HEIGHT="115"
                         WIDTH="989"
                         VPOS="1532"
                         HPOS="580">
                  <String HEIGHT="115"
                          WIDTH="247"
                          VPOS="1532"
                          HPOS="549"
                          CONTENT="nite"/>
                  <SP HEIGHT="115" WIDTH="31" VPOS="1532" HPOS="796"/>
                  <String HEIGHT="115"
                          WIDTH="340"
                          VPOS="1532"
                          HPOS="704"
                          CONTENT="templum"/>
                  <SP HEIGHT="115" WIDTH="31" VPOS="1532" HPOS="1044"/>
                  <String HEIGHT="115"
                          WIDTH="216"
                          VPOS="1532"
                          HPOS="951"
                          CONTENT="hoc"/>
                  <SP HEIGHT="115" WIDTH="31" VPOS="1532" HPOS="1167"/>
                  <String HEIGHT="115"
                          WIDTH="216"
                          VPOS="1532"
                          HPOS="1075"
                          CONTENT="etc"/>
                  <SP HEIGHT="115" WIDTH="31" VPOS="1532" HPOS="1291"/>
                  <String HEIGHT="115"
                          WIDTH="185"
                          VPOS="1532"
                          HPOS="1198"
                          CONTENT="et"/>
                  <SP HEIGHT="115" WIDTH="31" VPOS="1532" HPOS="1384"/>
                  <String HEIGHT="115"
                          WIDTH="185"
                          VPOS="1532"
                          HPOS="1291"
                          CONTENT="13"/>
                  <SP HEIGHT="115" WIDTH="31" VPOS="1532" HPOS="1476"/>
                  <String HEIGHT="115"
                          WIDTH="185"
                          VPOS="1532"
                          HPOS="1384"
                          CONTENT="de"/>
                  <SP HEIGHT="115" WIDTH="31" VPOS="1532" HPOS="1569"/>
                  <String HEIGHT="115"
                          WIDTH="124"
                          VPOS="1532"
                          HPOS="1445"
                          CONTENT="in"/>
               </TextLine>
               <TextLine ID="r2l19"
                         BASELINE="1729"
                         HEIGHT="127"
                         WIDTH="985"
                         VPOS="1602"
                         HPOS="562">
                  <String HEIGHT="127"
                          WIDTH="169"
                          VPOS="1602"
                          HPOS="534"
                          CONTENT="da"/>
                  <SP HEIGHT="127" WIDTH="28" VPOS="1602" HPOS="703"/>
                  <String HEIGHT="127"
                          WIDTH="225"
                          VPOS="1602"
                          HPOS="618"
                          CONTENT="quod"/>
                  <SP HEIGHT="127" WIDTH="28" VPOS="1602" HPOS="843"/>
                  <String HEIGHT="127"
                          WIDTH="253"
                          VPOS="1602"
                          HPOS="759"
                          CONTENT="facis"/>
                  <SP HEIGHT="127" WIDTH="28" VPOS="1602" HPOS="1012"/>
                  <String HEIGHT="127"
                          WIDTH="197"
                          VPOS="1602"
                          HPOS="928"
                          CONTENT="fac"/>
                  <SP HEIGHT="127" WIDTH="28" VPOS="1602" HPOS="1125"/>
                  <String HEIGHT="127"
                          WIDTH="253"
                          VPOS="1602"
                          HPOS="1040"
                          CONTENT="ctius"/>
                  <SP HEIGHT="127" WIDTH="28" VPOS="1602" HPOS="1294"/>
                  <String HEIGHT="127"
                          WIDTH="197"
                          VPOS="1602"
                          HPOS="1209"
                          CONTENT="sic"/>
                  <SP HEIGHT="127" WIDTH="28" VPOS="1602" HPOS="1406"/>
                  <String HEIGHT="127"
                          WIDTH="169"
                          VPOS="1602"
                          HPOS="1322"
                          CONTENT="et"/>
                  <SP HEIGHT="127" WIDTH="28" VPOS="1602" HPOS="1491"/>
                  <String HEIGHT="127"
                          WIDTH="197"
                          VPOS="1602"
                          HPOS="1406"
                          CONTENT="hic"/>
                  <SP HEIGHT="127" WIDTH="28" VPOS="1602" HPOS="1603"/>
                  <String HEIGHT="127" WIDTH="56" VPOS="1602" HPOS="1491" CONTENT=""/>
               </TextLine>
               <TextLine ID="r2l20"
                         BASELINE="1782"
                         HEIGHT="111"
                         WIDTH="981"
                         VPOS="1671"
                         HPOS="582">
                  <String HEIGHT="111"
                          WIDTH="327"
                          VPOS="1671"
                          HPOS="549"
                          CONTENT="egrede"/>
                  <SP HEIGHT="111" WIDTH="33" VPOS="1671" HPOS="876"/>
                  <String HEIGHT="111"
                          WIDTH="196"
                          VPOS="1671"
                          HPOS="778"
                          CONTENT="et"/>
                  <SP HEIGHT="111" WIDTH="33" VPOS="1671" HPOS="974"/>
                  <String HEIGHT="111"
                          WIDTH="229"
                          VPOS="1671"
                          HPOS="876"
                          CONTENT="fac"/>
                  <SP HEIGHT="111" WIDTH="33" VPOS="1671" HPOS="1105"/>
                  <String HEIGHT="111"
                          WIDTH="458"
                          VPOS="1671"
                          HPOS="1007"
                          CONTENT="regrediens"/>
                  <SP HEIGHT="111" WIDTH="33" VPOS="1671" HPOS="1465"/>
                  <String HEIGHT="111"
                          WIDTH="196"
                          VPOS="1671"
                          HPOS="1367"
                          CONTENT="et"/>
                  <SP HEIGHT="111" WIDTH="33" VPOS="1671" HPOS="1563"/>
                  <String HEIGHT="111"
                          WIDTH="131"
                          VPOS="1671"
                          HPOS="1432"
                          CONTENT="fa"/>
               </TextLine>
               <TextLine ID="r2l21"
                         BASELINE="1860"
                         HEIGHT="112"
                         WIDTH="995"
                         VPOS="1748"
                         HPOS="559">
                  <String HEIGHT="112"
                          WIDTH="215"
                          VPOS="1748"
                          HPOS="532"
                          CONTENT="ties"/>
                  <SP HEIGHT="112" WIDTH="27" VPOS="1748" HPOS="747"/>
                  <String HEIGHT="112" WIDTH="134" VPOS="1748" HPOS="667" CONTENT="¶"/>
                  <SP HEIGHT="112" WIDTH="27" VPOS="1748" HPOS="801"/>
                  <String HEIGHT="112"
                          WIDTH="161"
                          VPOS="1748"
                          HPOS="720"
                          CONTENT="ad"/>
                  <SP HEIGHT="112" WIDTH="27" VPOS="1748" HPOS="882"/>
                  <String HEIGHT="112"
                          WIDTH="323"
                          VPOS="1748"
                          HPOS="801"
                          CONTENT="rationem"/>
                  <SP HEIGHT="112" WIDTH="27" VPOS="1748" HPOS="1124"/>
                  <String HEIGHT="112"
                          WIDTH="269"
                          VPOS="1748"
                          HPOS="1043"
                          CONTENT="contra"/>
                  <SP HEIGHT="112" WIDTH="27" VPOS="1748" HPOS="1312"/>
                  <String HEIGHT="112"
                          WIDTH="188"
                          VPOS="1748"
                          HPOS="1231"
                          CONTENT="2am"/>
                  <SP HEIGHT="112" WIDTH="27" VPOS="1748" HPOS="1420"/>
                  <String HEIGHT="112"
                          WIDTH="269"
                          VPOS="1748"
                          HPOS="1339"
                          CONTENT="partem"/>
                  <SP HEIGHT="112" WIDTH="27" VPOS="1748" HPOS="1608"/>
                  <String HEIGHT="112" WIDTH="54" VPOS="1748" HPOS="1500" CONTENT=""/>
               </TextLine>
               <TextLine ID="r2l22"
                         BASELINE="1941"
                         HEIGHT="135"
                         WIDTH="984"
                         VPOS="1806"
                         HPOS="573">
                  <String HEIGHT="135"
                          WIDTH="202"
                          VPOS="1806"
                          HPOS="548"
                          CONTENT="nego"/>
                  <SP HEIGHT="135" WIDTH="25" VPOS="1806" HPOS="750"/>
                  <String HEIGHT="135"
                          WIDTH="429"
                          VPOS="1806"
                          HPOS="674"
                          CONTENT="consequentiam"/>
                  <SP HEIGHT="135" WIDTH="25" VPOS="1806" HPOS="1103"/>
                  <String HEIGHT="135"
                          WIDTH="202"
                          VPOS="1806"
                          HPOS="1027"
                          CONTENT="quia"/>
                  <SP HEIGHT="135" WIDTH="25" VPOS="1806" HPOS="1229"/>
                  <String HEIGHT="135"
                          WIDTH="177"
                          VPOS="1806"
                          HPOS="1153"
                          CONTENT="non"/>
                  <SP HEIGHT="135" WIDTH="25" VPOS="1806" HPOS="1330"/>
                  <String HEIGHT="135"
                          WIDTH="227"
                          VPOS="1806"
                          HPOS="1254"
                          CONTENT="solum"/>
                  <SP HEIGHT="135" WIDTH="25" VPOS="1806" HPOS="1481"/>
                  <String HEIGHT="135"
                          WIDTH="202"
                          VPOS="1806"
                          HPOS="1406"
                          CONTENT="deus"/>
                  <SP HEIGHT="135" WIDTH="25" VPOS="1806" HPOS="1607"/>
                  <String HEIGHT="135" WIDTH="50" VPOS="1806" HPOS="1507" CONTENT=""/>
               </TextLine>
               <TextLine ID="r2l23"
                         BASELINE="2000"
                         HEIGHT="121"
                         WIDTH="983"
                         VPOS="1879"
                         HPOS="571">
                  <String HEIGHT="121"
                          WIDTH="233"
                          VPOS="1879"
                          HPOS="545"
                          CONTENT="huius"/>
                  <SP HEIGHT="121" WIDTH="26" VPOS="1879" HPOS="778"/>
                  <String HEIGHT="121"
                          WIDTH="336"
                          VPOS="1879"
                          HPOS="700"
                          CONTENT="cognoscit"/>
                  <SP HEIGHT="121" WIDTH="26" VPOS="1879" HPOS="1037"/>
                  <String HEIGHT="121"
                          WIDTH="181"
                          VPOS="1879"
                          HPOS="959"
                          CONTENT="sed"/>
                  <SP HEIGHT="121" WIDTH="26" VPOS="1879" HPOS="1140"/>
                  <String HEIGHT="121"
                          WIDTH="233"
                          VPOS="1879"
                          HPOS="1063"
                          CONTENT="etiam"/>
                  <SP HEIGHT="121" WIDTH="26" VPOS="1879" HPOS="1295"/>
                  <String HEIGHT="121"
                          WIDTH="207"
                          VPOS="1879"
                          HPOS="1218"
                          CONTENT="illa"/>
                  <SP HEIGHT="121" WIDTH="26" VPOS="1879" HPOS="1425"/>
                  <String HEIGHT="121"
                          WIDTH="259"
                          VPOS="1879"
                          HPOS="1347"
                          CONTENT="quirum"/>
                  <SP HEIGHT="121" WIDTH="26" VPOS="1879" HPOS="1606"/>
                  <String HEIGHT="121" WIDTH="52" VPOS="1879" HPOS="1502" CONTENT=""/>
               </TextLine>
               <TextLine ID="r2l24"
                         BASELINE="2062"
                         HEIGHT="108"
                         WIDTH="983"
                         VPOS="1954"
                         HPOS="562">
                  <String HEIGHT="108"
                          WIDTH="434"
                          VPOS="1954"
                          HPOS="533"
                          CONTENT="oppositorum"/>
                  <SP HEIGHT="108" WIDTH="29" VPOS="1954" HPOS="967"/>
                  <String HEIGHT="108"
                          WIDTH="231"
                          VPOS="1954"
                          HPOS="880"
                          CONTENT="deus"/>
                  <SP HEIGHT="108" WIDTH="29" VPOS="1954" HPOS="1111"/>
                  <String HEIGHT="108"
                          WIDTH="202"
                          VPOS="1954"
                          HPOS="1025"
                          CONTENT="est"/>
                  <SP HEIGHT="108" WIDTH="29" VPOS="1954" HPOS="1227"/>
                  <String HEIGHT="108"
                          WIDTH="347"
                          VPOS="1954"
                          HPOS="1140"
                          CONTENT="exemplar"/>
                  <SP HEIGHT="108" WIDTH="29" VPOS="1954" HPOS="1487"/>
                  <String HEIGHT="108"
                          WIDTH="202"
                          VPOS="1954"
                          HPOS="1400"
                          CONTENT="vel"/>
                  <SP HEIGHT="108" WIDTH="29" VPOS="1954" HPOS="1603"/>
                  <String HEIGHT="108" WIDTH="58" VPOS="1954" HPOS="1487" CONTENT=""/>
               </TextLine>
               <TextLine ID="r2l25"
                         BASELINE="2163"
                         HEIGHT="140"
                         WIDTH="980"
                         VPOS="2023"
                         HPOS="571">
                  <String HEIGHT="140"
                          WIDTH="206"
                          VPOS="2023"
                          HPOS="545"
                          CONTENT="ydea"/>
                  <SP HEIGHT="140" WIDTH="26" VPOS="2023" HPOS="752"/>
                  <String HEIGHT="140"
                          WIDTH="181"
                          VPOS="2023"
                          HPOS="674"
                          CONTENT="sic"/>
                  <SP HEIGHT="140" WIDTH="26" VPOS="2023" HPOS="855"/>
                  <String HEIGHT="140"
                          WIDTH="181"
                          VPOS="2023"
                          HPOS="777"
                          CONTENT="est"/>
                  <SP HEIGHT="140" WIDTH="26" VPOS="2023" HPOS="958"/>
                  <String HEIGHT="140"
                          WIDTH="155"
                          VPOS="2023"
                          HPOS="880"
                          CONTENT="de"/>
                  <SP HEIGHT="140" WIDTH="26" VPOS="2023" HPOS="1035"/>
                  <String HEIGHT="140"
                          WIDTH="309"
                          VPOS="2023"
                          HPOS="958"
                          CONTENT="peccatis"/>
                  <SP HEIGHT="140" WIDTH="26" VPOS="2023" HPOS="1267"/>
                  <String HEIGHT="140"
                          WIDTH="155"
                          VPOS="2023"
                          HPOS="1190"
                          CONTENT="et"/>
                  <SP HEIGHT="140" WIDTH="26" VPOS="2023" HPOS="1345"/>
                  <String HEIGHT="140"
                          WIDTH="232"
                          VPOS="2023"
                          HPOS="1267"
                          CONTENT="malis"/>
                  <SP HEIGHT="140" WIDTH="26" VPOS="2023" HPOS="1499"/>
                  <String HEIGHT="140"
                          WIDTH="181"
                          VPOS="2023"
                          HPOS="1422"
                          CONTENT="cum"/>
                  <SP HEIGHT="140" WIDTH="26" VPOS="2023" HPOS="1603"/>
                  <String HEIGHT="140" WIDTH="52" VPOS="2023" HPOS="1499" CONTENT=""/>
               </TextLine>
               <TextLine ID="r2l26"
                         BASELINE="2232"
                         HEIGHT="134"
                         WIDTH="965"
                         VPOS="2098"
                         HPOS="571">
                  <String HEIGHT="134"
                          WIDTH="173"
                          VPOS="2098"
                          HPOS="546"
                          CONTENT="ipe"/>
                  <SP HEIGHT="134" WIDTH="25" VPOS="2098" HPOS="719"/>
                  <String HEIGHT="134" WIDTH="124" VPOS="2098" HPOS="645" CONTENT="¶"/>
                  <SP HEIGHT="134" WIDTH="25" VPOS="2098" HPOS="769"/>
                  <String HEIGHT="134"
                          WIDTH="247"
                          VPOS="2098"
                          HPOS="695"
                          CONTENT="primum"/>
                  <SP HEIGHT="134" WIDTH="25" VPOS="2098" HPOS="942"/>
                  <String HEIGHT="134"
                          WIDTH="371"
                          VPOS="2098"
                          HPOS="868"
                          CONTENT="corollarium"/>
                  <SP HEIGHT="134" WIDTH="25" VPOS="2098" HPOS="1239"/>
                  <String HEIGHT="134"
                          WIDTH="247"
                          VPOS="2098"
                          HPOS="1165"
                          CONTENT="contra"/>
                  <SP HEIGHT="134" WIDTH="25" VPOS="2098" HPOS="1412"/>
                  <String HEIGHT="134"
                          WIDTH="148"
                          VPOS="2098"
                          HPOS="1338"
                          CONTENT="ad"/>
                  <SP HEIGHT="134" WIDTH="25" VPOS="2098" HPOS="1487"/>
                  <String HEIGHT="134"
                          WIDTH="173"
                          VPOS="2098"
                          HPOS="1412"
                          CONTENT="ali"/>
                  <SP HEIGHT="134" WIDTH="25" VPOS="2098" HPOS="1585"/>
                  <String HEIGHT="134" WIDTH="49" VPOS="2098" HPOS="1487" CONTENT=""/>
               </TextLine>
               <TextLine ID="r2l27"
                         BASELINE="2312"
                         HEIGHT="146"
                         WIDTH="1006"
                         VPOS="2166"
                         HPOS="553">
                  <String HEIGHT="146" WIDTH="136" VPOS="2166" HPOS="526" CONTENT="3"/>
                  <SP HEIGHT="146" WIDTH="27" VPOS="2166" HPOS="662"/>
                  <String HEIGHT="146"
                          WIDTH="381"
                          VPOS="2166"
                          HPOS="580"
                          CONTENT="quaestione"/>
                  <SP HEIGHT="146" WIDTH="27" VPOS="2166" HPOS="961"/>
                  <String HEIGHT="146" WIDTH="136" VPOS="2166" HPOS="879" CONTENT="5"/>
                  <SP HEIGHT="146" WIDTH="27" VPOS="2166" HPOS="1015"/>
                  <String HEIGHT="146"
                          WIDTH="163"
                          VPOS="2166"
                          HPOS="934"
                          CONTENT="et"/>
                  <SP HEIGHT="146" WIDTH="27" VPOS="2166" HPOS="1097"/>
                  <String HEIGHT="146"
                          WIDTH="299"
                          VPOS="2166"
                          HPOS="1015"
                          CONTENT="ubnicum"/>
                  <SP HEIGHT="146" WIDTH="27" VPOS="2166" HPOS="1314"/>
                  <String HEIGHT="146"
                          WIDTH="190"
                          VPOS="2166"
                          HPOS="1233"
                          CONTENT="tam"/>
                  <SP HEIGHT="146" WIDTH="27" VPOS="2166" HPOS="1423"/>
                  <String HEIGHT="146"
                          WIDTH="245"
                          VPOS="2166"
                          HPOS="1314"
                          CONTENT="multura"/>
               </TextLine>
               <TextLine ID="r2l28"
                         BASELINE="2388"
                         HEIGHT="140"
                         WIDTH="979"
                         VPOS="2248"
                         HPOS="566">
                  <String HEIGHT="140"
                          WIDTH="148"
                          VPOS="2248"
                          HPOS="548"
                          CONTENT="quam"/>
                  <SP HEIGHT="140" WIDTH="18" VPOS="2248" HPOS="695"/>
                  <String HEIGHT="140"
                          WIDTH="111"
                          VPOS="2248"
                          HPOS="640"
                          CONTENT="in"/>
                  <SP HEIGHT="140" WIDTH="18" VPOS="2248" HPOS="751"/>
                  <String HEIGHT="140"
                          WIDTH="166"
                          VPOS="2248"
                          HPOS="695"
                          CONTENT="summa"/>
                  <SP HEIGHT="140" WIDTH="18" VPOS="2248" HPOS="862"/>
                  <String HEIGHT="140"
                          WIDTH="111"
                          VPOS="2248"
                          HPOS="806"
                          CONTENT="de"/>
                  <SP HEIGHT="140" WIDTH="18" VPOS="2248" HPOS="917"/>
                  <String HEIGHT="140"
                          WIDTH="314"
                          VPOS="2248"
                          HPOS="862"
                          CONTENT="quaestionibus"/>
                  <SP HEIGHT="140" WIDTH="18" VPOS="2248" HPOS="1176"/>
                  <String HEIGHT="140"
                          WIDTH="259"
                          VPOS="2248"
                          HPOS="1120"
                          CONTENT="eremetinum"/>
                  <SP HEIGHT="140" WIDTH="18" VPOS="2248" HPOS="1379"/>
                  <String HEIGHT="140"
                          WIDTH="259"
                          VPOS="2248"
                          HPOS="1323"
                          CONTENT="smpliciter"/>
                  <SP HEIGHT="140" WIDTH="18" VPOS="2248" HPOS="1582"/>
                  <String HEIGHT="140" WIDTH="37" VPOS="2248" HPOS="1508" CONTENT=""/>
               </TextLine>
               <TextLine ID="r2l29"
                         BASELINE="2467"
                         HEIGHT="145"
                         WIDTH="981"
                         VPOS="2322"
                         HPOS="553">
                  <String HEIGHT="145"
                          WIDTH="191"
                          VPOS="2322"
                          HPOS="526"
                          CONTENT="est"/>
                  <SP HEIGHT="145" WIDTH="27" VPOS="2322" HPOS="717"/>
                  <String HEIGHT="145"
                          WIDTH="409"
                          VPOS="2322"
                          HPOS="635"
                          CONTENT="inpossibile"/>
                  <SP HEIGHT="145" WIDTH="27" VPOS="2322" HPOS="1044"/>
                  <String HEIGHT="145"
                          WIDTH="218"
                          VPOS="2322"
                          HPOS="962"
                          CONTENT="deum"/>
                  <SP HEIGHT="145" WIDTH="27" VPOS="2322" HPOS="1180"/>
                  <String HEIGHT="145"
                          WIDTH="273"
                          VPOS="2322"
                          HPOS="1098"
                          CONTENT="dicere"/>
                  <SP HEIGHT="145" WIDTH="27" VPOS="2322" HPOS="1371"/>
                  <String HEIGHT="145"
                          WIDTH="300"
                          VPOS="2322"
                          HPOS="1289"
                          CONTENT="aliquoc"/>
                  <SP HEIGHT="145" WIDTH="27" VPOS="2322" HPOS="1589"/>
                  <String HEIGHT="145" WIDTH="55" VPOS="2322" HPOS="1480" CONTENT=""/>
               </TextLine>
               <TextLine ID="r2l30"
                         BASELINE="2547"
                         HEIGHT="150"
                         WIDTH="974"
                         VPOS="2397"
                         HPOS="548">
                  <String HEIGHT="150"
                          WIDTH="271"
                          VPOS="2397"
                          HPOS="521"
                          CONTENT="falsum"/>
                  <SP HEIGHT="150" WIDTH="27" VPOS="2397" HPOS="792"/>
                  <String HEIGHT="150"
                          WIDTH="189"
                          VPOS="2397"
                          HPOS="710"
                          CONTENT="cum"/>
                  <SP HEIGHT="150" WIDTH="27" VPOS="2397" HPOS="900"/>
                  <String HEIGHT="150"
                          WIDTH="379"
                          VPOS="2397"
                          HPOS="819"
                          CONTENT="intuitione"/>
                  <SP HEIGHT="150" WIDTH="27" VPOS="2397" HPOS="1197"/>
                  <String HEIGHT="150"
                          WIDTH="325"
                          VPOS="2397"
                          HPOS="1116"
                          CONTENT="fallendi"/>
                  <SP HEIGHT="150" WIDTH="27" VPOS="2397" HPOS="1441"/>
                  <String HEIGHT="150"
                          WIDTH="189"
                          VPOS="2397"
                          HPOS="1333"
                          CONTENT="asfer"/>
               </TextLine>
               <TextLine ID="r2l31"
                         BASELINE="2603"
                         HEIGHT="131"
                         WIDTH="966"
                         VPOS="2472"
                         HPOS="555">
                  <String HEIGHT="131"
                          WIDTH="225"
                          VPOS="2472"
                          HPOS="533"
                          CONTENT="toriae"/>
                  <SP HEIGHT="131" WIDTH="22" VPOS="2472" HPOS="757"/>
                  <String HEIGHT="131"
                          WIDTH="270"
                          VPOS="2472"
                          HPOS="690"
                          CONTENT="probatur"/>
                  <SP HEIGHT="131" WIDTH="22" VPOS="2472" HPOS="959"/>
                  <String HEIGHT="131"
                          WIDTH="135"
                          VPOS="2472"
                          HPOS="892"
                          CONTENT="ex"/>
                  <SP HEIGHT="131" WIDTH="22" VPOS="2472" HPOS="1027"/>
                  <String HEIGHT="131"
                          WIDTH="337"
                          VPOS="2472"
                          HPOS="959"
                          CONTENT="conclusione"/>
                  <SP HEIGHT="131" WIDTH="22" VPOS="2472" HPOS="1296"/>
                  <String HEIGHT="131"
                          WIDTH="180"
                          VPOS="2472"
                          HPOS="1229"
                          CONTENT="quia"/>
                  <SP HEIGHT="131" WIDTH="22" VPOS="2472" HPOS="1409"/>
                  <String HEIGHT="131"
                          WIDTH="135"
                          VPOS="2472"
                          HPOS="1341"
                          CONTENT="si"/>
                  <SP HEIGHT="131" WIDTH="22" VPOS="2472" HPOS="1476"/>
                  <String HEIGHT="131"
                          WIDTH="157"
                          VPOS="2472"
                          HPOS="1409"
                          CONTENT="hoc"/>
                  <SP HEIGHT="131" WIDTH="22" VPOS="2472" HPOS="1566"/>
                  <String HEIGHT="131" WIDTH="45" VPOS="2472" HPOS="1476" CONTENT=""/>
               </TextLine>
               <TextLine ID="r2l32"
                         BASELINE="2707"
                         HEIGHT="161"
                         WIDTH="955"
                         VPOS="2546"
                         HPOS="559">
                  <String HEIGHT="161"
                          WIDTH="212"
                          VPOS="2546"
                          HPOS="538"
                          CONTENT="posset"/>
                  <SP HEIGHT="161" WIDTH="21" VPOS="2546" HPOS="750"/>
                  <String HEIGHT="161"
                          WIDTH="212"
                          VPOS="2546"
                          HPOS="686"
                          CONTENT="potest"/>
                  <SP HEIGHT="161" WIDTH="21" VPOS="2546" HPOS="899"/>
                  <String HEIGHT="161"
                          WIDTH="191"
                          VPOS="2546"
                          HPOS="835"
                          CONTENT="menti"/>
                  <SP HEIGHT="161" WIDTH="21" VPOS="2546" HPOS="1026"/>
                  <String HEIGHT="161"
                          WIDTH="170"
                          VPOS="2546"
                          HPOS="962"
                          CONTENT="quod"/>
                  <SP HEIGHT="161" WIDTH="21" VPOS="2546" HPOS="1132"/>
                  <String HEIGHT="161"
                          WIDTH="149"
                          VPOS="2546"
                          HPOS="1068"
                          CONTENT="est"/>
                  <SP HEIGHT="161" WIDTH="21" VPOS="2546" HPOS="1217"/>
                  <String HEIGHT="161"
                          WIDTH="212"
                          VPOS="2546"
                          HPOS="1153"
                          CONTENT="falsum"/>
                  <SP HEIGHT="161" WIDTH="21" VPOS="2546" HPOS="1365"/>
                  <String HEIGHT="161"
                          WIDTH="127"
                          VPOS="2546"
                          HPOS="1302"
                          CONTENT="et"/>
                  <SP HEIGHT="161" WIDTH="21" VPOS="2546" HPOS="1429"/>
                  <String HEIGHT="161"
                          WIDTH="191"
                          VPOS="2546"
                          HPOS="1365"
                          CONTENT="patet"/>
                  <SP HEIGHT="161" WIDTH="21" VPOS="2546" HPOS="1556"/>
                  <String HEIGHT="161" WIDTH="42" VPOS="2546" HPOS="1472" CONTENT=""/>
               </TextLine>
               <TextLine ID="r2l33"
                         BASELINE="2771"
                         HEIGHT="138"
                         WIDTH="988"
                         VPOS="2633"
                         HPOS="549">
                  <String HEIGHT="138"
                          WIDTH="310"
                          VPOS="2633"
                          HPOS="530"
                          CONTENT="consequentia"/>
                  <SP HEIGHT="138" WIDTH="19" VPOS="2633" HPOS="840"/>
                  <String HEIGHT="138"
                          WIDTH="136"
                          VPOS="2633"
                          HPOS="781"
                          CONTENT="per"/>
                  <SP HEIGHT="138" WIDTH="19" VPOS="2633" HPOS="917"/>
                  <String HEIGHT="138"
                          WIDTH="194"
                          VPOS="2633"
                          HPOS="859"
                          CONTENT="beatum"/>
                  <SP HEIGHT="138" WIDTH="19" VPOS="2633" HPOS="1053"/>
                  <String HEIGHT="138"
                          WIDTH="271"
                          VPOS="2633"
                          HPOS="995"
                          CONTENT="augustinus"/>
                  <SP HEIGHT="138" WIDTH="19" VPOS="2633" HPOS="1266"/>
                  <String HEIGHT="138"
                          WIDTH="174"
                          VPOS="2633"
                          HPOS="1208"
                          CONTENT="libro"/>
                  <SP HEIGHT="138" WIDTH="19" VPOS="2633" HPOS="1382"/>
                  <String HEIGHT="138"
                          WIDTH="194"
                          VPOS="2633"
                          HPOS="1324"
                          CONTENT="contra"/>
                  <SP HEIGHT="138" WIDTH="19" VPOS="2633" HPOS="1518"/>
                  <String HEIGHT="138"
                          WIDTH="97"
                          VPOS="2633"
                          HPOS="1440"
                          CONTENT="meu"/>
               </TextLine>
               <TextLine ID="r2l34"
                         BASELINE="2823"
                         HEIGHT="112"
                         WIDTH="966"
                         VPOS="2711"
                         HPOS="542">
                  <String HEIGHT="112"
                          WIDTH="268"
                          VPOS="2711"
                          HPOS="515"
                          CONTENT="datium"/>
                  <SP HEIGHT="112" WIDTH="27" VPOS="2711" HPOS="784"/>
                  <String HEIGHT="112"
                          WIDTH="188"
                          VPOS="2711"
                          HPOS="703"
                          CONTENT="ubi"/>
                  <SP HEIGHT="112" WIDTH="27" VPOS="2711" HPOS="891"/>
                  <String HEIGHT="112"
                          WIDTH="376"
                          VPOS="2711"
                          HPOS="810"
                          CONTENT="augustinus"/>
                  <SP HEIGHT="112" WIDTH="27" VPOS="2711" HPOS="1186"/>
                  <String HEIGHT="112"
                          WIDTH="349"
                          VPOS="2711"
                          HPOS="1106"
                          CONTENT="mendatium"/>
                  <SP HEIGHT="112" WIDTH="27" VPOS="2711" HPOS="1454"/>
                  <String HEIGHT="112"
                          WIDTH="188"
                          VPOS="2711"
                          HPOS="1374"
                          CONTENT="est"/>
                  <SP HEIGHT="112" WIDTH="27" VPOS="2711" HPOS="1562"/>
                  <String HEIGHT="112" WIDTH="54" VPOS="2711" HPOS="1454" CONTENT=""/>
               </TextLine>
               <TextLine ID="r2l35"
                         BASELINE="2907"
                         HEIGHT="119"
                         WIDTH="1009"
                         VPOS="2788"
                         HPOS="536">
                  <String HEIGHT="119"
                          WIDTH="448"
                          VPOS="2788"
                          HPOS="508"
                          CONTENT="significatio"/>
                  <SP HEIGHT="119" WIDTH="28" VPOS="2788" HPOS="956"/>
                  <String HEIGHT="119"
                          WIDTH="252"
                          VPOS="2788"
                          HPOS="872"
                          CONTENT="falsa"/>
                  <SP HEIGHT="119" WIDTH="28" VPOS="2788" HPOS="1125"/>
                  <String HEIGHT="119"
                          WIDTH="196"
                          VPOS="2788"
                          HPOS="1041"
                          CONTENT="cum"/>
                  <SP HEIGHT="119" WIDTH="28" VPOS="2788" HPOS="1237"/>
                  <String HEIGHT="119"
                          WIDTH="392"
                          VPOS="2788"
                          HPOS="1153"
                          CONTENT="intentione"/>
                  <SP HEIGHT="119" WIDTH="28" VPOS="2788" HPOS="1545"/>
                  <String HEIGHT="119"
                          WIDTH="112"
                          VPOS="2788"
                          HPOS="1433"
                          CONTENT="fa"/>
               </TextLine>
               <TextLine ID="r2l36"
                         BASELINE="2975"
                         HEIGHT="116"
                         WIDTH="965"
                         VPOS="2859"
                         HPOS="540">
                  <String HEIGHT="116"
                          WIDTH="322"
                          VPOS="2859"
                          HPOS="508"
                          CONTENT="llendi"/>
                  <SP HEIGHT="116" WIDTH="32" VPOS="2859" HPOS="830"/>
                  <String HEIGHT="116"
                          WIDTH="193"
                          VPOS="2859"
                          HPOS="733"
                          CONTENT="et"/>
                  <SP HEIGHT="116" WIDTH="32" VPOS="2859" HPOS="926"/>
                  <String HEIGHT="116"
                          WIDTH="193"
                          VPOS="2859"
                          HPOS="830"
                          CONTENT="in"/>
                  <SP HEIGHT="116" WIDTH="32" VPOS="2859" HPOS="1023"/>
                  <String HEIGHT="116"
                          WIDTH="193"
                          VPOS="2859"
                          HPOS="926"
                          CONTENT="li"/>
                  <SP HEIGHT="116" WIDTH="32" VPOS="2859" HPOS="1119"/>
                  <String HEIGHT="116"
                          WIDTH="193"
                          VPOS="2859"
                          HPOS="1023"
                          CONTENT="de"/>
                  <SP HEIGHT="116" WIDTH="32" VPOS="2859" HPOS="1216"/>
                  <String HEIGHT="116"
                          WIDTH="386"
                          VPOS="2859"
                          HPOS="1119"
                          CONTENT="mendatio"/>
                  <SP HEIGHT="116" WIDTH="32" VPOS="2859" HPOS="1505"/>
                  <String HEIGHT="116"
                          WIDTH="129"
                          VPOS="2859"
                          HPOS="1376"
                          CONTENT="ne"/>
               </TextLine>
               <TextLine ID="r2l37"
                         BASELINE="3033"
                         HEIGHT="101"
                         WIDTH="947"
                         VPOS="2932"
                         HPOS="550">
                  <String HEIGHT="101"
                          WIDTH="253"
                          VPOS="2932"
                          HPOS="518"
                          CONTENT="modo"/>
                  <SP HEIGHT="101" WIDTH="32" VPOS="2932" HPOS="771"/>
                  <String HEIGHT="101"
                          WIDTH="347"
                          VPOS="2932"
                          HPOS="676"
                          CONTENT="dubitat"/>
                  <SP HEIGHT="101" WIDTH="32" VPOS="2932" HPOS="1023"/>
                  <String HEIGHT="101"
                          WIDTH="221"
                          VPOS="2932"
                          HPOS="929"
                          CONTENT="eum"/>
                  <SP HEIGHT="101" WIDTH="32" VPOS="2932" HPOS="1150"/>
                  <String HEIGHT="101"
                          WIDTH="284"
                          VPOS="2932"
                          HPOS="1055"
                          CONTENT="menti"/>
                  <SP HEIGHT="101" WIDTH="32" VPOS="2932" HPOS="1339"/>
                  <String HEIGHT="101"
                          WIDTH="253"
                          VPOS="2932"
                          HPOS="1244"
                          CONTENT="quod"/>
                  <SP HEIGHT="101" WIDTH="32" VPOS="2932" HPOS="1497"/>
                  <String HEIGHT="101"
                          WIDTH="126"
                          VPOS="2932"
                          HPOS="1371"
                          CONTENT="vo"/>
               </TextLine>
               <TextLine ID="r2l38"
                         BASELINE="3122"
                         HEIGHT="123"
                         WIDTH="957"
                         VPOS="2999"
                         HPOS="537">
                  <String HEIGHT="123"
                          WIDTH="213"
                          VPOS="2999"
                          HPOS="510"
                          CONTENT="lens"/>
                  <SP HEIGHT="123" WIDTH="27" VPOS="2999" HPOS="723"/>
                  <String HEIGHT="123"
                          WIDTH="266"
                          VPOS="2999"
                          HPOS="643"
                          CONTENT="falsum"/>
                  <SP HEIGHT="123" WIDTH="27" VPOS="2999" HPOS="909"/>
                  <String HEIGHT="123"
                          WIDTH="319"
                          VPOS="2999"
                          HPOS="829"
                          CONTENT="enucaiat"/>
                  <SP HEIGHT="123" WIDTH="27" VPOS="2999" HPOS="1148"/>
                  <String HEIGHT="123"
                          WIDTH="239"
                          VPOS="2999"
                          HPOS="1069"
                          CONTENT="causa"/>
                  <SP HEIGHT="123" WIDTH="27" VPOS="2999" HPOS="1308"/>
                  <String HEIGHT="123"
                          WIDTH="319"
                          VPOS="2999"
                          HPOS="1228"
                          CONTENT="fallendi"/>
                  <SP HEIGHT="123" WIDTH="27" VPOS="2999" HPOS="1547"/>
                  <String HEIGHT="123" WIDTH="53" VPOS="2999" HPOS="1441" CONTENT=""/>
               </TextLine>
               <TextLine ID="r2l39"
                         BASELINE="3192"
                         HEIGHT="123"
                         WIDTH="981"
                         VPOS="3069"
                         HPOS="540">
                  <String HEIGHT="123"
                          WIDTH="228"
                          VPOS="3069"
                          HPOS="517"
                          CONTENT="Contra"/>
                  <SP HEIGHT="123" WIDTH="23" VPOS="3069" HPOS="745"/>
                  <String HEIGHT="123"
                          WIDTH="228"
                          VPOS="3069"
                          HPOS="677"
                          CONTENT="potest"/>
                  <SP HEIGHT="123" WIDTH="23" VPOS="3069" HPOS="905"/>
                  <String HEIGHT="123"
                          WIDTH="205"
                          VPOS="3069"
                          HPOS="837"
                          CONTENT="argui"/>
                  <SP HEIGHT="123" WIDTH="23" VPOS="3069" HPOS="1042"/>
                  <String HEIGHT="123"
                          WIDTH="137"
                          VPOS="3069"
                          HPOS="973"
                          CONTENT="ex"/>
                  <SP HEIGHT="123" WIDTH="23" VPOS="3069" HPOS="1110"/>
                  <String HEIGHT="123"
                          WIDTH="228"
                          VPOS="3069"
                          HPOS="1042"
                          CONTENT="dictis"/>
                  <SP HEIGHT="123" WIDTH="23" VPOS="3069" HPOS="1270"/>
                  <String HEIGHT="123"
                          WIDTH="297"
                          VPOS="3069"
                          HPOS="1202"
                          CONTENT="augustini"/>
                  <SP HEIGHT="123" WIDTH="23" VPOS="3069" HPOS="1498"/>
                  <String HEIGHT="123"
                          WIDTH="137"
                          VPOS="3069"
                          HPOS="1430"
                          CONTENT="83"/>
                  <SP HEIGHT="123" WIDTH="23" VPOS="3069" HPOS="1567"/>
                  <String HEIGHT="123" WIDTH="46" VPOS="3069" HPOS="1475" CONTENT=""/>
               </TextLine>
               <TextLine ID="r2l40"
                         BASELINE="3281"
                         HEIGHT="130"
                         WIDTH="985"
                         VPOS="3151"
                         HPOS="526">
                  <String HEIGHT="130"
                          WIDTH="313"
                          VPOS="3151"
                          HPOS="504"
                          CONTENT="quaestione"/>
                  <SP HEIGHT="130" WIDTH="22" VPOS="3151" HPOS="817"/>
                  <String HEIGHT="130" WIDTH="112" VPOS="3151" HPOS="750" CONTENT="3"/>
                  <SP HEIGHT="130" WIDTH="22" VPOS="3151" HPOS="862"/>
                  <String HEIGHT="130"
                          WIDTH="134"
                          VPOS="3151"
                          HPOS="795"
                          CONTENT="53"/>
                  <SP HEIGHT="130" WIDTH="22" VPOS="3151" HPOS="929"/>
                  <String HEIGHT="130"
                          WIDTH="157"
                          VPOS="3151"
                          HPOS="862"
                          CONTENT="ubi"/>
                  <SP HEIGHT="130" WIDTH="22" VPOS="3151" HPOS="1018"/>
                  <String HEIGHT="130"
                          WIDTH="313"
                          VPOS="3151"
                          HPOS="951"
                          CONTENT="augustinus"/>
                  <SP HEIGHT="130" WIDTH="22" VPOS="3151" HPOS="1265"/>
                  <String HEIGHT="130"
                          WIDTH="246"
                          VPOS="3151"
                          HPOS="1198"
                          CONTENT="legimus"/>
                  <SP HEIGHT="130" WIDTH="22" VPOS="3151" HPOS="1444"/>
                  <String HEIGHT="130"
                          WIDTH="157"
                          VPOS="3151"
                          HPOS="1354"
                          CONTENT="decep"/>
               </TextLine>
               <TextLine ID="r2l41"
                         BASELINE="3341"
                         HEIGHT="130"
                         WIDTH="943"
                         VPOS="3211"
                         HPOS="521">
                  <String HEIGHT="130"
                          WIDTH="178"
                          VPOS="3211"
                          HPOS="496"
                          CONTENT="tum"/>
                  <SP HEIGHT="130" WIDTH="25" VPOS="3211" HPOS="674"/>
                  <String HEIGHT="130"
                          WIDTH="229"
                          VPOS="3211"
                          HPOS="597"
                          CONTENT="regem"/>
                  <SP HEIGHT="130" WIDTH="25" VPOS="3211" HPOS="827"/>
                  <String HEIGHT="130"
                          WIDTH="229"
                          VPOS="3211"
                          HPOS="750"
                          CONTENT="falso"/>
                  <SP HEIGHT="130" WIDTH="25" VPOS="3211" HPOS="980"/>
                  <String HEIGHT="130"
                          WIDTH="357"
                          VPOS="3211"
                          HPOS="903"
                          CONTENT="veralicimo"/>
                  <SP HEIGHT="130" WIDTH="25" VPOS="3211" HPOS="1260"/>
                  <String HEIGHT="130"
                          WIDTH="331"
                          VPOS="3211"
                          HPOS="1184"
                          CONTENT="praefendo"/>
                  <SP HEIGHT="130" WIDTH="25" VPOS="3211" HPOS="1515"/>
                  <String HEIGHT="130" WIDTH="51" VPOS="3211" HPOS="1413" CONTENT=""/>
               </TextLine>
               <TextLine ID="r2l42"
                         BASELINE="3451"
                         HEIGHT="168"
                         WIDTH="1018"
                         VPOS="3283"
                         HPOS="507">
                  <String HEIGHT="168"
                          WIDTH="392"
                          VPOS="3283"
                          HPOS="481"
                          CONTENT="prophetarum"/>
                  <SP HEIGHT="168" WIDTH="26" VPOS="3283" HPOS="872"/>
                  <String HEIGHT="168"
                          WIDTH="157"
                          VPOS="3283"
                          HPOS="794"
                          CONTENT="et"/>
                  <SP HEIGHT="168" WIDTH="26" VPOS="3283" HPOS="951"/>
                  <String HEIGHT="168"
                          WIDTH="183"
                          VPOS="3283"
                          HPOS="872"
                          CONTENT="ita"/>
                  <SP HEIGHT="168" WIDTH="26" VPOS="3283" HPOS="1055"/>
                  <String HEIGHT="168"
                          WIDTH="287"
                          VPOS="3283"
                          HPOS="977"
                          CONTENT="legimus"/>
                  <SP HEIGHT="168" WIDTH="26" VPOS="3283" HPOS="1264"/>
                  <String HEIGHT="168"
                          WIDTH="157"
                          VPOS="3283"
                          HPOS="1186"
                          CONTENT="ut"/>
                  <SP HEIGHT="168" WIDTH="26" VPOS="3283" HPOS="1342"/>
                  <String HEIGHT="168"
                          WIDTH="235"
                          VPOS="3283"
                          HPOS="1264"
                          CONTENT="neque"/>
                  <SP HEIGHT="168" WIDTH="26" VPOS="3283" HPOS="1499"/>
                  <String HEIGHT="168"
                          WIDTH="131"
                          VPOS="3283"
                          HPOS="1394"
                          CONTENT="fum"/>
               </TextLine>
            </TextBlock>
            <TextBlock ID="r3" HEIGHT="3041" WIDTH="1127" VPOS="377" HPOS="1656">
               <Shape>
                  <Polygon POINTS="1656,377 1656,3418 2783,3418 2783,377"/>
               </Shape>
               <TextLine ID="r3l1"
                         BASELINE="531"
                         HEIGHT="188"
                         WIDTH="1010"
                         VPOS="343"
                         HPOS="1742">
                  <String HEIGHT="188"
                          WIDTH="285"
                          VPOS="343"
                          HPOS="1716"
                          CONTENT="divinio"/>
                  <SP HEIGHT="188" WIDTH="26" VPOS="343" HPOS="2001"/>
                  <String HEIGHT="188"
                          WIDTH="285"
                          VPOS="343"
                          HPOS="1923"
                          CONTENT="Inditio"/>
                  <SP HEIGHT="188" WIDTH="26" VPOS="343" HPOS="2208"/>
                  <String HEIGHT="188"
                          WIDTH="259"
                          VPOS="343"
                          HPOS="2130"
                          CONTENT="factum"/>
                  <SP HEIGHT="188" WIDTH="26" VPOS="343" HPOS="2389"/>
                  <String HEIGHT="188"
                          WIDTH="207"
                          VPOS="343"
                          HPOS="2312"
                          CONTENT="esse"/>
                  <SP HEIGHT="188" WIDTH="26" VPOS="343" HPOS="2519"/>
                  <String HEIGHT="188"
                          WIDTH="363"
                          VPOS="343"
                          HPOS="2441"
                          CONTENT="inveniamus"/>
                  <SP HEIGHT="188" WIDTH="26" VPOS="343" HPOS="2804"/>
                  <String HEIGHT="188" WIDTH="52" VPOS="343" HPOS="2700" CONTENT=""/>
               </TextLine>
               <TextLine ID="r3l2"
                         BASELINE="580"
                         HEIGHT="159"
                         WIDTH="1017"
                         VPOS="421"
                         HPOS="1733">
                  <String HEIGHT="159"
                          WIDTH="191"
                          VPOS="421"
                          HPOS="1701"
                          CONTENT="Et"/>
                  <SP HEIGHT="159" WIDTH="32" VPOS="421" HPOS="1892"/>
                  <String HEIGHT="159"
                          WIDTH="318"
                          VPOS="421"
                          HPOS="1797"
                          CONTENT="subdit"/>
                  <SP HEIGHT="159" WIDTH="32" VPOS="421" HPOS="2114"/>
                  <String HEIGHT="159"
                          WIDTH="286"
                          VPOS="421"
                          HPOS="2019"
                          CONTENT="infra"/>
                  <SP HEIGHT="159" WIDTH="32" VPOS="421" HPOS="2305"/>
                  <String HEIGHT="159"
                          WIDTH="191"
                          VPOS="421"
                          HPOS="2210"
                          CONTENT="de"/>
                  <SP HEIGHT="159" WIDTH="32" VPOS="421" HPOS="2400"/>
                  <String HEIGHT="159"
                          WIDTH="318"
                          VPOS="421"
                          HPOS="2305"
                          CONTENT="uudeis"/>
                  <SP HEIGHT="159" WIDTH="32" VPOS="421" HPOS="2623"/>
                  <String HEIGHT="159"
                          WIDTH="191"
                          VPOS="421"
                          HPOS="2528"
                          CONTENT="et"/>
                  <SP HEIGHT="159" WIDTH="32" VPOS="421" HPOS="2718"/>
                  <String HEIGHT="159"
                          WIDTH="159"
                          VPOS="421"
                          HPOS="2591"
                          CONTENT="egi"/>
               </TextLine>
               <TextLine ID="r3l3"
                         BASELINE="659"
                         HEIGHT="163"
                         WIDTH="1016"
                         VPOS="496"
                         HPOS="1733">
                  <String HEIGHT="163"
                          WIDTH="267"
                          VPOS="496"
                          HPOS="1706"
                          CONTENT="teriis"/>
                  <SP HEIGHT="163" WIDTH="27" VPOS="496" HPOS="1974"/>
                  <String HEIGHT="163"
                          WIDTH="267"
                          VPOS="496"
                          HPOS="1893"
                          CONTENT="hostem"/>
                  <SP HEIGHT="163" WIDTH="27" VPOS="496" HPOS="2161"/>
                  <String HEIGHT="163"
                          WIDTH="374"
                          VPOS="496"
                          HPOS="2081"
                          CONTENT="deceptione"/>
                  <SP HEIGHT="163" WIDTH="27" VPOS="496" HPOS="2455"/>
                  <String HEIGHT="163"
                          WIDTH="267"
                          VPOS="496"
                          HPOS="2375"
                          CONTENT="dignum"/>
                  <SP HEIGHT="163" WIDTH="27" VPOS="496" HPOS="2642"/>
                  <String HEIGHT="163"
                          WIDTH="241"
                          VPOS="496"
                          HPOS="2562"
                          CONTENT="inssi"/>
                  <SP HEIGHT="163" WIDTH="27" VPOS="496" HPOS="2802"/>
                  <String HEIGHT="163" WIDTH="53" VPOS="496" HPOS="2696" CONTENT=""/>
               </TextLine>
               <TextLine ID="r3l4"
                         BASELINE="736"
                         HEIGHT="163"
                         WIDTH="1024"
                         VPOS="573"
                         HPOS="1731">
                  <String HEIGHT="163"
                          WIDTH="205"
                          VPOS="573"
                          HPOS="1705"
                          CONTENT="sunt"/>
                  <SP HEIGHT="163" WIDTH="26" VPOS="573" HPOS="1910"/>
                  <String HEIGHT="163"
                          WIDTH="282"
                          VPOS="573"
                          HPOS="1833"
                          CONTENT="decipre"/>
                  <SP HEIGHT="163" WIDTH="26" VPOS="573" HPOS="2115"/>
                  <String HEIGHT="163" WIDTH="128" VPOS="573" HPOS="2038" CONTENT="¶"/>
                  <SP HEIGHT="163" WIDTH="26" VPOS="573" HPOS="2166"/>
                  <String HEIGHT="163"
                          WIDTH="154"
                          VPOS="573"
                          HPOS="2089"
                          CONTENT="ad"/>
                  <SP HEIGHT="163" WIDTH="26" VPOS="573" HPOS="2243"/>
                  <String HEIGHT="163"
                          WIDTH="230"
                          VPOS="573"
                          HPOS="2166"
                          CONTENT="istud"/>
                  <SP HEIGHT="163" WIDTH="26" VPOS="573" HPOS="2397"/>
                  <String HEIGHT="163"
                          WIDTH="205"
                          VPOS="573"
                          HPOS="2320"
                          CONTENT="dico"/>
                  <SP HEIGHT="163" WIDTH="26" VPOS="573" HPOS="2525"/>
                  <String HEIGHT="163"
                          WIDTH="230"
                          VPOS="573"
                          HPOS="2448"
                          CONTENT="primo"/>
                  <SP HEIGHT="163" WIDTH="26" VPOS="573" HPOS="2678"/>
                  <String HEIGHT="163"
                          WIDTH="205"
                          VPOS="573"
                          HPOS="2601"
                          CONTENT="quod"/>
                  <SP HEIGHT="163" WIDTH="26" VPOS="573" HPOS="2806"/>
                  <String HEIGHT="163" WIDTH="51" VPOS="573" HPOS="2704" CONTENT=""/>
               </TextLine>
               <TextLine ID="r3l5"
                         BASELINE="784"
                         HEIGHT="146"
                         WIDTH="1033"
                         VPOS="638"
                         HPOS="1732">
                  <String HEIGHT="146"
                          WIDTH="329"
                          VPOS="638"
                          HPOS="1709"
                          CONTENT="augustinus"/>
                  <SP HEIGHT="146" WIDTH="23" VPOS="638" HPOS="2037"/>
                  <String HEIGHT="146"
                          WIDTH="141"
                          VPOS="638"
                          HPOS="1967"
                          CONTENT="in"/>
                  <SP HEIGHT="146" WIDTH="23" VPOS="638" HPOS="2108"/>
                  <String HEIGHT="146"
                          WIDTH="211"
                          VPOS="638"
                          HPOS="2037"
                          CONTENT="eadem"/>
                  <SP HEIGHT="146" WIDTH="23" VPOS="638" HPOS="2249"/>
                  <String HEIGHT="146"
                          WIDTH="329"
                          VPOS="638"
                          HPOS="2178"
                          CONTENT="quaestione"/>
                  <SP HEIGHT="146" WIDTH="23" VPOS="638" HPOS="2507"/>
                  <String HEIGHT="146"
                          WIDTH="164"
                          VPOS="638"
                          HPOS="2436"
                          CONTENT="ait"/>
                  <SP HEIGHT="146" WIDTH="23" VPOS="638" HPOS="2601"/>
                  <String HEIGHT="146"
                          WIDTH="164"
                          VPOS="638"
                          HPOS="2530"
                          CONTENT="non"/>
                  <SP HEIGHT="146" WIDTH="23" VPOS="638" HPOS="2695"/>
                  <String HEIGHT="146"
                          WIDTH="188"
                          VPOS="638"
                          HPOS="2624"
                          CONTENT="deus"/>
                  <SP HEIGHT="146" WIDTH="23" VPOS="638" HPOS="2812"/>
                  <String HEIGHT="146" WIDTH="47" VPOS="638" HPOS="2718" CONTENT=""/>
               </TextLine>
               <TextLine ID="r3l6"
                         BASELINE="859"
                         HEIGHT="148"
                         WIDTH="1036"
                         VPOS="711"
                         HPOS="1733">
                  <String HEIGHT="148"
                          WIDTH="345"
                          VPOS="711"
                          HPOS="1704"
                          CONTENT="deceptor"/>
                  <SP HEIGHT="148" WIDTH="29" VPOS="711" HPOS="2050"/>
                  <String HEIGHT="148"
                          WIDTH="201"
                          VPOS="711"
                          HPOS="1963"
                          CONTENT="est"/>
                  <SP HEIGHT="148" WIDTH="29" VPOS="711" HPOS="2165"/>
                  <String HEIGHT="148"
                          WIDTH="230"
                          VPOS="711"
                          HPOS="2078"
                          CONTENT="quod"/>
                  <SP HEIGHT="148" WIDTH="29" VPOS="711" HPOS="2309"/>
                  <String HEIGHT="148"
                          WIDTH="317"
                          VPOS="711"
                          HPOS="2222"
                          CONTENT="credere"/>
                  <SP HEIGHT="148" WIDTH="29" VPOS="711" HPOS="2539"/>
                  <String HEIGHT="148"
                          WIDTH="374"
                          VPOS="711"
                          HPOS="2452"
                          CONTENT="nepharium"/>
                  <SP HEIGHT="148" WIDTH="29" VPOS="711" HPOS="2827"/>
                  <String HEIGHT="148" WIDTH="58" VPOS="711" HPOS="2711" CONTENT=""/>
               </TextLine>
               <TextLine ID="r3l7"
                         BASELINE="926"
                         HEIGHT="133"
                         WIDTH="1043"
                         VPOS="793"
                         HPOS="1723">
                  <String HEIGHT="133"
                          WIDTH="169"
                          VPOS="793"
                          HPOS="1695"
                          CONTENT="et"/>
                  <SP HEIGHT="133" WIDTH="28" VPOS="793" HPOS="1864"/>
                  <String HEIGHT="133"
                          WIDTH="169"
                          VPOS="793"
                          HPOS="1779"
                          CONTENT="in"/>
                  <SP HEIGHT="133" WIDTH="28" VPOS="793" HPOS="1949"/>
                  <String HEIGHT="133"
                          WIDTH="254"
                          VPOS="793"
                          HPOS="1864"
                          CONTENT="primi"/>
                  <SP HEIGHT="133" WIDTH="28" VPOS="793" HPOS="2118"/>
                  <String HEIGHT="133"
                          WIDTH="226"
                          VPOS="793"
                          HPOS="2033"
                          CONTENT="quis"/>
                  <SP HEIGHT="133" WIDTH="28" VPOS="793" HPOS="2259"/>
                  <String HEIGHT="133"
                          WIDTH="197"
                          VPOS="793"
                          HPOS="2174"
                          CONTENT="non"/>
                  <SP HEIGHT="133" WIDTH="28" VPOS="793" HPOS="2371"/>
                  <String HEIGHT="133"
                          WIDTH="395"
                          VPOS="793"
                          HPOS="2287"
                          CONTENT="intelligat"/>
                  <SP HEIGHT="133" WIDTH="28" VPOS="793" HPOS="2681"/>
                  <String HEIGHT="133"
                          WIDTH="169"
                          VPOS="793"
                          HPOS="2597"
                          CONTENT="2o"/>
                  <SP HEIGHT="133" WIDTH="28" VPOS="793" HPOS="2766"/>
                  <String HEIGHT="133"
                          WIDTH="113"
                          VPOS="793"
                          HPOS="2653"
                          CONTENT="di"/>
               </TextLine>
               <TextLine ID="r3l8"
                         BASELINE="1005"
                         HEIGHT="137"
                         WIDTH="1033"
                         VPOS="868"
                         HPOS="1720">
                  <String HEIGHT="137"
                          WIDTH="124"
                          VPOS="868"
                          HPOS="1699"
                          CONTENT="co"/>
                  <SP HEIGHT="137" WIDTH="21" VPOS="868" HPOS="1823"/>
                  <String HEIGHT="137"
                          WIDTH="165"
                          VPOS="868"
                          HPOS="1761"
                          CONTENT="quod"/>
                  <SP HEIGHT="137" WIDTH="21" VPOS="868" HPOS="1927"/>
                  <String HEIGHT="137"
                          WIDTH="289"
                          VPOS="868"
                          HPOS="1865"
                          CONTENT="augustinus"/>
                  <SP HEIGHT="137" WIDTH="21" VPOS="868" HPOS="2154"/>
                  <String HEIGHT="137"
                          WIDTH="227"
                          VPOS="868"
                          HPOS="2092"
                          CONTENT="exponit"/>
                  <SP HEIGHT="137" WIDTH="21" VPOS="868" HPOS="2319"/>
                  <String HEIGHT="137"
                          WIDTH="124"
                          VPOS="868"
                          HPOS="2257"
                          CONTENT="se"/>
                  <SP HEIGHT="137" WIDTH="21" VPOS="868" HPOS="2381"/>
                  <String HEIGHT="137"
                          WIDTH="165"
                          VPOS="868"
                          HPOS="2319"
                          CONTENT="idem"/>
                  <SP HEIGHT="137" WIDTH="21" VPOS="868" HPOS="2484"/>
                  <String HEIGHT="137"
                          WIDTH="227"
                          VPOS="868"
                          HPOS="2422"
                          CONTENT="distini"/>
                  <SP HEIGHT="137" WIDTH="21" VPOS="868" HPOS="2650"/>
                  <String HEIGHT="137"
                          WIDTH="207"
                          VPOS="868"
                          HPOS="2588"
                          CONTENT="factum"/>
                  <SP HEIGHT="137" WIDTH="21" VPOS="868" HPOS="2794"/>
                  <String HEIGHT="137" WIDTH="41" VPOS="868" HPOS="2712" CONTENT=""/>
               </TextLine>
               <TextLine ID="r3l9"
                         BASELINE="1110"
                         HEIGHT="182"
                         WIDTH="1072"
                         VPOS="928"
                         HPOS="1719">
                  <String HEIGHT="182"
                          WIDTH="175"
                          VPOS="928"
                          HPOS="1694"
                          CONTENT="est"/>
                  <SP HEIGHT="182" WIDTH="25" VPOS="928" HPOS="1869"/>
                  <String HEIGHT="182"
                          WIDTH="150"
                          VPOS="928"
                          HPOS="1794"
                          CONTENT="ut"/>
                  <SP HEIGHT="182" WIDTH="25" VPOS="928" HPOS="1943"/>
                  <String HEIGHT="182"
                          WIDTH="249"
                          VPOS="928"
                          HPOS="1869"
                          CONTENT="mberet"/>
                  <SP HEIGHT="182" WIDTH="25" VPOS="928" HPOS="2118"/>
                  <String HEIGHT="182"
                          WIDTH="199"
                          VPOS="928"
                          HPOS="2043"
                          CONTENT="deus"/>
                  <SP HEIGHT="182" WIDTH="25" VPOS="928" HPOS="2243"/>
                  <String HEIGHT="182"
                          WIDTH="175"
                          VPOS="928"
                          HPOS="2168"
                          CONTENT="vel"/>
                  <SP HEIGHT="182" WIDTH="25" VPOS="928" HPOS="2342"/>
                  <String HEIGHT="182"
                          WIDTH="249"
                          VPOS="928"
                          HPOS="2267"
                          CONTENT="potius"/>
                  <SP HEIGHT="182" WIDTH="25" VPOS="928" HPOS="2517"/>
                  <String HEIGHT="182"
                          WIDTH="199"
                          VPOS="928"
                          HPOS="2442"
                          CONTENT="quod"/>
                  <SP HEIGHT="182" WIDTH="25" VPOS="928" HPOS="2641"/>
                  <String HEIGHT="182"
                          WIDTH="274"
                          VPOS="928"
                          HPOS="2567"
                          CONTENT="istorum"/>
                  <SP HEIGHT="182" WIDTH="25" VPOS="928" HPOS="2841"/>
                  <String HEIGHT="182" WIDTH="50" VPOS="928" HPOS="2741" CONTENT=""/>
               </TextLine>
               <TextLine ID="r3l10"
                         BASELINE="1167"
                         HEIGHT="143"
                         WIDTH="998"
                         VPOS="1024"
                         HPOS="1706">
                  <String HEIGHT="143"
                          WIDTH="368"
                          VPOS="1024"
                          HPOS="1680"
                          CONTENT="cupiditate"/>
                  <SP HEIGHT="143" WIDTH="26" VPOS="1024" HPOS="2047"/>
                  <String HEIGHT="143"
                          WIDTH="394"
                          VPOS="1024"
                          HPOS="1969"
                          CONTENT="permitteret"/>
                  <SP HEIGHT="143" WIDTH="26" VPOS="1024" HPOS="2363"/>
                  <String HEIGHT="143"
                          WIDTH="131"
                          VPOS="1024"
                          HPOS="2284"
                          CONTENT="¶"/>
                  <SP HEIGHT="143" WIDTH="26" VPOS="1024" HPOS="2415"/>
                  <String HEIGHT="143"
                          WIDTH="158"
                          VPOS="1024"
                          HPOS="2336"
                          CONTENT="3o"/>
                  <SP HEIGHT="143" WIDTH="26" VPOS="1024" HPOS="2494"/>
                  <String HEIGHT="143"
                          WIDTH="210"
                          VPOS="1024"
                          HPOS="2415"
                          CONTENT="dico"/>
                  <SP HEIGHT="143" WIDTH="26" VPOS="1024" HPOS="2625"/>
                  <String HEIGHT="143"
                          WIDTH="210"
                          VPOS="1024"
                          HPOS="2546"
                          CONTENT="quod"/>
                  <SP HEIGHT="143" WIDTH="26" VPOS="1024" HPOS="2757"/>
                  <String HEIGHT="143" WIDTH="53" VPOS="1024" HPOS="2651" CONTENT=""/>
               </TextLine>
               <TextLine ID="r3l11"
                         BASELINE="1233"
                         HEIGHT="152"
                         WIDTH="1037"
                         VPOS="1081"
                         HPOS="1720">
                  <String HEIGHT="152"
                          WIDTH="306"
                          VPOS="1081"
                          HPOS="1696"
                          CONTENT="percipere"/>
                  <SP HEIGHT="152" WIDTH="24" VPOS="1081" HPOS="2003"/>
                  <String HEIGHT="152"
                          WIDTH="189"
                          VPOS="1081"
                          HPOS="1932"
                          CONTENT="deum"/>
                  <SP HEIGHT="152" WIDTH="24" VPOS="1081" HPOS="2121"/>
                  <String HEIGHT="152"
                          WIDTH="259"
                          VPOS="1081"
                          HPOS="2050"
                          CONTENT="aliquem"/>
                  <SP HEIGHT="152" WIDTH="24" VPOS="1081" HPOS="2309"/>
                  <String HEIGHT="152"
                          WIDTH="283"
                          VPOS="1081"
                          HPOS="2239"
                          CONTENT="decipere"/>
                  <SP HEIGHT="152" WIDTH="24" VPOS="1081" HPOS="2521"/>
                  <String HEIGHT="152"
                          WIDTH="165"
                          VPOS="1081"
                          HPOS="2451"
                          CONTENT="vel"/>
                  <SP HEIGHT="152" WIDTH="24" VPOS="1081" HPOS="2616"/>
                  <String HEIGHT="152"
                          WIDTH="259"
                          VPOS="1081"
                          HPOS="2545"
                          CONTENT="fallere"/>
                  <SP HEIGHT="152" WIDTH="24" VPOS="1081" HPOS="2804"/>
                  <String HEIGHT="152" WIDTH="47" VPOS="1081" HPOS="2710" CONTENT=""/>
               </TextLine>
               <TextLine ID="r3l12"
                         BASELINE="1318"
                         HEIGHT="159"
                         WIDTH="979"
                         VPOS="1159"
                         HPOS="1730">
                  <String HEIGHT="159"
                          WIDTH="176"
                          VPOS="1159"
                          HPOS="1705"
                          CONTENT="sic"/>
                  <SP HEIGHT="159" WIDTH="25" VPOS="1159" HPOS="1881"/>
                  <String HEIGHT="159"
                          WIDTH="276"
                          VPOS="1159"
                          HPOS="1805"
                          CONTENT="debemus"/>
                  <SP HEIGHT="159" WIDTH="25" VPOS="1159" HPOS="2081"/>
                  <String HEIGHT="159"
                          WIDTH="301"
                          VPOS="1159"
                          HPOS="2006"
                          CONTENT="recipere"/>
                  <SP HEIGHT="159" WIDTH="25" VPOS="1159" HPOS="2307"/>
                  <String HEIGHT="159"
                          WIDTH="326"
                          VPOS="1159"
                          HPOS="2232"
                          CONTENT="praecipit"/>
                  <SP HEIGHT="159" WIDTH="25" VPOS="1159" HPOS="2558"/>
                  <String HEIGHT="159"
                          WIDTH="276"
                          VPOS="1159"
                          HPOS="2483"
                          CONTENT="aliquam"/>
                  <SP HEIGHT="159" WIDTH="25" VPOS="1159" HPOS="2759"/>
                  <String HEIGHT="159" WIDTH="50" VPOS="1159" HPOS="2659" CONTENT=""/>
               </TextLine>
               <TextLine ID="r3l13"
                         BASELINE="1383"
                         HEIGHT="152"
                         WIDTH="1034"
                         VPOS="1231"
                         HPOS="1723">
                  <String HEIGHT="152"
                          WIDTH="172"
                          VPOS="1231"
                          HPOS="1694"
                          CONTENT="ex"/>
                  <SP HEIGHT="152" WIDTH="29" VPOS="1231" HPOS="1867"/>
                  <String HEIGHT="152"
                          WIDTH="287"
                          VPOS="1231"
                          HPOS="1780"
                          CONTENT="quibus"/>
                  <SP HEIGHT="152" WIDTH="29" VPOS="1231" HPOS="2068"/>
                  <String HEIGHT="152"
                          WIDTH="259"
                          VPOS="1231"
                          HPOS="1982"
                          CONTENT="falli"/>
                  <SP HEIGHT="152" WIDTH="29" VPOS="1231" HPOS="2240"/>
                  <String HEIGHT="152"
                          WIDTH="201"
                          VPOS="1231"
                          HPOS="2154"
                          CONTENT="vel"/>
                  <SP HEIGHT="152" WIDTH="29" VPOS="1231" HPOS="2355"/>
                  <String HEIGHT="152"
                          WIDTH="287"
                          VPOS="1231"
                          HPOS="2269"
                          CONTENT="decipi"/>
                  <SP HEIGHT="152" WIDTH="29" VPOS="1231" HPOS="2556"/>
                  <String HEIGHT="152"
                          WIDTH="345"
                          VPOS="1231"
                          HPOS="2470"
                          CONTENT="permisit"/>
                  <SP HEIGHT="152" WIDTH="29" VPOS="1231" HPOS="2814"/>
                  <String HEIGHT="152" WIDTH="57" VPOS="1231" HPOS="2700" CONTENT=""/>
               </TextLine>
               <TextLine ID="r3l14"
                         BASELINE="1474"
                         HEIGHT="158"
                         WIDTH="1008"
                         VPOS="1316"
                         HPOS="1723">
                  <String HEIGHT="158"
                          WIDTH="165"
                          VPOS="1316"
                          HPOS="1702"
                          CONTENT="ssta"/>
                  <SP HEIGHT="158" WIDTH="21" VPOS="1316" HPOS="1867"/>
                  <String HEIGHT="158"
                          WIDTH="247"
                          VPOS="1316"
                          HPOS="1805"
                          CONTENT="expresse"/>
                  <SP HEIGHT="158" WIDTH="21" VPOS="1316" HPOS="2052"/>
                  <String HEIGHT="158"
                          WIDTH="247"
                          VPOS="1316"
                          HPOS="1990"
                          CONTENT="habentur"/>
                  <SP HEIGHT="158" WIDTH="21" VPOS="1316" HPOS="2237"/>
                  <String HEIGHT="158"
                          WIDTH="144"
                          VPOS="1316"
                          HPOS="2176"
                          CONTENT="per"/>
                  <SP HEIGHT="158" WIDTH="21" VPOS="1316" HPOS="2320"/>
                  <String HEIGHT="158"
                          WIDTH="288"
                          VPOS="1316"
                          HPOS="2258"
                          CONTENT="augustinum"/>
                  <SP HEIGHT="158" WIDTH="21" VPOS="1316" HPOS="2546"/>
                  <String HEIGHT="158"
                          WIDTH="123"
                          VPOS="1316"
                          HPOS="2484"
                          CONTENT="in"/>
                  <SP HEIGHT="158" WIDTH="21" VPOS="1316" HPOS="2608"/>
                  <String HEIGHT="158"
                          WIDTH="165"
                          VPOS="1316"
                          HPOS="2546"
                          CONTENT="libr"/>
                  <SP HEIGHT="158" WIDTH="21" VPOS="1316" HPOS="2710"/>
                  <String HEIGHT="158"
                          WIDTH="123"
                          VPOS="1316"
                          HPOS="2649"
                          CONTENT="ot"/>
                  <SP HEIGHT="158" WIDTH="21" VPOS="1316" HPOS="2772"/>
                  <String HEIGHT="158" WIDTH="41" VPOS="1316" HPOS="2690" CONTENT=""/>
               </TextLine>
               <TextLine ID="r3l15"
                         BASELINE="1555"
                         HEIGHT="153"
                         WIDTH="990"
                         VPOS="1402"
                         HPOS="1721">
                  <String HEIGHT="153"
                          WIDTH="402"
                          VPOS="1402"
                          HPOS="1690"
                          CONTENT="mendatium"/>
                  <SP HEIGHT="153" WIDTH="31" VPOS="1402" HPOS="2092"/>
                  <String HEIGHT="153"
                          WIDTH="186"
                          VPOS="1402"
                          HPOS="1999"
                          CONTENT="13"/>
                  <SP HEIGHT="153" WIDTH="31" VPOS="1402" HPOS="2185"/>
                  <String HEIGHT="153"
                          WIDTH="186"
                          VPOS="1402"
                          HPOS="2092"
                          CONTENT="Et"/>
                  <SP HEIGHT="153" WIDTH="31" VPOS="1402" HPOS="2278"/>
                  <String HEIGHT="153"
                          WIDTH="186"
                          VPOS="1402"
                          HPOS="2185"
                          CONTENT="in"/>
                  <SP HEIGHT="153" WIDTH="31" VPOS="1402" HPOS="2371"/>
                  <String HEIGHT="153"
                          WIDTH="309"
                          VPOS="1402"
                          HPOS="2278"
                          CONTENT="glossa"/>
                  <SP HEIGHT="153" WIDTH="31" VPOS="1402" HPOS="2587"/>
                  <String HEIGHT="153"
                          WIDTH="278"
                          VPOS="1402"
                          HPOS="2494"
                          CONTENT="super"/>
                  <SP HEIGHT="153" WIDTH="31" VPOS="1402" HPOS="2773"/>
                  <String HEIGHT="153" WIDTH="62" VPOS="1402" HPOS="2649" CONTENT=""/>
               </TextLine>
               <TextLine ID="r3l16"
                         BASELINE="1617"
                         HEIGHT="118"
                         WIDTH="1031"
                         VPOS="1499"
                         HPOS="1687">
                  <String HEIGHT="118"
                          WIDTH="279"
                          VPOS="1499"
                          HPOS="1666"
                          CONTENT="Iaestione"/>
                  <SP HEIGHT="118" WIDTH="21" VPOS="1499" HPOS="1945"/>
                  <String HEIGHT="118"
                          WIDTH="258"
                          VPOS="1499"
                          HPOS="1880"
                          CONTENT="capitulo"/>
                  <SP HEIGHT="118" WIDTH="21" VPOS="1499" HPOS="2138"/>
                  <String HEIGHT="118"
                          WIDTH="107"
                          VPOS="1499"
                          HPOS="2074"
                          CONTENT="8"/>
                  <SP HEIGHT="118" WIDTH="21" VPOS="1499" HPOS="2181"/>
                  <String HEIGHT="118"
                          WIDTH="129"
                          VPOS="1499"
                          HPOS="2117"
                          CONTENT="Et"/>
                  <SP HEIGHT="118" WIDTH="21" VPOS="1499" HPOS="2245"/>
                  <String HEIGHT="118"
                          WIDTH="150"
                          VPOS="1499"
                          HPOS="2181"
                          CONTENT="est"/>
                  <SP HEIGHT="118" WIDTH="21" VPOS="1499" HPOS="2331"/>
                  <String HEIGHT="118"
                          WIDTH="301"
                          VPOS="1499"
                          HPOS="2267"
                          CONTENT="augustinus"/>
                  <SP HEIGHT="118" WIDTH="21" VPOS="1499" HPOS="2568"/>
                  <String HEIGHT="118"
                          WIDTH="150"
                          VPOS="1499"
                          HPOS="2503"
                          CONTENT="ubi"/>
                  <SP HEIGHT="118" WIDTH="21" VPOS="1499" HPOS="2654"/>
                  <String HEIGHT="118"
                          WIDTH="172"
                          VPOS="1499"
                          HPOS="2589"
                          CONTENT="deus"/>
                  <SP HEIGHT="118" WIDTH="21" VPOS="1499" HPOS="2761"/>
                  <String HEIGHT="118" WIDTH="43" VPOS="1499" HPOS="2675" CONTENT=""/>
               </TextLine>
               <TextLine ID="r3l17"
                         BASELINE="1687"
                         HEIGHT="145"
                         WIDTH="998"
                         VPOS="1542"
                         HPOS="1714">
                  <String HEIGHT="145"
                          WIDTH="324"
                          VPOS="1542"
                          HPOS="1689"
                          CONTENT="praecepit"/>
                  <SP HEIGHT="145" WIDTH="25" VPOS="1542" HPOS="2013"/>
                  <String HEIGHT="145"
                          WIDTH="250"
                          VPOS="1542"
                          HPOS="1939"
                          CONTENT="hosuae"/>
                  <SP HEIGHT="145" WIDTH="25" VPOS="1542" HPOS="2188"/>
                  <String HEIGHT="145"
                          WIDTH="250"
                          VPOS="1542"
                          HPOS="2113"
                          CONTENT="ponere"/>
                  <SP HEIGHT="145" WIDTH="25" VPOS="1542" HPOS="2363"/>
                  <String HEIGHT="145"
                          WIDTH="299"
                          VPOS="1542"
                          HPOS="2288"
                          CONTENT="insidias"/>
                  <SP HEIGHT="145" WIDTH="25" VPOS="1542" HPOS="2587"/>
                  <String HEIGHT="145"
                          WIDTH="250"
                          VPOS="1542"
                          HPOS="2512"
                          CONTENT="contra"/>
                  <SP HEIGHT="145" WIDTH="25" VPOS="1542" HPOS="2762"/>
                  <String HEIGHT="145" WIDTH="50" VPOS="1542" HPOS="2662" CONTENT=""/>
               </TextLine>
               <TextLine ID="r3l18"
                         BASELINE="1758"
                         HEIGHT="126"
                         WIDTH="996"
                         VPOS="1632"
                         HPOS="1712">
                  <String HEIGHT="126"
                          WIDTH="288"
                          VPOS="1632"
                          HPOS="1690"
                          CONTENT="cunitatem"/>
                  <SP HEIGHT="126" WIDTH="22" VPOS="1632" HPOS="1978"/>
                  <String HEIGHT="126"
                          WIDTH="155"
                          VPOS="1632"
                          HPOS="1911"
                          CONTENT="hay"/>
                  <SP HEIGHT="126" WIDTH="22" VPOS="1632" HPOS="2066"/>
                  <String HEIGHT="126"
                          WIDTH="111"
                          VPOS="1632"
                          HPOS="2000"
                          CONTENT="¶"/>
                  <SP HEIGHT="126" WIDTH="22" VPOS="1632" HPOS="2110"/>
                  <String HEIGHT="126"
                          WIDTH="133"
                          VPOS="1632"
                          HPOS="2044"
                          CONTENT="2m"/>
                  <SP HEIGHT="126" WIDTH="22" VPOS="1632" HPOS="2177"/>
                  <String HEIGHT="126"
                          WIDTH="332"
                          VPOS="1632"
                          HPOS="2110"
                          CONTENT="corollarium"/>
                  <SP HEIGHT="126" WIDTH="22" VPOS="1632" HPOS="2442"/>
                  <String HEIGHT="126"
                          WIDTH="155"
                          VPOS="1632"
                          HPOS="2376"
                          CONTENT="non"/>
                  <SP HEIGHT="126" WIDTH="22" VPOS="1632" HPOS="2531"/>
                  <String HEIGHT="126"
                          WIDTH="155"
                          VPOS="1632"
                          HPOS="2465"
                          CONTENT="est"/>
                  <SP HEIGHT="126" WIDTH="22" VPOS="1632" HPOS="2619"/>
                  <String HEIGHT="126"
                          WIDTH="199"
                          VPOS="1632"
                          HPOS="2553"
                          CONTENT="aliud"/>
                  <SP HEIGHT="126" WIDTH="22" VPOS="1632" HPOS="2752"/>
                  <String HEIGHT="126" WIDTH="44" VPOS="1632" HPOS="2664" CONTENT=""/>
               </TextLine>
               <TextLine ID="r3l19"
                         BASELINE="1836"
                         HEIGHT="138"
                         WIDTH="992"
                         VPOS="1698"
                         HPOS="1692">
                  <String HEIGHT="138"
                          WIDTH="261"
                          VPOS="1698"
                          HPOS="1666"
                          CONTENT="falsum"/>
                  <SP HEIGHT="138" WIDTH="26" VPOS="1698" HPOS="1927"/>
                  <String HEIGHT="138"
                          WIDTH="261"
                          VPOS="1698"
                          HPOS="1849"
                          CONTENT="dicere"/>
                  <SP HEIGHT="138" WIDTH="26" VPOS="1698" HPOS="2110"/>
                  <String HEIGHT="138"
                          WIDTH="183"
                          VPOS="1698"
                          HPOS="2031"
                          CONTENT="cum"/>
                  <SP HEIGHT="138" WIDTH="26" VPOS="1698" HPOS="2214"/>
                  <String HEIGHT="138"
                          WIDTH="157"
                          VPOS="1698"
                          HPOS="2136"
                          CONTENT="de"/>
                  <SP HEIGHT="138" WIDTH="26" VPOS="1698" HPOS="2292"/>
                  <String HEIGHT="138"
                          WIDTH="313"
                          VPOS="1698"
                          HPOS="2214"
                          CONTENT="ordinate"/>
                  <SP HEIGHT="138" WIDTH="26" VPOS="1698" HPOS="2527"/>
                  <String HEIGHT="138"
                          WIDTH="261"
                          VPOS="1698"
                          HPOS="2423"
                          CONTENT="intentio"/>
               </TextLine>
               <TextLine ID="r3l20"
                         BASELINE="1892"
                         HEIGHT="124"
                         WIDTH="988"
                         VPOS="1768"
                         HPOS="1697">
                  <String HEIGHT="124"
                          WIDTH="180"
                          VPOS="1768"
                          HPOS="1667"
                          CONTENT="ne"/>
                  <SP HEIGHT="124" WIDTH="30" VPOS="1768" HPOS="1847"/>
                  <String HEIGHT="124"
                          WIDTH="359"
                          VPOS="1768"
                          HPOS="1757"
                          CONTENT="fallendi"/>
                  <SP HEIGHT="124" WIDTH="30" VPOS="1768" HPOS="2116"/>
                  <String HEIGHT="124"
                          WIDTH="389"
                          VPOS="1768"
                          HPOS="2026"
                          CONTENT="finaliter"/>
                  <SP HEIGHT="124" WIDTH="30" VPOS="1768" HPOS="2416"/>
                  <String HEIGHT="124"
                          WIDTH="180"
                          VPOS="1768"
                          HPOS="2326"
                          CONTENT="et"/>
                  <SP HEIGHT="124" WIDTH="30" VPOS="1768" HPOS="2505"/>
                  <String HEIGHT="124"
                          WIDTH="329"
                          VPOS="1768"
                          HPOS="2416"
                          CONTENT="menteri"/>
                  <SP HEIGHT="124" WIDTH="30" VPOS="1768" HPOS="2745"/>
                  <String HEIGHT="124" WIDTH="60" VPOS="1768" HPOS="2625" CONTENT=""/>
               </TextLine>
               <TextLine ID="r3l21"
                         BASELINE="1975"
                         HEIGHT="128"
                         WIDTH="1028"
                         VPOS="1847"
                         HPOS="1699">
                  <String HEIGHT="128"
                          WIDTH="343"
                          VPOS="1847"
                          HPOS="1675"
                          CONTENT="fallaciter"/>
                  <SP HEIGHT="128" WIDTH="24" VPOS="1847" HPOS="2017"/>
                  <String HEIGHT="128"
                          WIDTH="294"
                          VPOS="1847"
                          HPOS="1944"
                          CONTENT="probatur"/>
                  <SP HEIGHT="128" WIDTH="24" VPOS="1847" HPOS="2237"/>
                  <String HEIGHT="128"
                          WIDTH="196"
                          VPOS="1847"
                          HPOS="2164"
                          CONTENT="quia"/>
                  <SP HEIGHT="128" WIDTH="24" VPOS="1847" HPOS="2360"/>
                  <String HEIGHT="128"
                          WIDTH="147"
                          VPOS="1847"
                          HPOS="2286"
                          CONTENT="2m"/>
                  <SP HEIGHT="128" WIDTH="24" VPOS="1847" HPOS="2433"/>
                  <String HEIGHT="128"
                          WIDTH="343"
                          VPOS="1847"
                          HPOS="2360"
                          CONTENT="augustinum"/>
                  <SP HEIGHT="128" WIDTH="24" VPOS="1847" HPOS="2703"/>
                  <String HEIGHT="128"
                          WIDTH="122"
                          VPOS="1847"
                          HPOS="2605"
                          CONTENT="men"/>
               </TextLine>
               <TextLine ID="r3l22"
                         BASELINE="2043"
                         HEIGHT="131"
                         WIDTH="1003"
                         VPOS="1912"
                         HPOS="1696">
                  <String HEIGHT="131"
                          WIDTH="158"
                          VPOS="1912"
                          HPOS="1670"
                          CONTENT="ti"/>
                  <SP HEIGHT="131" WIDTH="26" VPOS="1912" HPOS="1828"/>
                  <String HEIGHT="131"
                          WIDTH="185"
                          VPOS="1912"
                          HPOS="1749"
                          CONTENT="est"/>
                  <SP HEIGHT="131" WIDTH="26" VPOS="1912" HPOS="1934"/>
                  <String HEIGHT="131"
                          WIDTH="264"
                          VPOS="1912"
                          HPOS="1854"
                          CONTENT="falsum"/>
                  <SP HEIGHT="131" WIDTH="26" VPOS="1912" HPOS="2118"/>
                  <String HEIGHT="131"
                          WIDTH="264"
                          VPOS="1912"
                          HPOS="2039"
                          CONTENT="dicere"/>
                  <SP HEIGHT="131" WIDTH="26" VPOS="1912" HPOS="2303"/>
                  <String HEIGHT="131"
                          WIDTH="370"
                          VPOS="1912"
                          HPOS="2224"
                          CONTENT="intuitione"/>
                  <SP HEIGHT="131" WIDTH="26" VPOS="1912" HPOS="2593"/>
                  <String HEIGHT="131"
                          WIDTH="211"
                          VPOS="1912"
                          HPOS="2488"
                          CONTENT="fallen"/>
               </TextLine>
               <TextLine ID="r3l23"
                         BASELINE="2124"
                         HEIGHT="132"
                         WIDTH="986"
                         VPOS="1992"
                         HPOS="1685">
                  <String HEIGHT="132"
                          WIDTH="394"
                          VPOS="1992"
                          HPOS="1660"
                          CONTENT="culpabiliter"/>
                  <SP HEIGHT="132" WIDTH="25" VPOS="1992" HPOS="2055"/>
                  <String HEIGHT="132"
                          WIDTH="247"
                          VPOS="1992"
                          HPOS="1981"
                          CONTENT="igitur"/>
                  <SP HEIGHT="132" WIDTH="25" VPOS="1992" HPOS="2227"/>
                  <String HEIGHT="132"
                          WIDTH="173"
                          VPOS="1992"
                          HPOS="2153"
                          CONTENT="cum"/>
                  <SP HEIGHT="132" WIDTH="25" VPOS="1992" HPOS="2326"/>
                  <String HEIGHT="132"
                          WIDTH="345"
                          VPOS="1992"
                          HPOS="2252"
                          CONTENT="intentione"/>
                  <SP HEIGHT="132" WIDTH="25" VPOS="1992" HPOS="2597"/>
                  <String HEIGHT="132"
                          WIDTH="197"
                          VPOS="1992"
                          HPOS="2523"
                          CONTENT="deor"/>
                  <SP HEIGHT="132" WIDTH="25" VPOS="1992" HPOS="2720"/>
                  <String HEIGHT="132" WIDTH="49" VPOS="1992" HPOS="2622" CONTENT=""/>
               </TextLine>
               <TextLine ID="r3l24"
                         BASELINE="2196"
                         HEIGHT="115"
                         WIDTH="993"
                         VPOS="2081"
                         HPOS="1675">
                  <String HEIGHT="115"
                          WIDTH="259"
                          VPOS="2081"
                          HPOS="1653"
                          CONTENT="divinata"/>
                  <SP HEIGHT="115" WIDTH="22" VPOS="2081" HPOS="1912"/>
                  <String HEIGHT="115"
                          WIDTH="194"
                          VPOS="2081"
                          HPOS="1848"
                          CONTENT="patet"/>
                  <SP HEIGHT="115" WIDTH="22" VPOS="2081" HPOS="2042"/>
                  <String HEIGHT="115"
                          WIDTH="345"
                          VPOS="2081"
                          HPOS="1977"
                          CONTENT="consequentia"/>
                  <SP HEIGHT="115" WIDTH="22" VPOS="2081" HPOS="2323"/>
                  <String HEIGHT="115"
                          WIDTH="151"
                          VPOS="2081"
                          HPOS="2258"
                          CONTENT="cum"/>
                  <SP HEIGHT="115" WIDTH="22" VPOS="2081" HPOS="2409"/>
                  <String HEIGHT="115"
                          WIDTH="194"
                          VPOS="2081"
                          HPOS="2344"
                          CONTENT="omnis"/>
                  <SP HEIGHT="115" WIDTH="22" VPOS="2081" HPOS="2538"/>
                  <String HEIGHT="115"
                          WIDTH="216"
                          VPOS="2081"
                          HPOS="2452"
                          CONTENT="intentio"/>
               </TextLine>
               <TextLine ID="r3l25"
                         BASELINE="2259"
                         HEIGHT="126"
                         WIDTH="998"
                         VPOS="2133"
                         HPOS="1687">
                  <String HEIGHT="126"
                          WIDTH="451"
                          VPOS="2133"
                          HPOS="1655"
                          CONTENT="culpabilis"/>
                  <SP HEIGHT="126" WIDTH="32" VPOS="2133" HPOS="2106"/>
                  <String HEIGHT="126"
                          WIDTH="225"
                          VPOS="2133"
                          HPOS="2009"
                          CONTENT="sit"/>
                  <SP HEIGHT="126" WIDTH="32" VPOS="2133" HPOS="2234"/>
                  <String HEIGHT="126"
                          WIDTH="193"
                          VPOS="2133"
                          HPOS="2138"
                          CONTENT="de"/>
                  <SP HEIGHT="126" WIDTH="32" VPOS="2133" HPOS="2331"/>
                  <String HEIGHT="126"
                          WIDTH="386"
                          VPOS="2133"
                          HPOS="2234"
                          CONTENT="ordinata"/>
                  <SP HEIGHT="126" WIDTH="32" VPOS="2133" HPOS="2621"/>
                  <String HEIGHT="126"
                          WIDTH="193"
                          VPOS="2133"
                          HPOS="2524"
                          CONTENT="Ex"/>
                  <SP HEIGHT="126" WIDTH="32" VPOS="2133" HPOS="2717"/>
                  <String HEIGHT="126" WIDTH="97" VPOS="2133" HPOS="2588" CONTENT="o"/>
               </TextLine>
               <TextLine ID="r3l26"
                         BASELINE="2348"
                         HEIGHT="137"
                         WIDTH="1051"
                         VPOS="2211"
                         HPOS="1683">
                  <String HEIGHT="137"
                          WIDTH="293"
                          VPOS="2211"
                          HPOS="1659"
                          CONTENT="sequitur"/>
                  <SP HEIGHT="137" WIDTH="24" VPOS="2211" HPOS="1952"/>
                  <String HEIGHT="137"
                          WIDTH="220"
                          VPOS="2211"
                          HPOS="1879"
                          CONTENT="primo"/>
                  <SP HEIGHT="137" WIDTH="24" VPOS="2211" HPOS="2099"/>
                  <String HEIGHT="137"
                          WIDTH="196"
                          VPOS="2211"
                          HPOS="2025"
                          CONTENT="quod"/>
                  <SP HEIGHT="137" WIDTH="24" VPOS="2211" HPOS="2221"/>
                  <String HEIGHT="137"
                          WIDTH="293"
                          VPOS="2211"
                          HPOS="2147"
                          CONTENT="hybnicus"/>
                  <SP HEIGHT="137" WIDTH="24" VPOS="2211" HPOS="2441"/>
                  <String HEIGHT="137"
                          WIDTH="171"
                          VPOS="2211"
                          HPOS="2367"
                          CONTENT="non"/>
                  <SP HEIGHT="137" WIDTH="24" VPOS="2211" HPOS="2538"/>
                  <String HEIGHT="137"
                          WIDTH="318"
                          VPOS="2211"
                          HPOS="2465"
                          CONTENT="concludit"/>
                  <SP HEIGHT="137" WIDTH="24" VPOS="2211" HPOS="2783"/>
                  <String HEIGHT="137" WIDTH="49" VPOS="2211" HPOS="2685" CONTENT=""/>
               </TextLine>
               <TextLine ID="r3l27"
                         BASELINE="2418"
                         HEIGHT="119"
                         WIDTH="989"
                         VPOS="2299"
                         HPOS="1672">
                  <String HEIGHT="119"
                          WIDTH="338"
                          VPOS="2299"
                          HPOS="1646"
                          CONTENT="propositu"/>
                  <SP HEIGHT="119" WIDTH="26" VPOS="2299" HPOS="1984"/>
                  <String HEIGHT="119"
                          WIDTH="208"
                          VPOS="2299"
                          HPOS="1906"
                          CONTENT="suum"/>
                  <SP HEIGHT="119" WIDTH="26" VPOS="2299" HPOS="2114"/>
                  <String HEIGHT="119"
                          WIDTH="182"
                          VPOS="2299"
                          HPOS="2036"
                          CONTENT="vel"/>
                  <SP HEIGHT="119" WIDTH="26" VPOS="2299" HPOS="2219"/>
                  <String HEIGHT="119"
                          WIDTH="182"
                          VPOS="2299"
                          HPOS="2140"
                          CONTENT="non"/>
                  <SP HEIGHT="119" WIDTH="26" VPOS="2299" HPOS="2323"/>
                  <String HEIGHT="119"
                          WIDTH="156"
                          VPOS="2299"
                          HPOS="2245"
                          CONTENT="de"/>
                  <SP HEIGHT="119" WIDTH="26" VPOS="2299" HPOS="2401"/>
                  <String HEIGHT="119"
                          WIDTH="182"
                          VPOS="2299"
                          HPOS="2323"
                          CONTENT="mat"/>
                  <SP HEIGHT="119" WIDTH="26" VPOS="2299" HPOS="2505"/>
                  <String HEIGHT="119"
                          WIDTH="130"
                          VPOS="2299"
                          HPOS="2427"
                          CONTENT="a"/>
                  <SP HEIGHT="119" WIDTH="26" VPOS="2299" HPOS="2557"/>
                  <String HEIGHT="119"
                          WIDTH="208"
                          VPOS="2299"
                          HPOS="2453"
                          CONTENT="commui"/>
               </TextLine>
               <TextLine ID="r3l28"
                         BASELINE="2489"
                         HEIGHT="120"
                         WIDTH="1008"
                         VPOS="2369"
                         HPOS="1674">
                  <String HEIGHT="120"
                          WIDTH="176"
                          VPOS="2369"
                          HPOS="1649"
                          CONTENT="via"/>
                  <SP HEIGHT="120" WIDTH="25" VPOS="2369" HPOS="1825"/>
                  <String HEIGHT="120"
                          WIDTH="227"
                          VPOS="2369"
                          HPOS="1750"
                          CONTENT="patet"/>
                  <SP HEIGHT="120" WIDTH="25" VPOS="2369" HPOS="1976"/>
                  <String HEIGHT="120"
                          WIDTH="202"
                          VPOS="2369"
                          HPOS="1901"
                          CONTENT="quia"/>
                  <SP HEIGHT="120" WIDTH="25" VPOS="2369" HPOS="2102"/>
                  <String HEIGHT="120"
                          WIDTH="202"
                          VPOS="2369"
                          HPOS="2027"
                          CONTENT="ipse"/>
                  <SP HEIGHT="120" WIDTH="25" VPOS="2369" HPOS="2228"/>
                  <String HEIGHT="120"
                          WIDTH="227"
                          VPOS="2369"
                          HPOS="2153"
                          CONTENT="dicit"/>
                  <SP HEIGHT="120" WIDTH="25" VPOS="2369" HPOS="2380"/>
                  <String HEIGHT="120"
                          WIDTH="202"
                          VPOS="2369"
                          HPOS="2304"
                          CONTENT="quod"/>
                  <SP HEIGHT="120" WIDTH="25" VPOS="2369" HPOS="2506"/>
                  <String HEIGHT="120"
                          WIDTH="202"
                          VPOS="2369"
                          HPOS="2430"
                          CONTENT="deus"/>
                  <SP HEIGHT="120" WIDTH="25" VPOS="2369" HPOS="2632"/>
                  <String HEIGHT="120"
                          WIDTH="176"
                          VPOS="2369"
                          HPOS="2556"
                          CONTENT="non"/>
                  <SP HEIGHT="120" WIDTH="25" VPOS="2369" HPOS="2732"/>
                  <String HEIGHT="120" WIDTH="50" VPOS="2369" HPOS="2632" CONTENT=""/>
               </TextLine>
               <TextLine ID="r3l29"
                         BASELINE="2578"
                         HEIGHT="137"
                         WIDTH="1005"
                         VPOS="2441"
                         HPOS="1670">
                  <String HEIGHT="137"
                          WIDTH="239"
                          VPOS="2441"
                          HPOS="1646"
                          CONTENT="potest"/>
                  <SP HEIGHT="137" WIDTH="24" VPOS="2441" HPOS="1885"/>
                  <String HEIGHT="137"
                          WIDTH="239"
                          VPOS="2441"
                          HPOS="1814"
                          CONTENT="dicere"/>
                  <SP HEIGHT="137" WIDTH="24" VPOS="2441" HPOS="2053"/>
                  <String HEIGHT="137"
                          WIDTH="239"
                          VPOS="2441"
                          HPOS="1981"
                          CONTENT="falsum"/>
                  <SP HEIGHT="137" WIDTH="24" VPOS="2441" HPOS="2220"/>
                  <String HEIGHT="137"
                          WIDTH="168"
                          VPOS="2441"
                          HPOS="2149"
                          CONTENT="cum"/>
                  <SP HEIGHT="137" WIDTH="24" VPOS="2441" HPOS="2316"/>
                  <String HEIGHT="137"
                          WIDTH="144"
                          VPOS="2441"
                          HPOS="2244"
                          CONTENT="de"/>
                  <SP HEIGHT="137" WIDTH="24" VPOS="2441" HPOS="2388"/>
                  <String HEIGHT="137"
                          WIDTH="287"
                          VPOS="2441"
                          HPOS="2316"
                          CONTENT="ordinata"/>
                  <SP HEIGHT="137" WIDTH="24" VPOS="2441" HPOS="2603"/>
                  <String HEIGHT="137"
                          WIDTH="168"
                          VPOS="2441"
                          HPOS="2508"
                          CONTENT="inten"/>
               </TextLine>
               <TextLine ID="r3l30"
                         BASELINE="2668"
                         HEIGHT="151"
                         WIDTH="982"
                         VPOS="2517"
                         HPOS="1682">
                  <String HEIGHT="151"
                          WIDTH="239"
                          VPOS="2517"
                          HPOS="1655"
                          CONTENT="tione"/>
                  <SP HEIGHT="151" WIDTH="27" VPOS="2517" HPOS="1894"/>
                  <String HEIGHT="151"
                          WIDTH="372"
                          VPOS="2517"
                          HPOS="1815"
                          CONTENT="decipiendi"/>
                  <SP HEIGHT="151" WIDTH="27" VPOS="2517" HPOS="2186"/>
                  <String HEIGHT="151"
                          WIDTH="186"
                          VPOS="2517"
                          HPOS="2107"
                          CONTENT="vel"/>
                  <SP HEIGHT="151" WIDTH="27" VPOS="2517" HPOS="2292"/>
                  <String HEIGHT="151"
                          WIDTH="318"
                          VPOS="2517"
                          HPOS="2213"
                          CONTENT="fallendi"/>
                  <SP HEIGHT="151" WIDTH="27" VPOS="2517" HPOS="2531"/>
                  <String HEIGHT="151"
                          WIDTH="265"
                          VPOS="2517"
                          HPOS="2452"
                          CONTENT="igitur"/>
                  <SP HEIGHT="151" WIDTH="27" VPOS="2517" HPOS="2717"/>
                  <String HEIGHT="151" WIDTH="53" VPOS="2517" HPOS="2611" CONTENT=""/>
               </TextLine>
               <TextLine ID="r3l31"
                         BASELINE="2720"
                         HEIGHT="126"
                         WIDTH="1027"
                         VPOS="2594"
                         HPOS="1679">
                  <String HEIGHT="126"
                          WIDTH="156"
                          VPOS="2594"
                          HPOS="1657"
                          CONTENT="nec"/>
                  <SP HEIGHT="126" WIDTH="22" VPOS="2594" HPOS="1813"/>
                  <String HEIGHT="126"
                          WIDTH="268"
                          VPOS="2594"
                          HPOS="1746"
                          CONTENT="mentitur"/>
                  <SP HEIGHT="126" WIDTH="22" VPOS="2594" HPOS="2014"/>
                  <String HEIGHT="126"
                          WIDTH="156"
                          VPOS="2594"
                          HPOS="1947"
                          CONTENT="nec"/>
                  <SP HEIGHT="126" WIDTH="22" VPOS="2594" HPOS="2103"/>
                  <String HEIGHT="126"
                          WIDTH="223"
                          VPOS="2594"
                          HPOS="2036"
                          CONTENT="falsum"/>
                  <SP HEIGHT="126" WIDTH="22" VPOS="2594" HPOS="2259"/>
                  <String HEIGHT="126"
                          WIDTH="223"
                          VPOS="2594"
                          HPOS="2193"
                          CONTENT="dicere"/>
                  <SP HEIGHT="126" WIDTH="22" VPOS="2594" HPOS="2416"/>
                  <String HEIGHT="126"
                          WIDTH="156"
                          VPOS="2594"
                          HPOS="2349"
                          CONTENT="cum"/>
                  <SP HEIGHT="126" WIDTH="22" VPOS="2594" HPOS="2505"/>
                  <String HEIGHT="126"
                          WIDTH="313"
                          VPOS="2594"
                          HPOS="2438"
                          CONTENT="intentione"/>
                  <SP HEIGHT="126" WIDTH="22" VPOS="2594" HPOS="2751"/>
                  <String HEIGHT="126" WIDTH="45" VPOS="2594" HPOS="2661" CONTENT=""/>
               </TextLine>
               <TextLine ID="r3l32"
                         BASELINE="2812"
                         HEIGHT="157"
                         WIDTH="1049"
                         VPOS="2655"
                         HPOS="1667">
                  <String HEIGHT="157"
                          WIDTH="238"
                          VPOS="2655"
                          HPOS="1647"
                          CONTENT="fillendi"/>
                  <SP HEIGHT="157" WIDTH="20" VPOS="2655" HPOS="1885"/>
                  <String HEIGHT="157" WIDTH="99" VPOS="2655" HPOS="1825" CONTENT="¶"/>
                  <SP HEIGHT="157" WIDTH="20" VPOS="2655" HPOS="1924"/>
                  <String HEIGHT="157"
                          WIDTH="119"
                          VPOS="2655"
                          HPOS="1865"
                          CONTENT="3o"/>
                  <SP HEIGHT="157" WIDTH="20" VPOS="2655" HPOS="1984"/>
                  <String HEIGHT="157"
                          WIDTH="238"
                          VPOS="2655"
                          HPOS="1924"
                          CONTENT="sequitur"/>
                  <SP HEIGHT="157" WIDTH="20" VPOS="2655" HPOS="2162"/>
                  <String HEIGHT="157"
                          WIDTH="158"
                          VPOS="2655"
                          HPOS="2102"
                          CONTENT="quod"/>
                  <SP HEIGHT="157" WIDTH="20" VPOS="2655" HPOS="2261"/>
                  <String HEIGHT="157"
                          WIDTH="257"
                          VPOS="2655"
                          HPOS="2201"
                          CONTENT="gregorium"/>
                  <SP HEIGHT="157" WIDTH="20" VPOS="2655" HPOS="2459"/>
                  <String HEIGHT="157"
                          WIDTH="158"
                          VPOS="2655"
                          HPOS="2399"
                          CONTENT="diet"/>
                  <SP HEIGHT="157" WIDTH="20" VPOS="2655" HPOS="2558"/>
                  <String HEIGHT="157"
                          WIDTH="178"
                          VPOS="2655"
                          HPOS="2498"
                          CONTENT="huius"/>
                  <SP HEIGHT="157" WIDTH="20" VPOS="2655" HPOS="2676"/>
                  <String HEIGHT="157"
                          WIDTH="139"
                          VPOS="2655"
                          HPOS="2617"
                          CONTENT="qua"/>
                  <SP HEIGHT="157" WIDTH="20" VPOS="2655" HPOS="2756"/>
                  <String HEIGHT="157" WIDTH="40" VPOS="2655" HPOS="2676" CONTENT=""/>
               </TextLine>
               <TextLine ID="r3l33"
                         BASELINE="2870"
                         HEIGHT="121"
                         WIDTH="979"
                         VPOS="2749"
                         HPOS="1675">
                  <String HEIGHT="121"
                          WIDTH="245"
                          VPOS="2749"
                          HPOS="1658"
                          CONTENT="quaestione"/>
                  <SP HEIGHT="121" WIDTH="17" VPOS="2749" HPOS="1902"/>
                  <String HEIGHT="121"
                          WIDTH="105"
                          VPOS="2749"
                          HPOS="1850"
                          CONTENT="2a"/>
                  <SP HEIGHT="121" WIDTH="17" VPOS="2749" HPOS="1955"/>
                  <String HEIGHT="121"
                          WIDTH="105"
                          VPOS="2749"
                          HPOS="1902"
                          CONTENT="e2"/>
                  <SP HEIGHT="121" WIDTH="17" VPOS="2749" HPOS="2007"/>
                  <String HEIGHT="121"
                          WIDTH="210"
                          VPOS="2749"
                          HPOS="1955"
                          CONTENT="articulo"/>
                  <SP HEIGHT="121" WIDTH="17" VPOS="2749" HPOS="2165"/>
                  <String HEIGHT="121"
                          WIDTH="157"
                          VPOS="2749"
                          HPOS="2112"
                          CONTENT="primo"/>
                  <SP HEIGHT="121" WIDTH="17" VPOS="2749" HPOS="2269"/>
                  <String HEIGHT="121"
                          WIDTH="315"
                          VPOS="2749"
                          HPOS="2217"
                          CONTENT="insufficienter"/>
                  <SP HEIGHT="121" WIDTH="17" VPOS="2749" HPOS="2532"/>
                  <String HEIGHT="121"
                          WIDTH="210"
                          VPOS="2749"
                          HPOS="2479"
                          CONTENT="procedit"/>
                  <SP HEIGHT="121" WIDTH="17" VPOS="2749" HPOS="2689"/>
                  <String HEIGHT="121" WIDTH="35" VPOS="2749" HPOS="2619" CONTENT=""/>
               </TextLine>
               <TextLine ID="r3l34"
                         BASELINE="2948"
                         HEIGHT="133"
                         WIDTH="997"
                         VPOS="2815"
                         HPOS="1673">
                  <String HEIGHT="133"
                          WIDTH="285"
                          VPOS="2815"
                          HPOS="1645"
                          CONTENT="contra"/>
                  <SP HEIGHT="133" WIDTH="28" VPOS="2815" HPOS="1929"/>
                  <String HEIGHT="133"
                          WIDTH="342"
                          VPOS="2815"
                          HPOS="1844"
                          CONTENT="hybincum"/>
                  <SP HEIGHT="133" WIDTH="28" VPOS="2815" HPOS="2186"/>
                  <String HEIGHT="133"
                          WIDTH="228"
                          VPOS="2815"
                          HPOS="2100"
                          CONTENT="quia"/>
                  <SP HEIGHT="133" WIDTH="28" VPOS="2815" HPOS="2328"/>
                  <String HEIGHT="133"
                          WIDTH="228"
                          VPOS="2815"
                          HPOS="2243"
                          CONTENT="ipse"/>
                  <SP HEIGHT="133" WIDTH="28" VPOS="2815" HPOS="2471"/>
                  <String HEIGHT="133"
                          WIDTH="342"
                          VPOS="2815"
                          HPOS="2385"
                          CONTENT="concedit"/>
                  <SP HEIGHT="133" WIDTH="28" VPOS="2815" HPOS="2727"/>
                  <String HEIGHT="133" WIDTH="57" VPOS="2815" HPOS="2613" CONTENT=""/>
               </TextLine>
               <TextLine ID="r3l35"
                         BASELINE="3023"
                         HEIGHT="125"
                         WIDTH="1009"
                         VPOS="2898"
                         HPOS="1664">
                  <String HEIGHT="125"
                          WIDTH="186"
                          VPOS="2898"
                          HPOS="1637"
                          CONTENT="vel"/>
                  <SP HEIGHT="125" WIDTH="27" VPOS="2898" HPOS="1823"/>
                  <String HEIGHT="125"
                          WIDTH="266"
                          VPOS="2898"
                          HPOS="1744"
                          CONTENT="saltem"/>
                  <SP HEIGHT="125" WIDTH="27" VPOS="2898" HPOS="2009"/>
                  <String HEIGHT="125"
                          WIDTH="292"
                          VPOS="2898"
                          HPOS="1930"
                          CONTENT="videtur"/>
                  <SP HEIGHT="125" WIDTH="27" VPOS="2898" HPOS="2222"/>
                  <String HEIGHT="125"
                          WIDTH="345"
                          VPOS="2898"
                          HPOS="2142"
                          CONTENT="concedere"/>
                  <SP HEIGHT="125" WIDTH="27" VPOS="2898" HPOS="2487"/>
                  <String HEIGHT="125"
                          WIDTH="186"
                          VPOS="2898"
                          HPOS="2407"
                          CONTENT="non"/>
                  <SP HEIGHT="125" WIDTH="27" VPOS="2898" HPOS="2593"/>
                  <String HEIGHT="125"
                          WIDTH="212"
                          VPOS="2898"
                          HPOS="2514"
                          CONTENT="esse"/>
                  <SP HEIGHT="125" WIDTH="27" VPOS="2898" HPOS="2726"/>
                  <String HEIGHT="125" WIDTH="53" VPOS="2898" HPOS="2620" CONTENT=""/>
               </TextLine>
               <TextLine ID="r3l36"
                         BASELINE="3106"
                         HEIGHT="134"
                         WIDTH="1031"
                         VPOS="2972"
                         HPOS="1655">
                  <String HEIGHT="134"
                          WIDTH="192"
                          VPOS="2972"
                          HPOS="1631"
                          CONTENT="idem"/>
                  <SP HEIGHT="134" WIDTH="24" VPOS="2972" HPOS="1823"/>
                  <String HEIGHT="134"
                          WIDTH="240"
                          VPOS="2972"
                          HPOS="1751"
                          CONTENT="dicere"/>
                  <SP HEIGHT="134" WIDTH="24" VPOS="2972" HPOS="1991"/>
                  <String HEIGHT="134"
                          WIDTH="240"
                          VPOS="2972"
                          HPOS="1919"
                          CONTENT="falsum"/>
                  <SP HEIGHT="134" WIDTH="24" VPOS="2972" HPOS="2159"/>
                  <String HEIGHT="134"
                          WIDTH="168"
                          VPOS="2972"
                          HPOS="2087"
                          CONTENT="cum"/>
                  <SP HEIGHT="134" WIDTH="24" VPOS="2972" HPOS="2254"/>
                  <String HEIGHT="134"
                          WIDTH="336"
                          VPOS="2972"
                          HPOS="2182"
                          CONTENT="intuitione"/>
                  <SP HEIGHT="134" WIDTH="24" VPOS="2972" HPOS="2518"/>
                  <String HEIGHT="134"
                          WIDTH="288"
                          VPOS="2972"
                          HPOS="2446"
                          CONTENT="fallemia"/>
                  <SP HEIGHT="134" WIDTH="24" VPOS="2972" HPOS="2734"/>
                  <String HEIGHT="134" WIDTH="48" VPOS="2972" HPOS="2638" CONTENT=""/>
               </TextLine>
               <TextLine ID="r3l37"
                         BASELINE="3154"
                         HEIGHT="109"
                         WIDTH="1019"
                         VPOS="3045"
                         HPOS="1664">
                  <String HEIGHT="109"
                          WIDTH="146"
                          VPOS="3045"
                          HPOS="1640"
                          CONTENT="et"/>
                  <SP HEIGHT="109" WIDTH="24" VPOS="3045" HPOS="1785"/>
                  <String HEIGHT="109"
                          WIDTH="243"
                          VPOS="3045"
                          HPOS="1713"
                          CONTENT="dicere"/>
                  <SP HEIGHT="109" WIDTH="24" VPOS="3045" HPOS="1955"/>
                  <String HEIGHT="109"
                          WIDTH="243"
                          VPOS="3045"
                          HPOS="1882"
                          CONTENT="falsum"/>
                  <SP HEIGHT="109" WIDTH="24" VPOS="3045" HPOS="2125"/>
                  <String HEIGHT="109"
                          WIDTH="170"
                          VPOS="3045"
                          HPOS="2052"
                          CONTENT="cum"/>
                  <SP HEIGHT="109" WIDTH="24" VPOS="3045" HPOS="2222"/>
                  <String HEIGHT="109"
                          WIDTH="340"
                          VPOS="3045"
                          HPOS="2149"
                          CONTENT="deordinata"/>
                  <SP HEIGHT="109" WIDTH="24" VPOS="3045" HPOS="2489"/>
                  <String HEIGHT="109"
                          WIDTH="315"
                          VPOS="3045"
                          HPOS="2416"
                          CONTENT="intrinsce"/>
                  <SP HEIGHT="109" WIDTH="24" VPOS="3045" HPOS="2732"/>
                  <String HEIGHT="109" WIDTH="49" VPOS="3045" HPOS="2634" CONTENT=""/>
               </TextLine>
               <TextLine ID="r3l38"
                         BASELINE="3244"
                         HEIGHT="137"
                         WIDTH="1014"
                         VPOS="3107"
                         HPOS="1651">
                  <String HEIGHT="137"
                          WIDTH="320"
                          VPOS="3107"
                          HPOS="1624"
                          CONTENT="fallendi"/>
                  <SP HEIGHT="137" WIDTH="27" VPOS="3107" HPOS="1945"/>
                  <String HEIGHT="137"
                          WIDTH="133"
                          VPOS="3107"
                          HPOS="1864"
                          CONTENT="¶"/>
                  <SP HEIGHT="137" WIDTH="27" VPOS="3107" HPOS="1998"/>
                  <String HEIGHT="137"
                          WIDTH="160"
                          VPOS="3107"
                          HPOS="1918"
                          CONTENT="3m"/>
                  <SP HEIGHT="137" WIDTH="27" VPOS="3107" HPOS="2078"/>
                  <String HEIGHT="137"
                          WIDTH="400"
                          VPOS="3107"
                          HPOS="1998"
                          CONTENT="corollarium"/>
                  <SP HEIGHT="137" WIDTH="27" VPOS="3107" HPOS="2398"/>
                  <String HEIGHT="137"
                          WIDTH="240"
                          VPOS="3107"
                          HPOS="2318"
                          CONTENT="sicut"/>
                  <SP HEIGHT="137" WIDTH="27" VPOS="3107" HPOS="2558"/>
                  <String HEIGHT="137"
                          WIDTH="240"
                          VPOS="3107"
                          HPOS="2478"
                          CONTENT="solus"/>
                  <SP HEIGHT="137" WIDTH="27" VPOS="3107" HPOS="2718"/>
                  <String HEIGHT="137" WIDTH="53" VPOS="3107" HPOS="2612" CONTENT=""/>
               </TextLine>
               <TextLine ID="r3l39"
                         BASELINE="3320"
                         HEIGHT="122"
                         WIDTH="1000"
                         VPOS="3198"
                         HPOS="1655">
                  <String HEIGHT="122"
                          WIDTH="194"
                          VPOS="3198"
                          HPOS="1627"
                          CONTENT="dei"/>
                  <SP HEIGHT="122" WIDTH="28" VPOS="3198" HPOS="1822"/>
                  <String HEIGHT="122"
                          WIDTH="306"
                          VPOS="3198"
                          HPOS="1738"
                          CONTENT="bonitas"/>
                  <SP HEIGHT="122" WIDTH="28" VPOS="3198" HPOS="2044"/>
                  <String HEIGHT="122"
                          WIDTH="472"
                          VPOS="3198"
                          HPOS="1961"
                          CONTENT="exteintnstato"/>
                  <SP HEIGHT="122" WIDTH="28" VPOS="3198" HPOS="2433"/>
                  <String HEIGHT="122"
                          WIDTH="306"
                          VPOS="3198"
                          HPOS="2349"
                          CONTENT="valoris"/>
                  <SP HEIGHT="122" WIDTH="28" VPOS="3198" HPOS="2655"/>
                  <String HEIGHT="122"
                          WIDTH="111"
                          VPOS="3198"
                          HPOS="2544"
                          CONTENT="ex"/>
               </TextLine>
               <TextLine ID="r3l40"
                         BASELINE="3434"
                         HEIGHT="168"
                         WIDTH="1052"
                         VPOS="3266"
                         HPOS="1647">
                  <String HEIGHT="168"
                          WIDTH="301"
                          VPOS="3266"
                          HPOS="1617"
                          CONTENT="cludit"/>
                  <SP HEIGHT="168" WIDTH="30" VPOS="3266" HPOS="1918"/>
                  <String HEIGHT="168"
                          WIDTH="240"
                          VPOS="3266"
                          HPOS="1827"
                          CONTENT="omne"/>
                  <SP HEIGHT="168" WIDTH="30" VPOS="3266" HPOS="2068"/>
                  <String HEIGHT="168"
                          WIDTH="271"
                          VPOS="3266"
                          HPOS="1978"
                          CONTENT="malum"/>
                  <SP HEIGHT="168" WIDTH="30" VPOS="3266" HPOS="2248"/>
                  <String HEIGHT="168"
                          WIDTH="210"
                          VPOS="3266"
                          HPOS="2158"
                          CONTENT="sic"/>
                  <SP HEIGHT="168" WIDTH="30" VPOS="3266" HPOS="2368"/>
                  <String HEIGHT="168"
                          WIDTH="240"
                          VPOS="3266"
                          HPOS="2278"
                          CONTENT="eius"/>
                  <SP HEIGHT="168" WIDTH="30" VPOS="3266" HPOS="2519"/>
                  <String HEIGHT="168"
                          WIDTH="331"
                          VPOS="3266"
                          HPOS="2428"
                          CONTENT="veritas"/>
                  <SP HEIGHT="168" WIDTH="30" VPOS="3266" HPOS="2759"/>
                  <String HEIGHT="168" WIDTH="60" VPOS="3266" HPOS="2639" CONTENT=""/>
               </TextLine>
            </TextBlock>
         </PrintSpace>
      </Page>
   </Layout>
</alto>
