<?xml version="1.0" encoding="UTF-8"?>
<alto xmlns:xsi="http://www.w3.org/2001/XMLSchema-instance"
      xmlns="http://www.loc.gov/standards/alto/ns-v2#"
      xmlns:page="http://schema.primaresearch.org/PAGE/gts/pagecontent/2013-07-15"
      xsi:schemaLocation="http://www.loc.gov/standards/alto/ns-v2# http://www.loc.gov/standards/alto/alto.xsd">
   <Description>
      <MeasurementUnit>pixel</MeasurementUnit>
      <OCRProcessing ID="IdOcr">
         <ocrProcessingStep>
            <processingDateTime>2020-07-06T18:22:37.648-04:00</processingDateTime>
            <processingSoftware>
               <softwareCreator>READ COOP</softwareCreator>
               <softwareName>Transkribus</softwareName>
            </processingSoftware>
         </ocrProcessingStep>
      </OCRProcessing>
   </Description>
   <Tags/>
   <Layout>
      <Page ID="Page1" PHYSICAL_IMG_NR="1" HEIGHT="4346" WIDTH="2964">
         <TopMargin HEIGHT="0" WIDTH="2964" VPOS="0" HPOS="0"/>
         <LeftMargin HEIGHT="4346" WIDTH="0" VPOS="0" HPOS="0"/>
         <RightMargin HEIGHT="4346" WIDTH="0" VPOS="0" HPOS="2964"/>
         <BottomMargin HEIGHT="0" WIDTH="2964" VPOS="4346" HPOS="0"/>
         <PrintSpace HEIGHT="4346" WIDTH="2964" VPOS="0" HPOS="0">
            <TextBlock ID="r2" HEIGHT="3069" WIDTH="1057" VPOS="419" HPOS="242">
               <Shape>
                  <Polygon POINTS="242,419 242,3488 1299,3488 1299,419"/>
               </Shape>
               <TextLine ID="r2l1"
                         BASELINE="541"
                         HEIGHT="149"
                         WIDTH="995"
                         VPOS="392"
                         HPOS="255">
                  <String HEIGHT="149"
                          WIDTH="332"
                          VPOS="392"
                          HPOS="227"
                          CONTENT="excludit"/>
                  <SP HEIGHT="149" WIDTH="28" VPOS="392" HPOS="559"/>
                  <String HEIGHT="149"
                          WIDTH="221"
                          VPOS="392"
                          HPOS="476"
                          CONTENT="omne"/>
                  <SP HEIGHT="149" WIDTH="28" VPOS="392" HPOS="697"/>
                  <String HEIGHT="149"
                          WIDTH="359"
                          VPOS="392"
                          HPOS="614"
                          CONTENT="fallibile"/>
                  <SP HEIGHT="149" WIDTH="28" VPOS="392" HPOS="974"/>
                  <String HEIGHT="149" WIDTH="166" VPOS="392" HPOS="891" CONTENT="et"/>
                  <SP HEIGHT="149" WIDTH="28" VPOS="392" HPOS="1057"/>
                  <String HEIGHT="149"
                          WIDTH="276"
                          VPOS="392"
                          HPOS="974"
                          CONTENT="falsum"/>
                  <SP HEIGHT="149" WIDTH="28" VPOS="392" HPOS="1250"/>
                  <String HEIGHT="149"
                          WIDTH="111"
                          VPOS="392"
                          HPOS="1139"
                          CONTENT="in"/>
               </TextLine>
               <TextLine ID="r2l2"
                         BASELINE="611"
                         HEIGHT="145"
                         WIDTH="1013"
                         VPOS="466"
                         HPOS="244">
                  <String HEIGHT="145"
                          WIDTH="169"
                          VPOS="466"
                          HPOS="223"
                          CONTENT="dium"/>
                  <SP HEIGHT="145" WIDTH="21" VPOS="466" HPOS="392"/>
                  <String HEIGHT="145"
                          WIDTH="190"
                          VPOS="466"
                          HPOS="328"
                          CONTENT="prima"/>
                  <SP HEIGHT="145" WIDTH="21" VPOS="466" HPOS="518"/>
                  <String HEIGHT="145"
                          WIDTH="169"
                          VPOS="466"
                          HPOS="455"
                          CONTENT="pars"/>
                  <SP HEIGHT="145" WIDTH="21" VPOS="466" HPOS="624"/>
                  <String HEIGHT="145"
                          WIDTH="190"
                          VPOS="466"
                          HPOS="561"
                          CONTENT="patet"/>
                  <SP HEIGHT="145" WIDTH="21" VPOS="466" HPOS="751"/>
                  <String HEIGHT="145" WIDTH="127" VPOS="466" HPOS="687" CONTENT="ex"/>
                  <SP HEIGHT="145" WIDTH="21" VPOS="466" HPOS="814"/>
                  <String HEIGHT="145"
                          WIDTH="148"
                          VPOS="466"
                          HPOS="751"
                          CONTENT="2ae"/>
                  <SP HEIGHT="145" WIDTH="21" VPOS="466" HPOS="898"/>
                  <String HEIGHT="145"
                          WIDTH="338"
                          VPOS="466"
                          HPOS="835"
                          CONTENT="conclusionis"/>
                  <SP HEIGHT="145" WIDTH="21" VPOS="466" HPOS="1173"/>
                  <String HEIGHT="145"
                          WIDTH="190"
                          VPOS="466"
                          HPOS="1109"
                          CONTENT="parte"/>
                  <SP HEIGHT="145" WIDTH="21" VPOS="466" HPOS="1299"/>
                  <String HEIGHT="145" WIDTH="42" VPOS="466" HPOS="1215" CONTENT=""/>
               </TextLine>
               <TextLine ID="r2l3"
                         BASELINE="696"
                         HEIGHT="149"
                         WIDTH="1044"
                         VPOS="547"
                         HPOS="245">
                  <String HEIGHT="149" WIDTH="165" VPOS="547" HPOS="218" CONTENT="et"/>
                  <SP HEIGHT="149" WIDTH="27" VPOS="547" HPOS="382"/>
                  <String HEIGHT="149" WIDTH="165" VPOS="547" HPOS="300" CONTENT="2a"/>
                  <SP HEIGHT="149" WIDTH="27" VPOS="547" HPOS="465"/>
                  <String HEIGHT="149"
                          WIDTH="192"
                          VPOS="547"
                          HPOS="382"
                          CONTENT="per"/>
                  <SP HEIGHT="149" WIDTH="27" VPOS="547" HPOS="575"/>
                  <String HEIGHT="149"
                          WIDTH="275"
                          VPOS="547"
                          HPOS="492"
                          CONTENT="primam"/>
                  <SP HEIGHT="149" WIDTH="27" VPOS="547" HPOS="767"/>
                  <String HEIGHT="149"
                          WIDTH="302"
                          VPOS="547"
                          HPOS="685"
                          CONTENT="eiusdem"/>
                  <SP HEIGHT="149" WIDTH="27" VPOS="547" HPOS="987"/>
                  <String HEIGHT="149" WIDTH="165" VPOS="547" HPOS="904" CONTENT="Ex"/>
                  <SP HEIGHT="149" WIDTH="27" VPOS="547" HPOS="1069"/>
                  <String HEIGHT="149"
                          WIDTH="192"
                          VPOS="547"
                          HPOS="987"
                          CONTENT="quo"/>
                  <SP HEIGHT="149" WIDTH="27" VPOS="547" HPOS="1179"/>
                  <String HEIGHT="149"
                          WIDTH="220"
                          VPOS="547"
                          HPOS="1069"
                          CONTENT="respon"/>
               </TextLine>
               <TextLine ID="r2l4"
                         BASELINE="751"
                         HEIGHT="153"
                         WIDTH="1010"
                         VPOS="598"
                         HPOS="244">
                  <String HEIGHT="153"
                          WIDTH="216"
                          VPOS="598"
                          HPOS="220"
                          CONTENT="detur"/>
                  <SP HEIGHT="153" WIDTH="24" VPOS="598" HPOS="436"/>
                  <String HEIGHT="153" WIDTH="144" VPOS="598" HPOS="364" CONTENT="ad"/>
                  <SP HEIGHT="153" WIDTH="24" VPOS="598" HPOS="509"/>
                  <String HEIGHT="153"
                          WIDTH="265"
                          VPOS="598"
                          HPOS="436"
                          CONTENT="patrium"/>
                  <SP HEIGHT="153" WIDTH="24" VPOS="598" HPOS="701"/>
                  <String HEIGHT="153"
                          WIDTH="337"
                          VPOS="598"
                          HPOS="629"
                          CONTENT="suppositum"/>
                  <SP HEIGHT="153" WIDTH="24" VPOS="598" HPOS="965"/>
                  <String HEIGHT="153" WIDTH="144" VPOS="598" HPOS="893" CONTENT="in"/>
                  <SP HEIGHT="153" WIDTH="24" VPOS="598" HPOS="1038"/>
                  <String HEIGHT="153"
                          WIDTH="337"
                          VPOS="598"
                          HPOS="965"
                          CONTENT="quaestione"/>
                  <SP HEIGHT="153" WIDTH="24" VPOS="598" HPOS="1302"/>
                  <String HEIGHT="153" WIDTH="48" VPOS="598" HPOS="1206" CONTENT=""/>
               </TextLine>
               <TextLine ID="r2l5"
                         BASELINE="803"
                         HEIGHT="121"
                         WIDTH="1008"
                         VPOS="682"
                         HPOS="246">
                  <String HEIGHT="121"
                          WIDTH="212"
                          VPOS="682"
                          HPOS="219"
                          CONTENT="quod"/>
                  <SP HEIGHT="121" WIDTH="27" VPOS="682" HPOS="432"/>
                  <String HEIGHT="121"
                          WIDTH="212"
                          VPOS="682"
                          HPOS="352"
                          CONTENT="deus"/>
                  <SP HEIGHT="121" WIDTH="27" VPOS="682" HPOS="564"/>
                  <String HEIGHT="121"
                          WIDTH="186"
                          VPOS="682"
                          HPOS="485"
                          CONTENT="est"/>
                  <SP HEIGHT="121" WIDTH="27" VPOS="682" HPOS="670"/>
                  <String HEIGHT="121"
                          WIDTH="424"
                          VPOS="682"
                          HPOS="591"
                          CONTENT="infallibilis"/>
                  <SP HEIGHT="121" WIDTH="27" VPOS="682" HPOS="1015"/>
                  <String HEIGHT="121"
                          WIDTH="292"
                          VPOS="682"
                          HPOS="936"
                          CONTENT="veritas"/>
                  <SP HEIGHT="121" WIDTH="27" VPOS="682" HPOS="1227"/>
                  <String HEIGHT="121"
                          WIDTH="159"
                          VPOS="682"
                          HPOS="1148"
                          CONTENT="et"/>
                  <SP HEIGHT="121" WIDTH="27" VPOS="682" HPOS="1307"/>
                  <String HEIGHT="121" WIDTH="53" VPOS="682" HPOS="1201" CONTENT=""/>
               </TextLine>
               <TextLine ID="r2l6"
                         BASELINE="883"
                         HEIGHT="109"
                         WIDTH="1038"
                         VPOS="774"
                         HPOS="242">
                  <String HEIGHT="109" WIDTH="195" VPOS="774" HPOS="210" CONTENT="et"/>
                  <SP HEIGHT="109" WIDTH="32" VPOS="774" HPOS="404"/>
                  <String HEIGHT="109"
                          WIDTH="324"
                          VPOS="774"
                          HPOS="307"
                          CONTENT="praura"/>
                  <SP HEIGHT="109" WIDTH="32" VPOS="774" HPOS="631"/>
                  <String HEIGHT="109"
                          WIDTH="260"
                          VPOS="774"
                          HPOS="534"
                          CONTENT="vera"/>
                  <SP HEIGHT="109" WIDTH="32" VPOS="774" HPOS="793"/>
                  <String HEIGHT="109"
                          WIDTH="357"
                          VPOS="774"
                          HPOS="696"
                          CONTENT="bonitas"/>
                  <SP HEIGHT="109" WIDTH="32" VPOS="774" HPOS="1053"/>
                  <String HEIGHT="109" WIDTH="195" VPOS="774" HPOS="956" CONTENT="Et"/>
                  <SP HEIGHT="109" WIDTH="32" VPOS="774" HPOS="1150"/>
                  <String HEIGHT="109"
                          WIDTH="227"
                          VPOS="774"
                          HPOS="1053"
                          CONTENT="hoc"/>
                  <SP HEIGHT="109" WIDTH="32" VPOS="774" HPOS="1280"/>
                  <String HEIGHT="109"
                          WIDTH="130"
                          VPOS="774"
                          HPOS="1150"
                          CONTENT="de"/>
               </TextLine>
               <TextLine ID="r2l7"
                         BASELINE="974"
                         HEIGHT="144"
                         WIDTH="966"
                         VPOS="830"
                         HPOS="257">
                  <String HEIGHT="144"
                          WIDTH="185"
                          VPOS="830"
                          HPOS="236"
                          CONTENT="prima"/>
                  <SP HEIGHT="144" WIDTH="21" VPOS="830" HPOS="421"/>
                  <String HEIGHT="144"
                          WIDTH="308"
                          VPOS="830"
                          HPOS="360"
                          CONTENT="conclusione"/>
                  <SP HEIGHT="144" WIDTH="21" VPOS="830" HPOS="668"/>
                  <String HEIGHT="144"
                          WIDTH="206"
                          VPOS="830"
                          HPOS="606"
                          CONTENT="istius"/>
                  <SP HEIGHT="144" WIDTH="21" VPOS="830" HPOS="812"/>
                  <String HEIGHT="144"
                          WIDTH="308"
                          VPOS="830"
                          HPOS="750"
                          CONTENT="quaestionis"/>
                  <SP HEIGHT="144" WIDTH="21" VPOS="830" HPOS="1059"/>
                  <String HEIGHT="144" WIDTH="103" VPOS="830" HPOS="997" CONTENT="¶"/>
                  <SP HEIGHT="144" WIDTH="21" VPOS="830" HPOS="1100"/>
                  <String HEIGHT="144"
                          WIDTH="226"
                          VPOS="830"
                          HPOS="1038"
                          CONTENT="2oconsr"/>
                  <SP HEIGHT="144" WIDTH="21" VPOS="830" HPOS="1264"/>
                  <String HEIGHT="144" WIDTH="41" VPOS="830" HPOS="1182" CONTENT=""/>
               </TextLine>
               <TextLine ID="r2l8"
                         BASELINE="1043"
                         HEIGHT="127"
                         WIDTH="1007"
                         VPOS="916"
                         HPOS="254">
                  <String HEIGHT="127"
                          WIDTH="252"
                          VPOS="916"
                          HPOS="226"
                          CONTENT="sicut"/>
                  <SP HEIGHT="127" WIDTH="28" VPOS="916" HPOS="478"/>
                  <String HEIGHT="127"
                          WIDTH="224"
                          VPOS="916"
                          HPOS="394"
                          CONTENT="soli"/>
                  <SP HEIGHT="127" WIDTH="28" VPOS="916" HPOS="618"/>
                  <String HEIGHT="127"
                          WIDTH="280"
                          VPOS="916"
                          HPOS="534"
                          CONTENT="primae"/>
                  <SP HEIGHT="127" WIDTH="28" VPOS="916" HPOS="813"/>
                  <String HEIGHT="127"
                          WIDTH="336"
                          VPOS="916"
                          HPOS="730"
                          CONTENT="veritati"/>
                  <SP HEIGHT="127" WIDTH="28" VPOS="916" HPOS="1065"/>
                  <String HEIGHT="127"
                          WIDTH="308"
                          VPOS="916"
                          HPOS="953"
                          CONTENT="correspon"/>
               </TextLine>
               <TextLine ID="r2l9"
                         BASELINE="1107"
                         HEIGHT="111"
                         WIDTH="990"
                         VPOS="996"
                         HPOS="251">
                  <String HEIGHT="111"
                          WIDTH="204"
                          VPOS="996"
                          HPOS="222"
                          CONTENT="det"/>
                  <SP HEIGHT="111" WIDTH="29" VPOS="996" HPOS="426"/>
                  <String HEIGHT="111"
                          WIDTH="349"
                          VPOS="996"
                          HPOS="338"
                          CONTENT="inmensus"/>
                  <SP HEIGHT="111" WIDTH="29" VPOS="996" HPOS="688"/>
                  <String HEIGHT="111"
                          WIDTH="291"
                          VPOS="996"
                          HPOS="600"
                          CONTENT="gradus"/>
                  <SP HEIGHT="111" WIDTH="29" VPOS="996" HPOS="892"/>
                  <String HEIGHT="111"
                          WIDTH="495"
                          VPOS="996"
                          HPOS="804"
                          CONTENT="neccessitatis"/>
                  <SP HEIGHT="111" WIDTH="29" VPOS="996" HPOS="1299"/>
                  <String HEIGHT="111" WIDTH="58" VPOS="996" HPOS="1183" CONTENT=""/>
               </TextLine>
               <TextLine ID="r2l10"
                         BASELINE="1206"
                         HEIGHT="144"
                         WIDTH="1002"
                         VPOS="1062"
                         HPOS="256">
                  <String HEIGHT="144"
                          WIDTH="213"
                          VPOS="1062"
                          HPOS="226"
                          CONTENT="sic"/>
                  <SP HEIGHT="144" WIDTH="30" VPOS="1062" HPOS="438"/>
                  <String HEIGHT="144"
                          WIDTH="182"
                          VPOS="1062"
                          HPOS="347"
                          CONTENT="ei"/>
                  <SP HEIGHT="144" WIDTH="30" VPOS="1062" HPOS="529"/>
                  <String HEIGHT="144"
                          WIDTH="243"
                          VPOS="1062"
                          HPOS="438"
                          CONTENT="soli"/>
                  <SP HEIGHT="144" WIDTH="30" VPOS="1062" HPOS="681"/>
                  <String HEIGHT="144"
                          WIDTH="455"
                          VPOS="1062"
                          HPOS="590"
                          CONTENT="correpundet"/>
                  <SP HEIGHT="144" WIDTH="30" VPOS="1062" HPOS="1045"/>
                  <String HEIGHT="144"
                          WIDTH="364"
                          VPOS="1062"
                          HPOS="954"
                          CONTENT="infinite"/>
                  <SP HEIGHT="144" WIDTH="30" VPOS="1062" HPOS="1319"/>
                  <String HEIGHT="144" WIDTH="61" VPOS="1062" HPOS="1197" CONTENT=""/>
               </TextLine>
               <TextLine ID="r2l11"
                         BASELINE="1273"
                         HEIGHT="135"
                         WIDTH="1008"
                         VPOS="1138"
                         HPOS="256">
                  <String HEIGHT="135"
                          WIDTH="252"
                          VPOS="1138"
                          HPOS="228"
                          CONTENT="fixus"/>
                  <SP HEIGHT="135" WIDTH="28" VPOS="1138" HPOS="480"/>
                  <String HEIGHT="135"
                          WIDTH="280"
                          VPOS="1138"
                          HPOS="396"
                          CONTENT="status"/>
                  <SP HEIGHT="135" WIDTH="28" VPOS="1138" HPOS="676"/>
                  <String HEIGHT="135"
                          WIDTH="336"
                          VPOS="1138"
                          HPOS="592"
                          CONTENT="immutabi"/>
                  <SP HEIGHT="135" WIDTH="28" VPOS="1138" HPOS="928"/>
                  <String HEIGHT="135"
                          WIDTH="364"
                          VPOS="1138"
                          HPOS="844"
                          CONTENT="conclusio"/>
                  <SP HEIGHT="135" WIDTH="28" VPOS="1138" HPOS="1208"/>
                  <String HEIGHT="135"
                          WIDTH="196"
                          VPOS="1138"
                          HPOS="1124"
                          CONTENT="est"/>
                  <SP HEIGHT="135" WIDTH="28" VPOS="1138" HPOS="1320"/>
                  <String HEIGHT="135" WIDTH="56" VPOS="1138" HPOS="1208" CONTENT=""/>
               </TextLine>
               <TextLine ID="r2l12"
                         BASELINE="1344"
                         HEIGHT="112"
                         WIDTH="980"
                         VPOS="1232"
                         HPOS="257">
                  <String HEIGHT="112"
                          WIDTH="200"
                          VPOS="1232"
                          HPOS="239"
                          CONTENT="expissa"/>
                  <SP HEIGHT="112" WIDTH="18" VPOS="1232" HPOS="438"/>
                  <String HEIGHT="112"
                          WIDTH="236"
                          VPOS="1232"
                          HPOS="384"
                          CONTENT="sententia"/>
                  <SP HEIGHT="112" WIDTH="18" VPOS="1232" HPOS="620"/>
                  <String HEIGHT="112"
                          WIDTH="218"
                          VPOS="1232"
                          HPOS="566"
                          CONTENT="magistri"/>
                  <SP HEIGHT="112" WIDTH="18" VPOS="1232" HPOS="783"/>
                  <String HEIGHT="112"
                          WIDTH="163"
                          VPOS="1232"
                          HPOS="729"
                          CONTENT="libro"/>
                  <SP HEIGHT="112" WIDTH="18" VPOS="1232" HPOS="892"/>
                  <String HEIGHT="112"
                          WIDTH="163"
                          VPOS="1232"
                          HPOS="838"
                          CONTENT="primo"/>
                  <SP HEIGHT="112" WIDTH="18" VPOS="1232" HPOS="1001"/>
                  <String HEIGHT="112"
                          WIDTH="290"
                          VPOS="1232"
                          HPOS="947"
                          CONTENT="distinctione"/>
                  <SP HEIGHT="112" WIDTH="18" VPOS="1232" HPOS="1237"/>
                  <String HEIGHT="112" WIDTH="91" VPOS="1232" HPOS="1183" CONTENT="8"/>
                  <SP HEIGHT="112" WIDTH="18" VPOS="1232" HPOS="1273"/>
                  <String HEIGHT="112" WIDTH="36" VPOS="1232" HPOS="1201" CONTENT=""/>
               </TextLine>
               <TextLine ID="r2l13"
                         BASELINE="1432"
                         HEIGHT="127"
                         WIDTH="1037"
                         VPOS="1305"
                         HPOS="245">
                  <String HEIGHT="127"
                          WIDTH="271"
                          VPOS="1305"
                          HPOS="222"
                          CONTENT="capitulo"/>
                  <SP HEIGHT="127" WIDTH="23" VPOS="1305" HPOS="493"/>
                  <String HEIGHT="127" WIDTH="113" VPOS="1305" HPOS="425" CONTENT="4"/>
                  <SP HEIGHT="127" WIDTH="23" VPOS="1305" HPOS="538"/>
                  <String HEIGHT="127"
                          WIDTH="135"
                          VPOS="1305"
                          HPOS="470"
                          CONTENT="Et"/>
                  <SP HEIGHT="127" WIDTH="23" VPOS="1305" HPOS="606"/>
                  <String HEIGHT="127"
                          WIDTH="293"
                          VPOS="1305"
                          HPOS="538"
                          CONTENT="hugolinus"/>
                  <SP HEIGHT="127" WIDTH="23" VPOS="1305" HPOS="831"/>
                  <String HEIGHT="127"
                          WIDTH="203"
                          VPOS="1305"
                          HPOS="763"
                          CONTENT="libro"/>
                  <SP HEIGHT="127" WIDTH="23" VPOS="1305" HPOS="966"/>
                  <String HEIGHT="127"
                          WIDTH="203"
                          VPOS="1305"
                          HPOS="899"
                          CONTENT="primo"/>
                  <SP HEIGHT="127" WIDTH="23" VPOS="1305" HPOS="1102"/>
                  <String HEIGHT="127"
                          WIDTH="135"
                          VPOS="1305"
                          HPOS="1034"
                          CONTENT="de"/>
                  <SP HEIGHT="127" WIDTH="23" VPOS="1305" HPOS="1169"/>
                  <String HEIGHT="127"
                          WIDTH="225"
                          VPOS="1305"
                          HPOS="1102"
                          CONTENT="sacium"/>
                  <SP HEIGHT="127" WIDTH="23" VPOS="1305" HPOS="1327"/>
                  <String HEIGHT="127" WIDTH="45" VPOS="1305" HPOS="1237" CONTENT=""/>
               </TextLine>
               <TextLine ID="r2l14"
                         BASELINE="1503"
                         HEIGHT="111"
                         WIDTH="1003"
                         VPOS="1392"
                         HPOS="251">
                  <String HEIGHT="111"
                          WIDTH="149"
                          VPOS="1392"
                          HPOS="230"
                          CONTENT="tis"/>
                  <SP HEIGHT="111" WIDTH="21" VPOS="1392" HPOS="379"/>
                  <String HEIGHT="111"
                          WIDTH="192"
                          VPOS="1392"
                          HPOS="315"
                          CONTENT="parte"/>
                  <SP HEIGHT="111" WIDTH="21" VPOS="1392" HPOS="507"/>
                  <String HEIGHT="111"
                          WIDTH="128"
                          VPOS="1392"
                          HPOS="443"
                          CONTENT="3a"/>
                  <SP HEIGHT="111" WIDTH="21" VPOS="1392" HPOS="571"/>
                  <String HEIGHT="111"
                          WIDTH="256"
                          VPOS="1392"
                          HPOS="507"
                          CONTENT="capitulo"/>
                  <SP HEIGHT="111" WIDTH="21" VPOS="1392" HPOS="763"/>
                  <String HEIGHT="111"
                          WIDTH="128"
                          VPOS="1392"
                          HPOS="699"
                          CONTENT="13"/>
                  <SP HEIGHT="111" WIDTH="21" VPOS="1392" HPOS="827"/>
                  <String HEIGHT="111"
                          WIDTH="149"
                          VPOS="1392"
                          HPOS="763"
                          CONTENT="ubi"/>
                  <SP HEIGHT="111" WIDTH="21" VPOS="1392" HPOS="913"/>
                  <String HEIGHT="111"
                          WIDTH="277"
                          VPOS="1392"
                          HPOS="849"
                          CONTENT="hugolinus"/>
                  <SP HEIGHT="111" WIDTH="21" VPOS="1392" HPOS="1126"/>
                  <String HEIGHT="111"
                          WIDTH="235"
                          VPOS="1392"
                          HPOS="1062"
                          CONTENT="variari"/>
                  <SP HEIGHT="111" WIDTH="21" VPOS="1392" HPOS="1297"/>
                  <String HEIGHT="111" WIDTH="43" VPOS="1392" HPOS="1211" CONTENT=""/>
               </TextLine>
               <TextLine ID="r2l15"
                         BASELINE="1591"
                         HEIGHT="128"
                         WIDTH="995"
                         VPOS="1463"
                         HPOS="245">
                  <String HEIGHT="128"
                          WIDTH="181"
                          VPOS="1463"
                          HPOS="215"
                          CONTENT="et"/>
                  <SP HEIGHT="128" WIDTH="30" VPOS="1463" HPOS="396"/>
                  <String HEIGHT="128"
                          WIDTH="302"
                          VPOS="1463"
                          HPOS="305"
                          CONTENT="mutari"/>
                  <SP HEIGHT="128" WIDTH="30" VPOS="1463" HPOS="607"/>
                  <String HEIGHT="128"
                          WIDTH="211"
                          VPOS="1463"
                          HPOS="516"
                          CONTENT="non"/>
                  <SP HEIGHT="128" WIDTH="30" VPOS="1463" HPOS="727"/>
                  <String HEIGHT="128"
                          WIDTH="302"
                          VPOS="1463"
                          HPOS="637"
                          CONTENT="potest"/>
                  <SP HEIGHT="128" WIDTH="30" VPOS="1463" HPOS="938"/>
                  <String HEIGHT="128"
                          WIDTH="241"
                          VPOS="1463"
                          HPOS="848"
                          CONTENT="deus"/>
                  <SP HEIGHT="128" WIDTH="30" VPOS="1463" HPOS="1089"/>
                  <String HEIGHT="128"
                          WIDTH="302"
                          VPOS="1463"
                          HPOS="999"
                          CONTENT="omnino"/>
                  <SP HEIGHT="128" WIDTH="30" VPOS="1463" HPOS="1300"/>
                  <String HEIGHT="128" WIDTH="60" VPOS="1463" HPOS="1180" CONTENT=""/>
               </TextLine>
               <TextLine ID="r2l16"
                         BASELINE="1667"
                         HEIGHT="128"
                         WIDTH="1042"
                         VPOS="1539"
                         HPOS="259">
                  <String HEIGHT="128"
                          WIDTH="203"
                          VPOS="1539"
                          HPOS="230"
                          CONTENT="non"/>
                  <SP HEIGHT="128" WIDTH="29" VPOS="1539" HPOS="433"/>
                  <String HEIGHT="128"
                          WIDTH="232"
                          VPOS="1539"
                          HPOS="346"
                          CONTENT="enim"/>
                  <SP HEIGHT="128" WIDTH="29" VPOS="1539" HPOS="577"/>
                  <String HEIGHT="128"
                          WIDTH="289"
                          VPOS="1539"
                          HPOS="491"
                          CONTENT="augeri"/>
                  <SP HEIGHT="128" WIDTH="29" VPOS="1539" HPOS="780"/>
                  <String HEIGHT="128"
                          WIDTH="289"
                          VPOS="1539"
                          HPOS="693"
                          CONTENT="potest"/>
                  <SP HEIGHT="128" WIDTH="29" VPOS="1539" HPOS="983"/>
                  <String HEIGHT="128"
                          WIDTH="203"
                          VPOS="1539"
                          HPOS="896"
                          CONTENT="qui"/>
                  <SP HEIGHT="128" WIDTH="29" VPOS="1539" HPOS="1098"/>
                  <String HEIGHT="128"
                          WIDTH="347"
                          VPOS="1539"
                          HPOS="1012"
                          CONTENT="immensus"/>
                  <SP HEIGHT="128" WIDTH="29" VPOS="1539" HPOS="1359"/>
                  <String HEIGHT="128" WIDTH="58" VPOS="1539" HPOS="1243" CONTENT=""/>
               </TextLine>
               <TextLine ID="r2l17"
                         BASELINE="1739"
                         HEIGHT="124"
                         WIDTH="990"
                         VPOS="1615"
                         HPOS="242">
                  <String HEIGHT="124"
                          WIDTH="217"
                          VPOS="1615"
                          HPOS="211"
                          CONTENT="est"/>
                  <SP HEIGHT="124" WIDTH="31" VPOS="1615" HPOS="428"/>
                  <String HEIGHT="124"
                          WIDTH="217"
                          VPOS="1615"
                          HPOS="335"
                          CONTENT="nec"/>
                  <SP HEIGHT="124" WIDTH="31" VPOS="1615" HPOS="551"/>
                  <String HEIGHT="124"
                          WIDTH="309"
                          VPOS="1615"
                          HPOS="459"
                          CONTENT="minmum"/>
                  <SP HEIGHT="124" WIDTH="31" VPOS="1615" HPOS="768"/>
                  <String HEIGHT="124"
                          WIDTH="340"
                          VPOS="1615"
                          HPOS="675"
                          CONTENT="quoniam"/>
                  <SP HEIGHT="124" WIDTH="31" VPOS="1615" HPOS="1015"/>
                  <String HEIGHT="124"
                          WIDTH="248"
                          VPOS="1615"
                          HPOS="923"
                          CONTENT="unus"/>
                  <SP HEIGHT="124" WIDTH="31" VPOS="1615" HPOS="1170"/>
                  <String HEIGHT="124"
                          WIDTH="217"
                          VPOS="1615"
                          HPOS="1077"
                          CONTENT="est"/>
                  <SP HEIGHT="124" WIDTH="31" VPOS="1615" HPOS="1294"/>
                  <String HEIGHT="124" WIDTH="62" VPOS="1615" HPOS="1170" CONTENT=""/>
               </TextLine>
               <TextLine ID="r2l18"
                         BASELINE="1811"
                         HEIGHT="124"
                         WIDTH="990"
                         VPOS="1687"
                         HPOS="241">
                  <String HEIGHT="124"
                          WIDTH="224"
                          VPOS="1687"
                          HPOS="209"
                          CONTENT="nec"/>
                  <SP HEIGHT="124" WIDTH="32" VPOS="1687" HPOS="433"/>
                  <String HEIGHT="124"
                          WIDTH="255"
                          VPOS="1687"
                          HPOS="337"
                          CONTENT="loco"/>
                  <SP HEIGHT="124" WIDTH="32" VPOS="1687" HPOS="592"/>
                  <String HEIGHT="124"
                          WIDTH="319"
                          VPOS="1687"
                          HPOS="496"
                          CONTENT="mutari"/>
                  <SP HEIGHT="124" WIDTH="32" VPOS="1687" HPOS="816"/>
                  <String HEIGHT="124"
                          WIDTH="224"
                          VPOS="1687"
                          HPOS="720"
                          CONTENT="qui"/>
                  <SP HEIGHT="124" WIDTH="32" VPOS="1687" HPOS="944"/>
                  <String HEIGHT="124"
                          WIDTH="447"
                          VPOS="1687"
                          HPOS="848"
                          CONTENT="vubicumque"/>
                  <SP HEIGHT="124" WIDTH="32" VPOS="1687" HPOS="1295"/>
                  <String HEIGHT="124" WIDTH="64" VPOS="1687" HPOS="1167" CONTENT=""/>
               </TextLine>
               <TextLine ID="r2l19"
                         BASELINE="1881"
                         HEIGHT="122"
                         WIDTH="996"
                         VPOS="1759"
                         HPOS="251">
                  <String HEIGHT="122"
                          WIDTH="194"
                          VPOS="1759"
                          HPOS="223"
                          CONTENT="nec"/>
                  <SP HEIGHT="122" WIDTH="28" VPOS="1759" HPOS="417"/>
                  <String HEIGHT="122"
                          WIDTH="304"
                          VPOS="1759"
                          HPOS="334"
                          CONTENT="tempore"/>
                  <SP HEIGHT="122" WIDTH="28" VPOS="1759" HPOS="638"/>
                  <String HEIGHT="122"
                          WIDTH="194"
                          VPOS="1759"
                          HPOS="555"
                          CONTENT="qui"/>
                  <SP HEIGHT="122" WIDTH="28" VPOS="1759" HPOS="749"/>
                  <String HEIGHT="122"
                          WIDTH="332"
                          VPOS="1759"
                          HPOS="666"
                          CONTENT="aeternus"/>
                  <SP HEIGHT="122" WIDTH="28" VPOS="1759" HPOS="998"/>
                  <String HEIGHT="122"
                          WIDTH="194"
                          VPOS="1759"
                          HPOS="915"
                          CONTENT="est"/>
                  <SP HEIGHT="122" WIDTH="28" VPOS="1759" HPOS="1109"/>
                  <String HEIGHT="122"
                          WIDTH="194"
                          VPOS="1759"
                          HPOS="1026"
                          CONTENT="nec"/>
                  <SP HEIGHT="122" WIDTH="28" VPOS="1759" HPOS="1219"/>
                  <String HEIGHT="122"
                          WIDTH="138"
                          VPOS="1759"
                          HPOS="1109"
                          CONTENT="cog"/>
               </TextLine>
               <TextLine ID="r2l20"
                         BASELINE="1972"
                         HEIGHT="125"
                         WIDTH="989"
                         VPOS="1847"
                         HPOS="259">
                  <String HEIGHT="125"
                          WIDTH="330"
                          VPOS="1847"
                          HPOS="229"
                          CONTENT="nitione"/>
                  <SP HEIGHT="125" WIDTH="30" VPOS="1847" HPOS="559"/>
                  <String HEIGHT="125"
                          WIDTH="210"
                          VPOS="1847"
                          HPOS="469"
                          CONTENT="qui"/>
                  <SP HEIGHT="125" WIDTH="30" VPOS="1847" HPOS="679"/>
                  <String HEIGHT="125"
                          WIDTH="599"
                          VPOS="1847"
                          HPOS="589"
                          CONTENT="scaipientissimus"/>
                  <SP HEIGHT="125" WIDTH="30" VPOS="1847" HPOS="1188"/>
                  <String HEIGHT="125"
                          WIDTH="210"
                          VPOS="1847"
                          HPOS="1098"
                          CONTENT="est"/>
                  <SP HEIGHT="125" WIDTH="30" VPOS="1847" HPOS="1308"/>
                  <String HEIGHT="125" WIDTH="60" VPOS="1847" HPOS="1188" CONTENT=""/>
               </TextLine>
               <TextLine ID="r2l21"
                         BASELINE="2038"
                         HEIGHT="132"
                         WIDTH="999"
                         VPOS="1906"
                         HPOS="245">
                  <String HEIGHT="132"
                          WIDTH="212"
                          VPOS="1906"
                          HPOS="215"
                          CONTENT="nec"/>
                  <SP HEIGHT="132" WIDTH="30" VPOS="1906" HPOS="427"/>
                  <String HEIGHT="132"
                          WIDTH="424"
                          VPOS="1906"
                          HPOS="336"
                          CONTENT="affectione"/>
                  <SP HEIGHT="132" WIDTH="30" VPOS="1906" HPOS="760"/>
                  <String HEIGHT="132"
                          WIDTH="212"
                          VPOS="1906"
                          HPOS="669"
                          CONTENT="qui"/>
                  <SP HEIGHT="132" WIDTH="30" VPOS="1906" HPOS="881"/>
                  <String HEIGHT="132"
                          WIDTH="333"
                          VPOS="1906"
                          HPOS="790"
                          CONTENT="optimus"/>
                  <SP HEIGHT="132" WIDTH="30" VPOS="1906" HPOS="1123"/>
                  <String HEIGHT="132"
                          WIDTH="182"
                          VPOS="1906"
                          HPOS="1032"
                          CONTENT="et"/>
                  <SP HEIGHT="132" WIDTH="30" VPOS="1906" HPOS="1214"/>
                  <String HEIGHT="132"
                          WIDTH="182"
                          VPOS="1906"
                          HPOS="1123"
                          CONTENT="Et"/>
                  <SP HEIGHT="132" WIDTH="30" VPOS="1906" HPOS="1305"/>
                  <String HEIGHT="132" WIDTH="61" VPOS="1906" HPOS="1183" CONTENT=""/>
               </TextLine>
               <TextLine ID="r2l22"
                         BASELINE="2110"
                         HEIGHT="136"
                         WIDTH="1020"
                         VPOS="1974"
                         HPOS="238">
                  <String HEIGHT="136"
                          WIDTH="157"
                          VPOS="1974"
                          HPOS="212"
                          CONTENT="in"/>
                  <SP HEIGHT="136" WIDTH="26" VPOS="1974" HPOS="369"/>
                  <String HEIGHT="136"
                          WIDTH="209"
                          VPOS="1974"
                          HPOS="290"
                          CONTENT="fine"/>
                  <SP HEIGHT="136" WIDTH="26" VPOS="1974" HPOS="500"/>
                  <String HEIGHT="136"
                          WIDTH="314"
                          VPOS="1974"
                          HPOS="421"
                          CONTENT="capitulo"/>
                  <SP HEIGHT="136" WIDTH="26" VPOS="1974" HPOS="735"/>
                  <String HEIGHT="136"
                          WIDTH="157"
                          VPOS="1974"
                          HPOS="656"
                          CONTENT="14"/>
                  <SP HEIGHT="136" WIDTH="26" VPOS="1974" HPOS="813"/>
                  <String HEIGHT="136"
                          WIDTH="183"
                          VPOS="1974"
                          HPOS="735"
                          CONTENT="non"/>
                  <SP HEIGHT="136" WIDTH="26" VPOS="1974" HPOS="918"/>
                  <String HEIGHT="136"
                          WIDTH="366"
                          VPOS="1974"
                          HPOS="840"
                          CONTENT="iuuveritur"/>
                  <SP HEIGHT="136" WIDTH="26" VPOS="1974" HPOS="1206"/>
                  <String HEIGHT="136"
                          WIDTH="157"
                          VPOS="1974"
                          HPOS="1101"
                          CONTENT="muta"/>
               </TextLine>
               <TextLine ID="r2l23"
                         BASELINE="2179"
                         HEIGHT="114"
                         WIDTH="1037"
                         VPOS="2065"
                         HPOS="235">
                  <String HEIGHT="114"
                          WIDTH="317"
                          VPOS="2065"
                          HPOS="206"
                          CONTENT="bilitas"/>
                  <SP HEIGHT="114" WIDTH="29" VPOS="2065" HPOS="523"/>
                  <String HEIGHT="114"
                          WIDTH="173"
                          VPOS="2065"
                          HPOS="437"
                          CONTENT="in"/>
                  <SP HEIGHT="114" WIDTH="29" VPOS="2065" HPOS="609"/>
                  <String HEIGHT="114"
                          WIDTH="173"
                          VPOS="2065"
                          HPOS="523"
                          CONTENT="eo"/>
                  <SP HEIGHT="114" WIDTH="29" VPOS="2065" HPOS="696"/>
                  <String HEIGHT="114"
                          WIDTH="259"
                          VPOS="2065"
                          HPOS="609"
                          CONTENT="nulla"/>
                  <SP HEIGHT="114" WIDTH="29" VPOS="2065" HPOS="869"/>
                  <String HEIGHT="114"
                          WIDTH="202"
                          VPOS="2065"
                          HPOS="782"
                          CONTENT="cum"/>
                  <SP HEIGHT="114" WIDTH="29" VPOS="2065" HPOS="984"/>
                  <String HEIGHT="114"
                          WIDTH="259"
                          VPOS="2065"
                          HPOS="898"
                          CONTENT="omnia"/>
                  <SP HEIGHT="114" WIDTH="29" VPOS="2065" HPOS="1157"/>
                  <String HEIGHT="114"
                          WIDTH="230"
                          VPOS="2065"
                          HPOS="1042"
                          CONTENT="genera"/>
               </TextLine>
               <TextLine ID="r2l24"
                         BASELINE="2271"
                         HEIGHT="129"
                         WIDTH="999"
                         VPOS="2142"
                         HPOS="247">
                  <String HEIGHT="129"
                          WIDTH="531"
                          VPOS="2142"
                          HPOS="216"
                          CONTENT="mutabilitatis"/>
                  <SP HEIGHT="129" WIDTH="31" VPOS="2142" HPOS="747"/>
                  <String HEIGHT="129"
                          WIDTH="312"
                          VPOS="2142"
                          HPOS="653"
                          CONTENT="ferunt"/>
                  <SP HEIGHT="129" WIDTH="31" VPOS="2142" HPOS="965"/>
                  <String HEIGHT="129"
                          WIDTH="437"
                          VPOS="2142"
                          HPOS="871"
                          CONTENT="inconsidet"/>
                  <SP HEIGHT="129" WIDTH="31" VPOS="2142" HPOS="1308"/>
                  <String HEIGHT="129" WIDTH="62" VPOS="2142" HPOS="1184" CONTENT=""/>
               </TextLine>
               <TextLine ID="r2l25"
                         BASELINE="2355"
                         HEIGHT="132"
                         WIDTH="1012"
                         VPOS="2223"
                         HPOS="256">
                  <String HEIGHT="132"
                          WIDTH="294"
                          VPOS="2223"
                          HPOS="223"
                          CONTENT="tione"/>
                  <SP HEIGHT="132" WIDTH="33" VPOS="2223" HPOS="517"/>
                  <String HEIGHT="132"
                          WIDTH="359"
                          VPOS="2223"
                          HPOS="419"
                          CONTENT="adducta"/>
                  <SP HEIGHT="132" WIDTH="33" VPOS="2223" HPOS="778"/>
                  <String HEIGHT="132"
                          WIDTH="261"
                          VPOS="2223"
                          HPOS="680"
                          CONTENT="sive"/>
                  <SP HEIGHT="132" WIDTH="33" VPOS="2223" HPOS="942"/>
                  <String HEIGHT="132"
                          WIDTH="229"
                          VPOS="2223"
                          HPOS="844"
                          CONTENT="qui"/>
                  <SP HEIGHT="132" WIDTH="33" VPOS="2223" HPOS="1072"/>
                  <String HEIGHT="132"
                          WIDTH="326"
                          VPOS="2223"
                          HPOS="942"
                          CONTENT="incorpri"/>
               </TextLine>
               <TextLine ID="r2l26"
                         BASELINE="2421"
                         HEIGHT="136"
                         WIDTH="983"
                         VPOS="2285"
                         HPOS="247">
                  <String HEIGHT="136"
                          WIDTH="160"
                          VPOS="2285"
                          HPOS="224"
                          CONTENT="bus"/>
                  <SP HEIGHT="136" WIDTH="23" VPOS="2285" HPOS="384"/>
                  <String HEIGHT="136"
                          WIDTH="343"
                          VPOS="2285"
                          HPOS="316"
                          CONTENT="inveniuntur"/>
                  <SP HEIGHT="136" WIDTH="23" VPOS="2285" HPOS="658"/>
                  <String HEIGHT="136"
                          WIDTH="183"
                          VPOS="2285"
                          HPOS="590"
                          CONTENT="sive"/>
                  <SP HEIGHT="136" WIDTH="23" VPOS="2285" HPOS="773"/>
                  <String HEIGHT="136"
                          WIDTH="320"
                          VPOS="2285"
                          HPOS="704"
                          CONTENT="quaestione"/>
                  <SP HEIGHT="136" WIDTH="23" VPOS="2285" HPOS="1024"/>
                  <String HEIGHT="136"
                          WIDTH="251"
                          VPOS="2285"
                          HPOS="956"
                          CONTENT="spiritu"/>
                  <SP HEIGHT="136" WIDTH="23" VPOS="2285" HPOS="1207"/>
                  <String HEIGHT="136"
                          WIDTH="114"
                          VPOS="2285"
                          HPOS="1116"
                          CONTENT="coa"/>
               </TextLine>
               <TextLine ID="r2l27"
                         BASELINE="2481"
                         HEIGHT="101"
                         WIDTH="1016"
                         VPOS="2380"
                         HPOS="259">
                  <String HEIGHT="101"
                          WIDTH="222"
                          VPOS="2380"
                          HPOS="227"
                          CONTENT="nam"/>
                  <SP HEIGHT="101" WIDTH="32" VPOS="2380" HPOS="450"/>
                  <String HEIGHT="101"
                          WIDTH="445"
                          VPOS="2380"
                          HPOS="354"
                          CONTENT="contingent"/>
                  <SP HEIGHT="101" WIDTH="32" VPOS="2380" HPOS="799"/>
                  <String HEIGHT="101"
                          WIDTH="191"
                          VPOS="2380"
                          HPOS="704"
                          CONTENT="et"/>
                  <SP HEIGHT="101" WIDTH="32" VPOS="2380" HPOS="894"/>
                  <String HEIGHT="101"
                          WIDTH="349"
                          VPOS="2380"
                          HPOS="799"
                          CONTENT="deducit"/>
                  <SP HEIGHT="101" WIDTH="32" VPOS="2380" HPOS="1148"/>
                  <String HEIGHT="101"
                          WIDTH="286"
                          VPOS="2380"
                          HPOS="1053"
                          CONTENT="istam"/>
                  <SP HEIGHT="101" WIDTH="32" VPOS="2380" HPOS="1339"/>
                  <String HEIGHT="101" WIDTH="64" VPOS="2380" HPOS="1212" CONTENT=""/>
               </TextLine>
               <TextLine ID="r2l28"
                         BASELINE="2580"
                         HEIGHT="139"
                         WIDTH="981"
                         VPOS="2441"
                         HPOS="258">
                  <String HEIGHT="139"
                          WIDTH="349"
                          VPOS="2441"
                          HPOS="236"
                          CONTENT="conclusionem"/>
                  <SP HEIGHT="139" WIDTH="22" VPOS="2441" HPOS="585"/>
                  <String HEIGHT="139"
                          WIDTH="196"
                          VPOS="2441"
                          HPOS="520"
                          CONTENT="usque"/>
                  <SP HEIGHT="139" WIDTH="22" VPOS="2441" HPOS="716"/>
                  <String HEIGHT="139"
                          WIDTH="131"
                          VPOS="2441"
                          HPOS="650"
                          CONTENT="ad"/>
                  <SP HEIGHT="139" WIDTH="22" VPOS="2441" HPOS="781"/>
                  <String HEIGHT="139"
                          WIDTH="218"
                          VPOS="2441"
                          HPOS="716"
                          CONTENT="cartum"/>
                  <SP HEIGHT="139" WIDTH="22" VPOS="2441" HPOS="934"/>
                  <String HEIGHT="139"
                          WIDTH="153"
                          VPOS="2441"
                          HPOS="868"
                          CONTENT="ins"/>
                  <SP HEIGHT="139" WIDTH="22" VPOS="2441" HPOS="1021"/>
                  <String HEIGHT="139"
                          WIDTH="305"
                          VPOS="2441"
                          HPOS="956"
                          CONTENT="excludtiae"/>
                  <SP HEIGHT="139" WIDTH="22" VPOS="2441" HPOS="1261"/>
                  <String HEIGHT="139" WIDTH="65" VPOS="2441" HPOS="1174" CONTENT="/"/>
               </TextLine>
               <TextLine ID="r2l29"
                         BASELINE="2638"
                         HEIGHT="119"
                         WIDTH="1007"
                         VPOS="2519"
                         HPOS="260">
                  <String HEIGHT="119"
                          WIDTH="224"
                          VPOS="2519"
                          HPOS="238"
                          CONTENT="Contra"/>
                  <SP HEIGHT="119" WIDTH="22" VPOS="2519" HPOS="461"/>
                  <String HEIGHT="119"
                          WIDTH="358"
                          VPOS="2519"
                          HPOS="394"
                          CONTENT="conclusionem"/>
                  <SP HEIGHT="119" WIDTH="22" VPOS="2519" HPOS="752"/>
                  <String HEIGHT="119"
                          WIDTH="134"
                          VPOS="2519"
                          HPOS="685"
                          CONTENT="st"/>
                  <SP HEIGHT="119" WIDTH="22" VPOS="2519" HPOS="819"/>
                  <String HEIGHT="119"
                          WIDTH="291"
                          VPOS="2519"
                          HPOS="752"
                          CONTENT="argumenta"/>
                  <SP HEIGHT="119" WIDTH="22" VPOS="2519" HPOS="1043"/>
                  <String HEIGHT="119"
                          WIDTH="201"
                          VPOS="2519"
                          HPOS="976"
                          CONTENT="tacta"/>
                  <SP HEIGHT="119" WIDTH="22" VPOS="2519" HPOS="1177"/>
                  <String HEIGHT="119"
                          WIDTH="134"
                          VPOS="2519"
                          HPOS="1110"
                          CONTENT="in"/>
                  <SP HEIGHT="119" WIDTH="22" VPOS="2519" HPOS="1245"/>
                  <String HEIGHT="119"
                          WIDTH="134"
                          VPOS="2519"
                          HPOS="1177"
                          CONTENT="2o"/>
                  <SP HEIGHT="119" WIDTH="22" VPOS="2519" HPOS="1312"/>
                  <String HEIGHT="119" WIDTH="45" VPOS="2519" HPOS="1222" CONTENT=""/>
               </TextLine>
               <TextLine ID="r2l30"
                         BASELINE="2721"
                         HEIGHT="117"
                         WIDTH="997"
                         VPOS="2604"
                         HPOS="268">
                  <String HEIGHT="117"
                          WIDTH="358"
                          VPOS="2604"
                          HPOS="242"
                          CONTENT="principali"/>
                  <SP HEIGHT="117" WIDTH="26" VPOS="2604" HPOS="600"/>
                  <String HEIGHT="117"
                          WIDTH="179"
                          VPOS="2604"
                          HPOS="524"
                          CONTENT="cum"/>
                  <SP HEIGHT="117" WIDTH="26" VPOS="2604" HPOS="703"/>
                  <String HEIGHT="117"
                          WIDTH="332"
                          VPOS="2604"
                          HPOS="626"
                          CONTENT="dicebatur"/>
                  <SP HEIGHT="117" WIDTH="26" VPOS="2604" HPOS="958"/>
                  <String HEIGHT="117"
                          WIDTH="205"
                          VPOS="2604"
                          HPOS="882"
                          CONTENT="quod"/>
                  <SP HEIGHT="117" WIDTH="26" VPOS="2604" HPOS="1086"/>
                  <String HEIGHT="117"
                          WIDTH="205"
                          VPOS="2604"
                          HPOS="1009"
                          CONTENT="deus"/>
                  <SP HEIGHT="117" WIDTH="26" VPOS="2604" HPOS="1214"/>
                  <String HEIGHT="117"
                          WIDTH="179"
                          VPOS="2604"
                          HPOS="1137"
                          CONTENT="est"/>
                  <SP HEIGHT="117" WIDTH="26" VPOS="2604" HPOS="1316"/>
                  <String HEIGHT="117" WIDTH="51" VPOS="2604" HPOS="1214" CONTENT=""/>
               </TextLine>
               <TextLine ID="r2l31"
                         BASELINE="2800"
                         HEIGHT="140"
                         WIDTH="985"
                         VPOS="2660"
                         HPOS="257">
                  <String HEIGHT="140"
                          WIDTH="328"
                          VPOS="2660"
                          HPOS="232"
                          CONTENT="aliqualis"/>
                  <SP HEIGHT="140" WIDTH="25" VPOS="2660" HPOS="560"/>
                  <String HEIGHT="140"
                          WIDTH="354"
                          VPOS="2660"
                          HPOS="484"
                          CONTENT="intrinsece"/>
                  <SP HEIGHT="140" WIDTH="25" VPOS="2660" HPOS="838"/>
                  <String HEIGHT="140"
                          WIDTH="253"
                          VPOS="2660"
                          HPOS="762"
                          CONTENT="qualis"/>
                  <SP HEIGHT="140" WIDTH="25" VPOS="2660" HPOS="1015"/>
                  <String HEIGHT="140"
                          WIDTH="253"
                          VPOS="2660"
                          HPOS="939"
                          CONTENT="potest"/>
                  <SP HEIGHT="140" WIDTH="25" VPOS="2660" HPOS="1191"/>
                  <String HEIGHT="140"
                          WIDTH="177"
                          VPOS="2660"
                          HPOS="1116"
                          CONTENT="non"/>
                  <SP HEIGHT="140" WIDTH="25" VPOS="2660" HPOS="1293"/>
                  <String HEIGHT="140" WIDTH="51" VPOS="2660" HPOS="1191" CONTENT=""/>
               </TextLine>
               <TextLine ID="r2l32"
                         BASELINE="2880"
                         HEIGHT="131"
                         WIDTH="988"
                         VPOS="2749"
                         HPOS="257">
                  <String HEIGHT="131"
                          WIDTH="282"
                          VPOS="2749"
                          HPOS="222"
                          CONTENT="esse"/>
                  <SP HEIGHT="131" WIDTH="35" VPOS="2749" HPOS="504"/>
                  <String HEIGHT="131"
                          WIDTH="212"
                          VPOS="2749"
                          HPOS="398"
                          CONTENT="2o"/>
                  <SP HEIGHT="131" WIDTH="35" VPOS="2749" HPOS="610"/>
                  <String HEIGHT="131"
                          WIDTH="282"
                          VPOS="2749"
                          HPOS="504"
                          CONTENT="quia"/>
                  <SP HEIGHT="131" WIDTH="35" VPOS="2749" HPOS="786"/>
                  <String HEIGHT="131"
                          WIDTH="423"
                          VPOS="2749"
                          HPOS="680"
                          CONTENT="acquirit"/>
                  <SP HEIGHT="131" WIDTH="35" VPOS="2749" HPOS="1104"/>
                  <String HEIGHT="131"
                          WIDTH="318"
                          VPOS="2749"
                          HPOS="998"
                          CONTENT="locum"/>
                  <SP HEIGHT="131" WIDTH="35" VPOS="2749" HPOS="1316"/>
                  <String HEIGHT="131" WIDTH="71" VPOS="2749" HPOS="1174" CONTENT=""/>
               </TextLine>
               <TextLine ID="r2l33"
                         BASELINE="2970"
                         HEIGHT="129"
                         WIDTH="1021"
                         VPOS="2841"
                         HPOS="244">
                  <String HEIGHT="129" WIDTH="142" VPOS="2841" HPOS="216" CONTENT="3"/>
                  <SP HEIGHT="129" WIDTH="28" VPOS="2841" HPOS="357"/>
                  <String HEIGHT="129"
                          WIDTH="227"
                          VPOS="2841"
                          HPOS="272"
                          CONTENT="quia"/>
                  <SP HEIGHT="129" WIDTH="28" VPOS="2841" HPOS="499"/>
                  <String HEIGHT="129"
                          WIDTH="227"
                          VPOS="2841"
                          HPOS="414"
                          CONTENT="deus"/>
                  <SP HEIGHT="129" WIDTH="28" VPOS="2841" HPOS="641"/>
                  <String HEIGHT="129"
                          WIDTH="312"
                          VPOS="2841"
                          HPOS="556"
                          CONTENT="causaus"/>
                  <SP HEIGHT="129" WIDTH="28" VPOS="2841" HPOS="868"/>
                  <String HEIGHT="129"
                          WIDTH="284"
                          VPOS="2841"
                          HPOS="783"
                          CONTENT="potest"/>
                  <SP HEIGHT="129" WIDTH="28" VPOS="2841" HPOS="1066"/>
                  <String HEIGHT="129"
                          WIDTH="199"
                          VPOS="2841"
                          HPOS="981"
                          CONTENT="non"/>
                  <SP HEIGHT="129" WIDTH="28" VPOS="2841" HPOS="1180"/>
                  <String HEIGHT="129"
                          WIDTH="227"
                          VPOS="2841"
                          HPOS="1095"
                          CONTENT="esse"/>
                  <SP HEIGHT="129" WIDTH="28" VPOS="2841" HPOS="1322"/>
                  <String HEIGHT="129" WIDTH="57" VPOS="2841" HPOS="1208" CONTENT=""/>
               </TextLine>
               <TextLine ID="r2l34"
                         BASELINE="3051"
                         HEIGHT="136"
                         WIDTH="1026"
                         VPOS="2915"
                         HPOS="248">
                  <String HEIGHT="136"
                          WIDTH="162"
                          VPOS="2915"
                          HPOS="221"
                          CONTENT="Ad"/>
                  <SP HEIGHT="136" WIDTH="27" VPOS="2915" HPOS="383"/>
                  <String HEIGHT="136"
                          WIDTH="216"
                          VPOS="2915"
                          HPOS="302"
                          CONTENT="ista"/>
                  <SP HEIGHT="136" WIDTH="27" VPOS="2915" HPOS="518"/>
                  <String HEIGHT="136"
                          WIDTH="351"
                          VPOS="2915"
                          HPOS="437"
                          CONTENT="respondeo"/>
                  <SP HEIGHT="136" WIDTH="27" VPOS="2915" HPOS="788"/>
                  <String HEIGHT="136"
                          WIDTH="297"
                          VPOS="2915"
                          HPOS="707"
                          CONTENT="negando"/>
                  <SP HEIGHT="136" WIDTH="27" VPOS="2915" HPOS="1004"/>
                  <String HEIGHT="136"
                          WIDTH="270"
                          VPOS="2915"
                          HPOS="923"
                          CONTENT="primum"/>
                  <SP HEIGHT="136" WIDTH="27" VPOS="2915" HPOS="1193"/>
                  <String HEIGHT="136"
                          WIDTH="216"
                          VPOS="2915"
                          HPOS="1112"
                          CONTENT="nisi"/>
                  <SP HEIGHT="136" WIDTH="27" VPOS="2915" HPOS="1328"/>
                  <String HEIGHT="136" WIDTH="54" VPOS="2915" HPOS="1220" CONTENT=""/>
               </TextLine>
               <TextLine ID="r2l35"
                         BASELINE="3119"
                         HEIGHT="128"
                         WIDTH="979"
                         VPOS="2991"
                         HPOS="255">
                  <String HEIGHT="128"
                          WIDTH="245"
                          VPOS="2991"
                          HPOS="233"
                          CONTENT="taliter"/>
                  <SP HEIGHT="128" WIDTH="22" VPOS="2991" HPOS="478"/>
                  <String HEIGHT="128"
                          WIDTH="178"
                          VPOS="2991"
                          HPOS="411"
                          CONTENT="esse"/>
                  <SP HEIGHT="128" WIDTH="22" VPOS="2991" HPOS="589"/>
                  <String HEIGHT="128"
                          WIDTH="223"
                          VPOS="2991"
                          HPOS="522"
                          CONTENT="habeat"/>
                  <SP HEIGHT="128" WIDTH="22" VPOS="2991" HPOS="745"/>
                  <String HEIGHT="128"
                          WIDTH="156"
                          VPOS="2991"
                          HPOS="678"
                          CONTENT="per"/>
                  <SP HEIGHT="128" WIDTH="22" VPOS="2991" HPOS="834"/>
                  <String HEIGHT="128"
                          WIDTH="245"
                          VPOS="2991"
                          HPOS="767"
                          CONTENT="aliquod"/>
                  <SP HEIGHT="128" WIDTH="22" VPOS="2991" HPOS="1012"/>
                  <String HEIGHT="128"
                          WIDTH="334"
                          VPOS="2991"
                          HPOS="945"
                          CONTENT="extrinsecum"/>
                  <SP HEIGHT="128" WIDTH="22" VPOS="2991" HPOS="1279"/>
                  <String HEIGHT="128" WIDTH="45" VPOS="2991" HPOS="1190" CONTENT=""/>
               </TextLine>
               <TextLine ID="r2l36"
                         BASELINE="3191"
                         HEIGHT="140"
                         WIDTH="1010"
                         VPOS="3051"
                         HPOS="266">
                  <String HEIGHT="140"
                          WIDTH="269"
                          VPOS="3051"
                          HPOS="244"
                          CONTENT="respieum"/>
                  <SP HEIGHT="140" WIDTH="22" VPOS="3051" HPOS="513"/>
                  <String HEIGHT="140"
                          WIDTH="224"
                          VPOS="3051"
                          HPOS="446"
                          CONTENT="quonia"/>
                  <SP HEIGHT="140" WIDTH="22" VPOS="3051" HPOS="670"/>
                  <String HEIGHT="140"
                          WIDTH="292"
                          VPOS="3051"
                          HPOS="603"
                          CONTENT="respectus"/>
                  <SP HEIGHT="140" WIDTH="22" VPOS="3051" HPOS="894"/>
                  <String HEIGHT="140"
                          WIDTH="180"
                          VPOS="3051"
                          HPOS="827"
                          CONTENT="sine"/>
                  <SP HEIGHT="140" WIDTH="22" VPOS="3051" HPOS="1007"/>
                  <String HEIGHT="140"
                          WIDTH="157"
                          VPOS="3051"
                          HPOS="939"
                          CONTENT="sui"/>
                  <SP HEIGHT="140" WIDTH="22" VPOS="3051" HPOS="1096"/>
                  <String HEIGHT="140"
                          WIDTH="292"
                          VPOS="3051"
                          HPOS="1029"
                          CONTENT="mutatione"/>
                  <SP HEIGHT="140" WIDTH="22" VPOS="3051" HPOS="1321"/>
                  <String HEIGHT="140" WIDTH="45" VPOS="3051" HPOS="1231" CONTENT=""/>
               </TextLine>
               <TextLine ID="r2l37"
                         BASELINE="3279"
                         HEIGHT="139"
                         WIDTH="1041"
                         VPOS="3140"
                         HPOS="266">
                  <String HEIGHT="139"
                          WIDTH="242"
                          VPOS="3140"
                          HPOS="242"
                          CONTENT="potest"/>
                  <SP HEIGHT="139" WIDTH="24" VPOS="3140" HPOS="484"/>
                  <String HEIGHT="139"
                          WIDTH="169"
                          VPOS="3140"
                          HPOS="411"
                          CONTENT="non"/>
                  <SP HEIGHT="139" WIDTH="24" VPOS="3140" HPOS="581"/>
                  <String HEIGHT="139"
                          WIDTH="194"
                          VPOS="3140"
                          HPOS="508"
                          CONTENT="esse"/>
                  <SP HEIGHT="139" WIDTH="24" VPOS="3140" HPOS="702"/>
                  <String HEIGHT="139" WIDTH="121" VPOS="3140" HPOS="629" CONTENT="¶"/>
                  <SP HEIGHT="139" WIDTH="24" VPOS="3140" HPOS="750"/>
                  <String HEIGHT="139" WIDTH="121" VPOS="3140" HPOS="678" CONTENT="d"/>
                  <SP HEIGHT="139" WIDTH="24" VPOS="3140" HPOS="799"/>
                  <String HEIGHT="139"
                          WIDTH="145"
                          VPOS="3140"
                          HPOS="726"
                          CONTENT="2m"/>
                  <SP HEIGHT="139" WIDTH="24" VPOS="3140" HPOS="871"/>
                  <String HEIGHT="139"
                          WIDTH="242"
                          VPOS="3140"
                          HPOS="799"
                          CONTENT="potest"/>
                  <SP HEIGHT="139" WIDTH="24" VPOS="3140" HPOS="1041"/>
                  <String HEIGHT="139"
                          WIDTH="194"
                          VPOS="3140"
                          HPOS="968"
                          CONTENT="dici"/>
                  <SP HEIGHT="139" WIDTH="24" VPOS="3140" HPOS="1162"/>
                  <String HEIGHT="139"
                          WIDTH="169"
                          VPOS="3140"
                          HPOS="1089"
                          CONTENT="uno"/>
                  <SP HEIGHT="139" WIDTH="24" VPOS="3140" HPOS="1259"/>
                  <String HEIGHT="139"
                          WIDTH="169"
                          VPOS="3140"
                          HPOS="1186"
                          CONTENT="mdo"/>
                  <SP HEIGHT="139" WIDTH="24" VPOS="3140" HPOS="1355"/>
                  <String HEIGHT="139" WIDTH="48" VPOS="3140" HPOS="1259" CONTENT=""/>
               </TextLine>
               <TextLine ID="r2l38"
                         BASELINE="3361"
                         HEIGHT="138"
                         WIDTH="1007"
                         VPOS="3223"
                         HPOS="270">
                  <String HEIGHT="138"
                          WIDTH="172"
                          VPOS="3223"
                          HPOS="245"
                          CONTENT="sed"/>
                  <SP HEIGHT="138" WIDTH="25" VPOS="3223" HPOS="417"/>
                  <String HEIGHT="138"
                          WIDTH="295"
                          VPOS="3223"
                          HPOS="344"
                          CONTENT="doctorem"/>
                  <SP HEIGHT="138" WIDTH="25" VPOS="3223" HPOS="638"/>
                  <String HEIGHT="138"
                          WIDTH="319"
                          VPOS="3223"
                          HPOS="565"
                          CONTENT="profundum"/>
                  <SP HEIGHT="138" WIDTH="25" VPOS="3223" HPOS="884"/>
                  <String HEIGHT="138"
                          WIDTH="172"
                          VPOS="3223"
                          HPOS="810"
                          CONTENT="lib"/>
                  <SP HEIGHT="138" WIDTH="25" VPOS="3223" HPOS="982"/>
                  <String HEIGHT="138"
                          WIDTH="221"
                          VPOS="3223"
                          HPOS="909"
                          CONTENT="primo"/>
                  <SP HEIGHT="138" WIDTH="25" VPOS="3223" HPOS="1130"/>
                  <String HEIGHT="138"
                          WIDTH="270"
                          VPOS="3223"
                          HPOS="1056"
                          CONTENT="capitlo"/>
                  <SP HEIGHT="138" WIDTH="25" VPOS="3223" HPOS="1326"/>
                  <String HEIGHT="138" WIDTH="49" VPOS="3223" HPOS="1228" CONTENT=""/>
               </TextLine>
               <TextLine ID="r2l39"
                         BASELINE="3433"
                         HEIGHT="130"
                         WIDTH="1016"
                         VPOS="3303"
                         HPOS="260">
                  <String HEIGHT="130" WIDTH="108" VPOS="3303" HPOS="238" CONTENT="5"/>
                  <SP HEIGHT="130" WIDTH="22" VPOS="3303" HPOS="346"/>
                  <String HEIGHT="130"
                          WIDTH="303"
                          VPOS="3303"
                          HPOS="282"
                          CONTENT="corollario"/>
                  <SP HEIGHT="130" WIDTH="22" VPOS="3303" HPOS="584"/>
                  <String HEIGHT="130"
                          WIDTH="130"
                          VPOS="3303"
                          HPOS="519"
                          CONTENT="2o"/>
                  <SP HEIGHT="130" WIDTH="22" VPOS="3303" HPOS="649"/>
                  <String HEIGHT="130"
                          WIDTH="173"
                          VPOS="3303"
                          HPOS="584"
                          CONTENT="quod"/>
                  <SP HEIGHT="130" WIDTH="22" VPOS="3303" HPOS="757"/>
                  <String HEIGHT="130"
                          WIDTH="173"
                          VPOS="3303"
                          HPOS="692"
                          CONTENT="deus"/>
                  <SP HEIGHT="130" WIDTH="22" VPOS="3303" HPOS="865"/>
                  <String HEIGHT="130"
                          WIDTH="346"
                          VPOS="3303"
                          HPOS="800"
                          CONTENT="aeternaliter"/>
                  <SP HEIGHT="130" WIDTH="22" VPOS="3303" HPOS="1146"/>
                  <String HEIGHT="130"
                          WIDTH="173"
                          VPOS="3303"
                          HPOS="1081"
                          CONTENT="fuit"/>
                  <SP HEIGHT="130" WIDTH="22" VPOS="3303" HPOS="1254"/>
                  <String HEIGHT="130"
                          WIDTH="130"
                          VPOS="3303"
                          HPOS="1190"
                          CONTENT="in"/>
                  <SP HEIGHT="130" WIDTH="22" VPOS="3303" HPOS="1319"/>
                  <String HEIGHT="130" WIDTH="43" VPOS="3303" HPOS="1233" CONTENT=""/>
               </TextLine>
               <TextLine ID="r2l40"
                         BASELINE="3517"
                         HEIGHT="152"
                         WIDTH="1043"
                         VPOS="3365"
                         HPOS="264">
                  <String HEIGHT="152"
                          WIDTH="348"
                          VPOS="3365"
                          HPOS="235"
                          CONTENT="spriacio"/>
                  <SP HEIGHT="152" WIDTH="29" VPOS="3365" HPOS="583"/>
                  <String HEIGHT="152"
                          WIDTH="406"
                          VPOS="3365"
                          HPOS="496"
                          CONTENT="ymaginario"/>
                  <SP HEIGHT="152" WIDTH="29" VPOS="3365" HPOS="901"/>
                  <String HEIGHT="152"
                          WIDTH="319"
                          VPOS="3365"
                          HPOS="814"
                          CONTENT="immenso"/>
                  <SP HEIGHT="152" WIDTH="29" VPOS="3365" HPOS="1133"/>
                  <String HEIGHT="152"
                          WIDTH="174"
                          VPOS="3365"
                          HPOS="1046"
                          CONTENT="et"/>
                  <SP HEIGHT="152" WIDTH="29" VPOS="3365" HPOS="1220"/>
                  <String HEIGHT="152"
                          WIDTH="232"
                          VPOS="3365"
                          HPOS="1133"
                          CONTENT="nunc"/>
                  <SP HEIGHT="152" WIDTH="29" VPOS="3365" HPOS="1365"/>
                  <String HEIGHT="152" WIDTH="58" VPOS="3365" HPOS="1249" CONTENT=""/>
               </TextLine>
            </TextBlock>
            <TextBlock ID="r3" HEIGHT="3051" WIDTH="1116" VPOS="426" HPOS="1409">
               <Shape>
                  <Polygon POINTS="1409,426 1409,3477 2525,3477 2525,426"/>
               </Shape>
               <TextLine ID="r3l1"
                         BASELINE="508"
                         HEIGHT="137"
                         WIDTH="1023"
                         VPOS="371"
                         HPOS="1429">
                  <String HEIGHT="137"
                          WIDTH="199"
                          VPOS="371"
                          HPOS="1401"
                          CONTENT="est"/>
                  <SP HEIGHT="137" WIDTH="28" VPOS="371" HPOS="1599"/>
                  <String HEIGHT="137"
                          WIDTH="256"
                          VPOS="371"
                          HPOS="1514"
                          CONTENT="extra"/>
                  <SP HEIGHT="137" WIDTH="28" VPOS="371" HPOS="1770"/>
                  <String HEIGHT="137"
                          WIDTH="227"
                          VPOS="371"
                          HPOS="1685"
                          CONTENT="node"/>
                  <SP HEIGHT="137" WIDTH="28" VPOS="371" HPOS="1912"/>
                  <String HEIGHT="137"
                          WIDTH="227"
                          VPOS="371"
                          HPOS="1827"
                          CONTENT="ideo"/>
                  <SP HEIGHT="137" WIDTH="28" VPOS="371" HPOS="2054"/>
                  <String HEIGHT="137"
                          WIDTH="284"
                          VPOS="371"
                          HPOS="1969"
                          CONTENT="nullum"/>
                  <SP HEIGHT="137" WIDTH="28" VPOS="371" HPOS="2253"/>
                  <String HEIGHT="137"
                          WIDTH="341"
                          VPOS="371"
                          HPOS="2168"
                          CONTENT="acquirit"/>
                  <SP HEIGHT="137" WIDTH="28" VPOS="371" HPOS="2509"/>
                  <String HEIGHT="137" WIDTH="57" VPOS="371" HPOS="2395" CONTENT=""/>
               </TextLine>
               <TextLine ID="r3l2"
                         BASELINE="592"
                         HEIGHT="100"
                         WIDTH="1049"
                         VPOS="492"
                         HPOS="1431">
                  <String HEIGHT="100"
                          WIDTH="221"
                          VPOS="492"
                          HPOS="1403"
                          CONTENT="vide"/>
                  <SP HEIGHT="100" WIDTH="28" VPOS="492" HPOS="1624"/>
                  <String HEIGHT="100"
                          WIDTH="386"
                          VPOS="492"
                          HPOS="1541"
                          CONTENT="augustinus"/>
                  <SP HEIGHT="100" WIDTH="28" VPOS="492" HPOS="1928"/>
                  <String HEIGHT="100"
                          WIDTH="166"
                          VPOS="492"
                          HPOS="1845"
                          CONTENT="de"/>
                  <SP HEIGHT="100" WIDTH="28" VPOS="492" HPOS="2011"/>
                  <String HEIGHT="100"
                          WIDTH="359"
                          VPOS="492"
                          HPOS="1928"
                          CONTENT="speriatio"/>
                  <SP HEIGHT="100" WIDTH="28" VPOS="492" HPOS="2287"/>
                  <String HEIGHT="100"
                          WIDTH="193"
                          VPOS="492"
                          HPOS="2204"
                          CONTENT="hoc"/>
                  <SP HEIGHT="100" WIDTH="28" VPOS="492" HPOS="2397"/>
                  <String HEIGHT="100"
                          WIDTH="193"
                          VPOS="492"
                          HPOS="2287"
                          CONTENT="ymagi"/>
               </TextLine>
               <TextLine ID="r3l3"
                         BASELINE="666"
                         HEIGHT="113"
                         WIDTH="1107"
                         VPOS="553"
                         HPOS="1425">
                  <String HEIGHT="113"
                          WIDTH="199"
                          VPOS="553"
                          HPOS="1403"
                          CONTENT="nario"/>
                  <SP HEIGHT="113" WIDTH="22" VPOS="553" HPOS="1602"/>
                  <String HEIGHT="113"
                          WIDTH="133"
                          VPOS="553"
                          HPOS="1536"
                          CONTENT="11"/>
                  <SP HEIGHT="113" WIDTH="22" VPOS="553" HPOS="1669"/>
                  <String HEIGHT="113"
                          WIDTH="133"
                          VPOS="553"
                          HPOS="1602"
                          CONTENT="de"/>
                  <SP HEIGHT="113" WIDTH="22" VPOS="553" HPOS="1735"/>
                  <String HEIGHT="113"
                          WIDTH="244"
                          VPOS="553"
                          HPOS="1669"
                          CONTENT="civitat"/>
                  <SP HEIGHT="113" WIDTH="22" VPOS="553" HPOS="1912"/>
                  <String HEIGHT="113"
                          WIDTH="155"
                          VPOS="553"
                          HPOS="1846"
                          CONTENT="dei"/>
                  <SP HEIGHT="113" WIDTH="22" VPOS="553" HPOS="2001"/>
                  <String HEIGHT="113"
                          WIDTH="266"
                          VPOS="553"
                          HPOS="1934"
                          CONTENT="capitulo"/>
                  <SP HEIGHT="113" WIDTH="22" VPOS="553" HPOS="2200"/>
                  <String HEIGHT="113"
                          WIDTH="133"
                          VPOS="553"
                          HPOS="2133"
                          CONTENT="15"/>
                  <SP HEIGHT="113" WIDTH="22" VPOS="553" HPOS="2266"/>
                  <String HEIGHT="113"
                          WIDTH="155"
                          VPOS="553"
                          HPOS="2200"
                          CONTENT="sed"/>
                  <SP HEIGHT="113" WIDTH="22" VPOS="553" HPOS="2355"/>
                  <String HEIGHT="113"
                          WIDTH="288"
                          VPOS="553"
                          HPOS="2288"
                          CONTENT="oppositum"/>
                  <SP HEIGHT="113" WIDTH="22" VPOS="553" HPOS="2576"/>
                  <String HEIGHT="113" WIDTH="44" VPOS="553" HPOS="2488" CONTENT=""/>
               </TextLine>
               <TextLine ID="r3l4"
                         BASELINE="747"
                         HEIGHT="110"
                         WIDTH="1030"
                         VPOS="637"
                         HPOS="1421">
                  <String HEIGHT="110"
                          WIDTH="216"
                          VPOS="637"
                          HPOS="1397"
                          CONTENT="huius"/>
                  <SP HEIGHT="110" WIDTH="24" VPOS="637" HPOS="1613"/>
                  <String HEIGHT="110"
                          WIDTH="216"
                          VPOS="637"
                          HPOS="1541"
                          CONTENT="tenet"/>
                  <SP HEIGHT="110" WIDTH="24" VPOS="637" HPOS="1756"/>
                  <String HEIGHT="110"
                          WIDTH="240"
                          VPOS="637"
                          HPOS="1684"
                          CONTENT="scotus"/>
                  <SP HEIGHT="110" WIDTH="24" VPOS="637" HPOS="1924"/>
                  <String HEIGHT="110"
                          WIDTH="144"
                          VPOS="637"
                          HPOS="1852"
                          CONTENT="in"/>
                  <SP HEIGHT="110" WIDTH="24" VPOS="637" HPOS="1996"/>
                  <String HEIGHT="110"
                          WIDTH="192"
                          VPOS="637"
                          HPOS="1924"
                          CONTENT="ista"/>
                  <SP HEIGHT="110" WIDTH="24" VPOS="637" HPOS="2116"/>
                  <String HEIGHT="110"
                          WIDTH="144"
                          VPOS="637"
                          HPOS="2044"
                          CONTENT="37"/>
                  <SP HEIGHT="110" WIDTH="24" VPOS="637" HPOS="2188"/>
                  <String HEIGHT="110"
                          WIDTH="383"
                          VPOS="637"
                          HPOS="2116"
                          CONTENT="distinctione"/>
                  <SP HEIGHT="110" WIDTH="24" VPOS="637" HPOS="2499"/>
                  <String HEIGHT="110" WIDTH="48" VPOS="637" HPOS="2403" CONTENT=""/>
               </TextLine>
               <TextLine ID="r3l5"
                         BASELINE="818"
                         HEIGHT="121"
                         WIDTH="1038"
                         VPOS="697"
                         HPOS="1427">
                  <String HEIGHT="121"
                          WIDTH="181"
                          VPOS="697"
                          HPOS="1404"
                          CONTENT="ideo"/>
                  <SP HEIGHT="121" WIDTH="23" VPOS="697" HPOS="1585"/>
                  <String HEIGHT="121"
                          WIDTH="181"
                          VPOS="697"
                          HPOS="1517"
                          CONTENT="alio"/>
                  <SP HEIGHT="121" WIDTH="23" VPOS="697" HPOS="1698"/>
                  <String HEIGHT="121"
                          WIDTH="181"
                          VPOS="697"
                          HPOS="1630"
                          CONTENT="modo"/>
                  <SP HEIGHT="121" WIDTH="23" VPOS="697" HPOS="1811"/>
                  <String HEIGHT="121"
                          WIDTH="226"
                          VPOS="697"
                          HPOS="1743"
                          CONTENT="potest"/>
                  <SP HEIGHT="121" WIDTH="23" VPOS="697" HPOS="1969"/>
                  <String HEIGHT="121"
                          WIDTH="181"
                          VPOS="697"
                          HPOS="1901"
                          CONTENT="dici"/>
                  <SP HEIGHT="121" WIDTH="23" VPOS="697" HPOS="2081"/>
                  <String HEIGHT="121"
                          WIDTH="181"
                          VPOS="697"
                          HPOS="2014"
                          CONTENT="quod"/>
                  <SP HEIGHT="121" WIDTH="23" VPOS="697" HPOS="2194"/>
                  <String HEIGHT="121"
                          WIDTH="135"
                          VPOS="697"
                          HPOS="2127"
                          CONTENT="si"/>
                  <SP HEIGHT="121" WIDTH="23" VPOS="697" HPOS="2262"/>
                  <String HEIGHT="121"
                          WIDTH="316"
                          VPOS="697"
                          HPOS="2194"
                          CONTENT="acquiratur"/>
                  <SP HEIGHT="121" WIDTH="23" VPOS="697" HPOS="2510"/>
                  <String HEIGHT="121" WIDTH="45" VPOS="697" HPOS="2420" CONTENT=""/>
               </TextLine>
               <TextLine ID="r3l6"
                         BASELINE="885"
                         HEIGHT="113"
                         WIDTH="1057"
                         VPOS="772"
                         HPOS="1424">
                  <String HEIGHT="113"
                          WIDTH="257"
                          VPOS="772"
                          HPOS="1395"
                          CONTENT="locum"/>
                  <SP HEIGHT="113" WIDTH="29" VPOS="772" HPOS="1653"/>
                  <String HEIGHT="113"
                          WIDTH="200"
                          VPOS="772"
                          HPOS="1567"
                          CONTENT="hoc"/>
                  <SP HEIGHT="113" WIDTH="29" VPOS="772" HPOS="1767"/>
                  <String HEIGHT="113"
                          WIDTH="200"
                          VPOS="772"
                          HPOS="1681"
                          CONTENT="non"/>
                  <SP HEIGHT="113" WIDTH="29" VPOS="772" HPOS="1881"/>
                  <String HEIGHT="113"
                          WIDTH="200"
                          VPOS="772"
                          HPOS="1795"
                          CONTENT="sit"/>
                  <SP HEIGHT="113" WIDTH="29" VPOS="772" HPOS="1995"/>
                  <String HEIGHT="113"
                          WIDTH="200"
                          VPOS="772"
                          HPOS="1910"
                          CONTENT="per"/>
                  <SP HEIGHT="113" WIDTH="29" VPOS="772" HPOS="2110"/>
                  <String HEIGHT="113"
                          WIDTH="200"
                          VPOS="772"
                          HPOS="2024"
                          CONTENT="sui"/>
                  <SP HEIGHT="113" WIDTH="29" VPOS="772" HPOS="2224"/>
                  <String HEIGHT="113"
                          WIDTH="400"
                          VPOS="772"
                          HPOS="2138"
                          CONTENT="mutationem"/>
                  <SP HEIGHT="113" WIDTH="29" VPOS="772" HPOS="2538"/>
                  <String HEIGHT="113" WIDTH="57" VPOS="772" HPOS="2424" CONTENT=""/>
               </TextLine>
               <TextLine ID="r3l7"
                         BASELINE="959"
                         HEIGHT="113"
                         WIDTH="1068"
                         VPOS="846"
                         HPOS="1425">
                  <String HEIGHT="113"
                          WIDTH="178"
                          VPOS="846"
                          HPOS="1400"
                          CONTENT="sed"/>
                  <SP HEIGHT="113" WIDTH="25" VPOS="846" HPOS="1578"/>
                  <String HEIGHT="113"
                          WIDTH="178"
                          VPOS="846"
                          HPOS="1501"
                          CONTENT="per"/>
                  <SP HEIGHT="113" WIDTH="25" VPOS="846" HPOS="1679"/>
                  <String HEIGHT="113"
                          WIDTH="203"
                          VPOS="846"
                          HPOS="1603"
                          CONTENT="loci"/>
                  <SP HEIGHT="113" WIDTH="25" VPOS="846" HPOS="1806"/>
                  <String HEIGHT="113"
                          WIDTH="203"
                          VPOS="846"
                          HPOS="1730"
                          CONTENT="nova"/>
                  <SP HEIGHT="113" WIDTH="25" VPOS="846" HPOS="1934"/>
                  <String HEIGHT="113"
                          WIDTH="356"
                          VPOS="846"
                          HPOS="1857"
                          CONTENT="creatiorem"/>
                  <SP HEIGHT="113" WIDTH="25" VPOS="846" HPOS="2213"/>
                  <String HEIGHT="113"
                          WIDTH="178"
                          VPOS="846"
                          HPOS="2137"
                          CONTENT="vel"/>
                  <SP HEIGHT="113" WIDTH="25" VPOS="846" HPOS="2315"/>
                  <String HEIGHT="113"
                          WIDTH="305"
                          VPOS="846"
                          HPOS="2239"
                          CONTENT="factonem"/>
                  <SP HEIGHT="113" WIDTH="25" VPOS="846" HPOS="2544"/>
                  <String HEIGHT="113" WIDTH="51" VPOS="846" HPOS="2442" CONTENT=""/>
               </TextLine>
               <TextLine ID="r3l8"
                         BASELINE="1030"
                         HEIGHT="114"
                         WIDTH="1036"
                         VPOS="916"
                         HPOS="1434">
                  <String HEIGHT="114" WIDTH="130" VPOS="916" HPOS="1408" CONTENT="¶"/>
                  <SP HEIGHT="114" WIDTH="26" VPOS="916" HPOS="1538"/>
                  <String HEIGHT="114"
                          WIDTH="155"
                          VPOS="916"
                          HPOS="1460"
                          CONTENT="3o"/>
                  <SP HEIGHT="114" WIDTH="26" VPOS="916" HPOS="1615"/>
                  <String HEIGHT="114"
                          WIDTH="337"
                          VPOS="916"
                          HPOS="1538"
                          CONTENT="diceretur"/>
                  <SP HEIGHT="114" WIDTH="26" VPOS="916" HPOS="1874"/>
                  <String HEIGHT="114"
                          WIDTH="155"
                          VPOS="916"
                          HPOS="1797"
                          CONTENT="2m"/>
                  <SP HEIGHT="114" WIDTH="26" VPOS="916" HPOS="1952"/>
                  <String HEIGHT="114"
                          WIDTH="285"
                          VPOS="916"
                          HPOS="1874"
                          CONTENT="quosdet"/>
                  <SP HEIGHT="114" WIDTH="26" VPOS="916" HPOS="2159"/>
                  <String HEIGHT="114"
                          WIDTH="207"
                          VPOS="916"
                          HPOS="2082"
                          CONTENT="quod"/>
                  <SP HEIGHT="114" WIDTH="26" VPOS="916" HPOS="2289"/>
                  <String HEIGHT="114"
                          WIDTH="207"
                          VPOS="916"
                          HPOS="2211"
                          CONTENT="deus"/>
                  <SP HEIGHT="114" WIDTH="26" VPOS="916" HPOS="2418"/>
                  <String HEIGHT="114"
                          WIDTH="155"
                          VPOS="916"
                          HPOS="2315"
                          CONTENT="bene"/>
               </TextLine>
               <TextLine ID="r3l9"
                         BASELINE="1087"
                         HEIGHT="106"
                         WIDTH="1043"
                         VPOS="981"
                         HPOS="1429">
                  <String HEIGHT="106"
                          WIDTH="348"
                          VPOS="981"
                          HPOS="1400"
                          CONTENT="acquirit"/>
                  <SP HEIGHT="106" WIDTH="29" VPOS="981" HPOS="1748"/>
                  <String HEIGHT="106"
                          WIDTH="261"
                          VPOS="981"
                          HPOS="1661"
                          CONTENT="locum"/>
                  <SP HEIGHT="106" WIDTH="29" VPOS="981" HPOS="1922"/>
                  <String HEIGHT="106"
                          WIDTH="203"
                          VPOS="981"
                          HPOS="1835"
                          CONTENT="sed"/>
                  <SP HEIGHT="106" WIDTH="29" VPOS="981" HPOS="2037"/>
                  <String HEIGHT="106"
                          WIDTH="203"
                          VPOS="981"
                          HPOS="1951"
                          CONTENT="non"/>
                  <SP HEIGHT="106" WIDTH="29" VPOS="981" HPOS="2153"/>
                  <String HEIGHT="106"
                          WIDTH="232"
                          VPOS="981"
                          HPOS="2066"
                          CONTENT="situ"/>
                  <SP HEIGHT="106" WIDTH="29" VPOS="981" HPOS="2298"/>
                  <String HEIGHT="106" WIDTH="145" VPOS="981" HPOS="2211" CONTENT="¶"/>
                  <SP HEIGHT="106" WIDTH="29" VPOS="981" HPOS="2356"/>
                  <String HEIGHT="106"
                          WIDTH="174"
                          VPOS="981"
                          HPOS="2269"
                          CONTENT="ad"/>
                  <SP HEIGHT="106" WIDTH="29" VPOS="981" HPOS="2443"/>
                  <String HEIGHT="106"
                          WIDTH="174"
                          VPOS="981"
                          HPOS="2356"
                          CONTENT="3m"/>
                  <SP HEIGHT="106" WIDTH="29" VPOS="981" HPOS="2530"/>
                  <String HEIGHT="106" WIDTH="58" VPOS="981" HPOS="2414" CONTENT=""/>
               </TextLine>
               <TextLine ID="r3l10"
                         BASELINE="1141"
                         HEIGHT="93"
                         WIDTH="1070"
                         VPOS="1048"
                         HPOS="1427">
                  <String HEIGHT="93"
                          WIDTH="195"
                          VPOS="1048"
                          HPOS="1403"
                          CONTENT="nego"/>
                  <SP HEIGHT="93" WIDTH="24" VPOS="1048" HPOS="1597"/>
                  <String HEIGHT="93"
                          WIDTH="365"
                          VPOS="1048"
                          HPOS="1524"
                          CONTENT="simpliciter"/>
                  <SP HEIGHT="93" WIDTH="24" VPOS="1048" HPOS="1889"/>
                  <String HEIGHT="93"
                          WIDTH="316"
                          VPOS="1048"
                          HPOS="1816"
                          CONTENT="assumptum"/>
                  <SP HEIGHT="93" WIDTH="24" VPOS="1048" HPOS="2132"/>
                  <String HEIGHT="93"
                          WIDTH="170"
                          VPOS="1048"
                          HPOS="2059"
                          CONTENT="cum"/>
                  <SP HEIGHT="93" WIDTH="24" VPOS="1048" HPOS="2230"/>
                  <String HEIGHT="93"
                          WIDTH="268"
                          VPOS="1048"
                          HPOS="2157"
                          CONTENT="dicitur"/>
                  <SP HEIGHT="93" WIDTH="24" VPOS="1048" HPOS="2424"/>
                  <String HEIGHT="93"
                          WIDTH="195"
                          VPOS="1048"
                          HPOS="2351"
                          CONTENT="deus"/>
                  <SP HEIGHT="93" WIDTH="24" VPOS="1048" HPOS="2546"/>
                  <String HEIGHT="93" WIDTH="49" VPOS="1048" HPOS="2448" CONTENT=""/>
               </TextLine>
               <TextLine ID="r3l11"
                         BASELINE="1234"
                         HEIGHT="106"
                         WIDTH="1032"
                         VPOS="1128"
                         HPOS="1419">
                  <String HEIGHT="106"
                          WIDTH="252"
                          VPOS="1128"
                          HPOS="1394"
                          CONTENT="potest"/>
                  <SP HEIGHT="106" WIDTH="25" VPOS="1128" HPOS="1646"/>
                  <String HEIGHT="106"
                          WIDTH="327"
                          VPOS="1128"
                          HPOS="1570"
                          CONTENT="incipiere"/>
                  <SP HEIGHT="106" WIDTH="25" VPOS="1128" HPOS="1897"/>
                  <String HEIGHT="106"
                          WIDTH="151"
                          VPOS="1128"
                          HPOS="1822"
                          CONTENT="et"/>
                  <SP HEIGHT="106" WIDTH="25" VPOS="1128" HPOS="1973"/>
                  <String HEIGHT="106"
                          WIDTH="302"
                          VPOS="1128"
                          HPOS="1897"
                          CONTENT="desivere"/>
                  <SP HEIGHT="106" WIDTH="25" VPOS="1128" HPOS="2199"/>
                  <String HEIGHT="106"
                          WIDTH="201"
                          VPOS="1128"
                          HPOS="2124"
                          CONTENT="esse"/>
                  <SP HEIGHT="106" WIDTH="25" VPOS="1128" HPOS="2325"/>
                  <String HEIGHT="106"
                          WIDTH="151"
                          VPOS="1128"
                          HPOS="2250"
                          CONTENT="et"/>
                  <SP HEIGHT="106" WIDTH="25" VPOS="1128" HPOS="2401"/>
                  <String HEIGHT="106"
                          WIDTH="176"
                          VPOS="1128"
                          HPOS="2325"
                          CONTENT="cum"/>
                  <SP HEIGHT="106" WIDTH="25" VPOS="1128" HPOS="2501"/>
                  <String HEIGHT="106" WIDTH="50" VPOS="1128" HPOS="2401" CONTENT=""/>
               </TextLine>
               <TextLine ID="r3l12"
                         BASELINE="1303"
                         HEIGHT="115"
                         WIDTH="1060"
                         VPOS="1188"
                         HPOS="1416">
                  <String HEIGHT="115"
                          WIDTH="344"
                          VPOS="1188"
                          HPOS="1387"
                          CONTENT="probatur"/>
                  <SP HEIGHT="115" WIDTH="29" VPOS="1188" HPOS="1731"/>
                  <String HEIGHT="115"
                          WIDTH="229"
                          VPOS="1188"
                          HPOS="1645"
                          CONTENT="quia"/>
                  <SP HEIGHT="115" WIDTH="29" VPOS="1188" HPOS="1874"/>
                  <String HEIGHT="115"
                          WIDTH="229"
                          VPOS="1188"
                          HPOS="1788"
                          CONTENT="deus"/>
                  <SP HEIGHT="115" WIDTH="29" VPOS="1188" HPOS="2018"/>
                  <String HEIGHT="115"
                          WIDTH="286"
                          VPOS="1188"
                          HPOS="1932"
                          CONTENT="creans"/>
                  <SP HEIGHT="115" WIDTH="29" VPOS="1188" HPOS="2218"/>
                  <String HEIGHT="115"
                          WIDTH="286"
                          VPOS="1188"
                          HPOS="2132"
                          CONTENT="potest"/>
                  <SP HEIGHT="115" WIDTH="29" VPOS="1188" HPOS="2419"/>
                  <String HEIGHT="115"
                          WIDTH="172"
                          VPOS="1188"
                          HPOS="2304"
                          CONTENT="inci"/>
               </TextLine>
               <TextLine ID="r3l13"
                         BASELINE="1391"
                         HEIGHT="137"
                         WIDTH="1071"
                         VPOS="1254"
                         HPOS="1411">
                  <String HEIGHT="137"
                          WIDTH="207"
                          VPOS="1254"
                          HPOS="1376"
                          CONTENT="pe"/>
                  <SP HEIGHT="137" WIDTH="35" VPOS="1254" HPOS="1584"/>
                  <String HEIGHT="137"
                          WIDTH="276"
                          VPOS="1254"
                          HPOS="1480"
                          CONTENT="esse"/>
                  <SP HEIGHT="137" WIDTH="35" VPOS="1254" HPOS="1756"/>
                  <String HEIGHT="137"
                          WIDTH="276"
                          VPOS="1254"
                          HPOS="1653"
                          CONTENT="nego"/>
                  <SP HEIGHT="137" WIDTH="35" VPOS="1254" HPOS="1929"/>
                  <String HEIGHT="137"
                          WIDTH="311"
                          VPOS="1254"
                          HPOS="1826"
                          CONTENT="illud"/>
                  <SP HEIGHT="137" WIDTH="35" VPOS="1254" HPOS="2137"/>
                  <String HEIGHT="137"
                          WIDTH="518"
                          VPOS="1254"
                          HPOS="2033"
                          CONTENT="simpliciter"/>
                  <SP HEIGHT="137" WIDTH="35" VPOS="1254" HPOS="2551"/>
                  <String HEIGHT="137" WIDTH="69" VPOS="1254" HPOS="2413" CONTENT=""/>
               </TextLine>
               <TextLine ID="r3l14"
                         BASELINE="1434"
                         HEIGHT="106"
                         WIDTH="1032"
                         VPOS="1328"
                         HPOS="1425">
                  <String HEIGHT="106"
                          WIDTH="217"
                          VPOS="1328"
                          HPOS="1398"
                          CONTENT="dico"/>
                  <SP HEIGHT="106" WIDTH="27" VPOS="1328" HPOS="1615"/>
                  <String HEIGHT="106"
                          WIDTH="217"
                          VPOS="1328"
                          HPOS="1534"
                          CONTENT="quod"/>
                  <SP HEIGHT="106" WIDTH="27" VPOS="1328" HPOS="1751"/>
                  <String HEIGHT="106"
                          WIDTH="217"
                          VPOS="1328"
                          HPOS="1669"
                          CONTENT="deus"/>
                  <SP HEIGHT="106" WIDTH="27" VPOS="1328" HPOS="1887"/>
                  <String HEIGHT="106"
                          WIDTH="299"
                          VPOS="1328"
                          HPOS="1805"
                          CONTENT="carsans"/>
                  <SP HEIGHT="106" WIDTH="27" VPOS="1328" HPOS="2104"/>
                  <String HEIGHT="106"
                          WIDTH="190"
                          VPOS="1328"
                          HPOS="2022"
                          CONTENT="nec"/>
                  <SP HEIGHT="106" WIDTH="27" VPOS="1328" HPOS="2213"/>
                  <String HEIGHT="106"
                          WIDTH="272"
                          VPOS="1328"
                          HPOS="2131"
                          CONTENT="potest"/>
                  <SP HEIGHT="106" WIDTH="27" VPOS="1328" HPOS="2403"/>
                  <String HEIGHT="106"
                          WIDTH="163"
                          VPOS="1328"
                          HPOS="2294"
                          CONTENT="inci"/>
               </TextLine>
               <TextLine ID="r3l15"
                         BASELINE="1532"
                         HEIGHT="127"
                         WIDTH="1056"
                         VPOS="1405"
                         HPOS="1426">
                  <String HEIGHT="127"
                          WIDTH="167"
                          VPOS="1405"
                          HPOS="1398"
                          CONTENT="pe"/>
                  <SP HEIGHT="127" WIDTH="28" VPOS="1405" HPOS="1565"/>
                  <String HEIGHT="127"
                          WIDTH="222"
                          VPOS="1405"
                          HPOS="1482"
                          CONTENT="esse"/>
                  <SP HEIGHT="127" WIDTH="28" VPOS="1405" HPOS="1704"/>
                  <String HEIGHT="127"
                          WIDTH="195"
                          VPOS="1405"
                          HPOS="1621"
                          CONTENT="nec"/>
                  <SP HEIGHT="127" WIDTH="28" VPOS="1405" HPOS="1815"/>
                  <String HEIGHT="127"
                          WIDTH="167"
                          VPOS="1405"
                          HPOS="1732"
                          CONTENT="de"/>
                  <SP HEIGHT="127" WIDTH="28" VPOS="1405" HPOS="1898"/>
                  <String HEIGHT="127"
                          WIDTH="278"
                          VPOS="1405"
                          HPOS="1815"
                          CONTENT="sinere"/>
                  <SP HEIGHT="127" WIDTH="28" VPOS="1405" HPOS="2093"/>
                  <String HEIGHT="127"
                          WIDTH="222"
                          VPOS="1405"
                          HPOS="2010"
                          CONTENT="esse"/>
                  <SP HEIGHT="127" WIDTH="28" VPOS="1405" HPOS="2232"/>
                  <String HEIGHT="127"
                          WIDTH="250"
                          VPOS="1405"
                          HPOS="2149"
                          CONTENT="ratio"/>
                  <SP HEIGHT="127" WIDTH="28" VPOS="1405" HPOS="2399"/>
                  <String HEIGHT="127"
                          WIDTH="222"
                          VPOS="1405"
                          HPOS="2315"
                          CONTENT="quia"/>
                  <SP HEIGHT="127" WIDTH="28" VPOS="1405" HPOS="2538"/>
                  <String HEIGHT="127" WIDTH="56" VPOS="1405" HPOS="2426" CONTENT=""/>
               </TextLine>
               <TextLine ID="r3l16"
                         BASELINE="1585"
                         HEIGHT="103"
                         WIDTH="1034"
                         VPOS="1482"
                         HPOS="1438">
                  <String HEIGHT="103"
                          WIDTH="213"
                          VPOS="1482"
                          HPOS="1408"
                          CONTENT="nec"/>
                  <SP HEIGHT="103" WIDTH="30" VPOS="1482" HPOS="1620"/>
                  <String HEIGHT="103"
                          WIDTH="243"
                          VPOS="1482"
                          HPOS="1529"
                          CONTENT="deus"/>
                  <SP HEIGHT="103" WIDTH="30" VPOS="1482" HPOS="1773"/>
                  <String HEIGHT="103"
                          WIDTH="213"
                          VPOS="1482"
                          HPOS="1681"
                          CONTENT="qui"/>
                  <SP HEIGHT="103" WIDTH="30" VPOS="1482" HPOS="1894"/>
                  <String HEIGHT="103"
                          WIDTH="213"
                          VPOS="1482"
                          HPOS="1803"
                          CONTENT="est"/>
                  <SP HEIGHT="103" WIDTH="30" VPOS="1482" HPOS="2016"/>
                  <String HEIGHT="103"
                          WIDTH="335"
                          VPOS="1482"
                          HPOS="1925"
                          CONTENT="carsans"/>
                  <SP HEIGHT="103" WIDTH="30" VPOS="1482" HPOS="2259"/>
                  <String HEIGHT="103"
                          WIDTH="213"
                          VPOS="1482"
                          HPOS="2168"
                          CONTENT="nec"/>
                  <SP HEIGHT="103" WIDTH="30" VPOS="1482" HPOS="2381"/>
                  <String HEIGHT="103"
                          WIDTH="243"
                          VPOS="1482"
                          HPOS="2290"
                          CONTENT="deus"/>
                  <SP HEIGHT="103" WIDTH="30" VPOS="1482" HPOS="2533"/>
                  <String HEIGHT="103" WIDTH="61" VPOS="1482" HPOS="2411" CONTENT=""/>
               </TextLine>
               <TextLine ID="r3l17"
                         BASELINE="1668"
                         HEIGHT="124"
                         WIDTH="1068"
                         VPOS="1544"
                         HPOS="1415">
                  <String HEIGHT="124"
                          WIDTH="174"
                          VPOS="1544"
                          HPOS="1390"
                          CONTENT="qui"/>
                  <SP HEIGHT="124" WIDTH="25" VPOS="1544" HPOS="1564"/>
                  <String HEIGHT="124"
                          WIDTH="248"
                          VPOS="1544"
                          HPOS="1490"
                          CONTENT="potest"/>
                  <SP HEIGHT="124" WIDTH="25" VPOS="1544" HPOS="1738"/>
                  <String HEIGHT="124"
                          WIDTH="199"
                          VPOS="1544"
                          HPOS="1663"
                          CONTENT="esse"/>
                  <SP HEIGHT="124" WIDTH="25" VPOS="1544" HPOS="1862"/>
                  <String HEIGHT="124"
                          WIDTH="248"
                          VPOS="1544"
                          HPOS="1788"
                          CONTENT="creans"/>
                  <SP HEIGHT="124" WIDTH="25" VPOS="1544" HPOS="2036"/>
                  <String HEIGHT="124"
                          WIDTH="248"
                          VPOS="1544"
                          HPOS="1961"
                          CONTENT="potest"/>
                  <SP HEIGHT="124" WIDTH="25" VPOS="1544" HPOS="2210"/>
                  <String HEIGHT="124"
                          WIDTH="174"
                          VPOS="1544"
                          HPOS="2135"
                          CONTENT="non"/>
                  <SP HEIGHT="124" WIDTH="25" VPOS="1544" HPOS="2309"/>
                  <String HEIGHT="124"
                          WIDTH="199"
                          VPOS="1544"
                          HPOS="2235"
                          CONTENT="esse"/>
                  <SP HEIGHT="124" WIDTH="25" VPOS="1544" HPOS="2433"/>
                  <String HEIGHT="124"
                          WIDTH="174"
                          VPOS="1544"
                          HPOS="2359"
                          CONTENT="nec"/>
                  <SP HEIGHT="124" WIDTH="25" VPOS="1544" HPOS="2533"/>
                  <String HEIGHT="124" WIDTH="50" VPOS="1544" HPOS="2433" CONTENT=""/>
               </TextLine>
               <TextLine ID="r3l18"
                         BASELINE="1748"
                         HEIGHT="135"
                         WIDTH="1037"
                         VPOS="1613"
                         HPOS="1423">
                  <String HEIGHT="135"
                          WIDTH="148"
                          VPOS="1613"
                          HPOS="1398"
                          CONTENT="de"/>
                  <SP HEIGHT="135" WIDTH="25" VPOS="1613" HPOS="1546"/>
                  <String HEIGHT="135"
                          WIDTH="198"
                          VPOS="1613"
                          HPOS="1472"
                          CONTENT="sive"/>
                  <SP HEIGHT="135" WIDTH="25" VPOS="1613" HPOS="1670"/>
                  <String HEIGHT="135"
                          WIDTH="198"
                          VPOS="1613"
                          HPOS="1596"
                          CONTENT="esse"/>
                  <SP HEIGHT="135" WIDTH="25" VPOS="1613" HPOS="1793"/>
                  <String HEIGHT="135"
                          WIDTH="247"
                          VPOS="1613"
                          HPOS="1719"
                          CONTENT="igitur"/>
                  <SP HEIGHT="135" WIDTH="25" VPOS="1613" HPOS="1966"/>
                  <String HEIGHT="135"
                          WIDTH="173"
                          VPOS="1613"
                          HPOS="1892"
                          CONTENT="etc"/>
                  <SP HEIGHT="135" WIDTH="25" VPOS="1613" HPOS="2065"/>
                  <String HEIGHT="135"
                          WIDTH="123"
                          VPOS="1613"
                          HPOS="1991"
                          CONTENT="¶"/>
                  <SP HEIGHT="135" WIDTH="25" VPOS="1613" HPOS="2114"/>
                  <String HEIGHT="135"
                          WIDTH="173"
                          VPOS="1613"
                          HPOS="2040"
                          CONTENT="sed"/>
                  <SP HEIGHT="135" WIDTH="25" VPOS="1613" HPOS="2213"/>
                  <String HEIGHT="135"
                          WIDTH="247"
                          VPOS="1613"
                          HPOS="2139"
                          CONTENT="contra"/>
                  <SP HEIGHT="135" WIDTH="25" VPOS="1613" HPOS="2386"/>
                  <String HEIGHT="135"
                          WIDTH="198"
                          VPOS="1613"
                          HPOS="2312"
                          CONTENT="ista"/>
                  <SP HEIGHT="135" WIDTH="25" VPOS="1613" HPOS="2509"/>
                  <String HEIGHT="135" WIDTH="49" VPOS="1613" HPOS="2411" CONTENT=""/>
               </TextLine>
               <TextLine ID="r3l19"
                         BASELINE="1804"
                         HEIGHT="112"
                         WIDTH="1054"
                         VPOS="1692"
                         HPOS="1415">
                  <String HEIGHT="112"
                          WIDTH="301"
                          VPOS="1692"
                          HPOS="1390"
                          CONTENT="arguitur"/>
                  <SP HEIGHT="112" WIDTH="25" VPOS="1692" HPOS="1691"/>
                  <String HEIGHT="112"
                          WIDTH="226"
                          VPOS="1692"
                          HPOS="1616"
                          CONTENT="primo"/>
                  <SP HEIGHT="112" WIDTH="25" VPOS="1692" HPOS="1842"/>
                  <String HEIGHT="112"
                          WIDTH="251"
                          VPOS="1692"
                          HPOS="1766"
                          CONTENT="contra"/>
                  <SP HEIGHT="112" WIDTH="25" VPOS="1692" HPOS="2017"/>
                  <String HEIGHT="112"
                          WIDTH="301"
                          VPOS="1692"
                          HPOS="1942"
                          CONTENT="rationem"/>
                  <SP HEIGHT="112" WIDTH="25" VPOS="1692" HPOS="2243"/>
                  <String HEIGHT="112"
                          WIDTH="226"
                          VPOS="1692"
                          HPOS="2168"
                          CONTENT="primo"/>
                  <SP HEIGHT="112" WIDTH="25" VPOS="1692" HPOS="2394"/>
                  <String HEIGHT="112"
                          WIDTH="201"
                          VPOS="1692"
                          HPOS="2318"
                          CONTENT="quia"/>
                  <SP HEIGHT="112" WIDTH="25" VPOS="1692" HPOS="2519"/>
                  <String HEIGHT="112" WIDTH="50" VPOS="1692" HPOS="2419" CONTENT=""/>
               </TextLine>
               <TextLine ID="r3l20"
                         BASELINE="1890"
                         HEIGHT="131"
                         WIDTH="1022"
                         VPOS="1759"
                         HPOS="1408">
                  <String HEIGHT="131"
                          WIDTH="249"
                          VPOS="1759"
                          HPOS="1383"
                          CONTENT="cthyma"/>
                  <SP HEIGHT="131" WIDTH="25" VPOS="1759" HPOS="1632"/>
                  <String HEIGHT="131"
                          WIDTH="249"
                          VPOS="1759"
                          HPOS="1558"
                          CONTENT="potest"/>
                  <SP HEIGHT="131" WIDTH="25" VPOS="1759" HPOS="1807"/>
                  <String HEIGHT="131"
                          WIDTH="174"
                          VPOS="1759"
                          HPOS="1732"
                          CONTENT="non"/>
                  <SP HEIGHT="131" WIDTH="25" VPOS="1759" HPOS="1907"/>
                  <String HEIGHT="131"
                          WIDTH="199"
                          VPOS="1759"
                          HPOS="1832"
                          CONTENT="esse"/>
                  <SP HEIGHT="131" WIDTH="25" VPOS="1759" HPOS="2031"/>
                  <String HEIGHT="131"
                          WIDTH="150"
                          VPOS="1759"
                          HPOS="1956"
                          CONTENT="et"/>
                  <SP HEIGHT="131" WIDTH="25" VPOS="1759" HPOS="2106"/>
                  <String HEIGHT="131"
                          WIDTH="224"
                          VPOS="1759"
                          HPOS="2031"
                          CONTENT="tamen"/>
                  <SP HEIGHT="131" WIDTH="25" VPOS="1759" HPOS="2256"/>
                  <String HEIGHT="131"
                          WIDTH="174"
                          VPOS="1759"
                          HPOS="2181"
                          CONTENT="nec"/>
                  <SP HEIGHT="131" WIDTH="25" VPOS="1759" HPOS="2355"/>
                  <String HEIGHT="131"
                          WIDTH="199"
                          VPOS="1759"
                          HPOS="2280"
                          CONTENT="cthy"/>
                  <SP HEIGHT="131" WIDTH="25" VPOS="1759" HPOS="2480"/>
                  <String HEIGHT="131" WIDTH="50" VPOS="1759" HPOS="2380" CONTENT=""/>
               </TextLine>
               <TextLine ID="r3l21"
                         BASELINE="1974"
                         HEIGHT="143"
                         WIDTH="1047"
                         VPOS="1831"
                         HPOS="1431">
                  <String HEIGHT="143"
                          WIDTH="262"
                          VPOS="1831"
                          HPOS="1402"
                          CONTENT="neira"/>
                  <SP HEIGHT="143" WIDTH="29" VPOS="1831" HPOS="1664"/>
                  <String HEIGHT="143"
                          WIDTH="233"
                          VPOS="1831"
                          HPOS="1576"
                          CONTENT="quae"/>
                  <SP HEIGHT="143" WIDTH="29" VPOS="1831" HPOS="1809"/>
                  <String HEIGHT="143"
                          WIDTH="204"
                          VPOS="1831"
                          HPOS="1722"
                          CONTENT="est"/>
                  <SP HEIGHT="143" WIDTH="29" VPOS="1831" HPOS="1925"/>
                  <String HEIGHT="143"
                          WIDTH="175"
                          VPOS="1831"
                          HPOS="1838"
                          CONTENT="ne"/>
                  <SP HEIGHT="143" WIDTH="29" VPOS="1831" HPOS="2013"/>
                  <String HEIGHT="143"
                          WIDTH="262"
                          VPOS="1831"
                          HPOS="1925"
                          CONTENT="thyma"/>
                  <SP HEIGHT="143" WIDTH="29" VPOS="1831" HPOS="2187"/>
                  <String HEIGHT="143"
                          WIDTH="233"
                          VPOS="1831"
                          HPOS="2100"
                          CONTENT="quae"/>
                  <SP HEIGHT="143" WIDTH="29" VPOS="1831" HPOS="2333"/>
                  <String HEIGHT="143"
                          WIDTH="291"
                          VPOS="1831"
                          HPOS="2245"
                          CONTENT="potest"/>
                  <SP HEIGHT="143" WIDTH="29" VPOS="1831" HPOS="2536"/>
                  <String HEIGHT="143" WIDTH="58" VPOS="1831" HPOS="2420" CONTENT=""/>
               </TextLine>
               <TextLine ID="r3l22"
                         BASELINE="2030"
                         HEIGHT="135"
                         WIDTH="1028"
                         VPOS="1895"
                         HPOS="1419">
                  <String HEIGHT="135"
                          WIDTH="242"
                          VPOS="1895"
                          HPOS="1389"
                          CONTENT="esse"/>
                  <SP HEIGHT="135" WIDTH="30" VPOS="1895" HPOS="1631"/>
                  <String HEIGHT="135"
                          WIDTH="181"
                          VPOS="1895"
                          HPOS="1540"
                          CONTENT="2o"/>
                  <SP HEIGHT="135" WIDTH="30" VPOS="1895" HPOS="1721"/>
                  <String HEIGHT="135"
                          WIDTH="212"
                          VPOS="1895"
                          HPOS="1631"
                          CONTENT="sic"/>
                  <SP HEIGHT="135" WIDTH="30" VPOS="1895" HPOS="1842"/>
                  <String HEIGHT="135"
                          WIDTH="242"
                          VPOS="1895"
                          HPOS="1752"
                          CONTENT="deus"/>
                  <SP HEIGHT="135" WIDTH="30" VPOS="1895" HPOS="1993"/>
                  <String HEIGHT="135"
                          WIDTH="333"
                          VPOS="1895"
                          HPOS="1903"
                          CONTENT="causans"/>
                  <SP HEIGHT="135" WIDTH="30" VPOS="1895" HPOS="2235"/>
                  <String HEIGHT="135"
                          WIDTH="242"
                          VPOS="1895"
                          HPOS="2145"
                          CONTENT="nunc"/>
                  <SP HEIGHT="135" WIDTH="30" VPOS="1895" HPOS="2387"/>
                  <String HEIGHT="135"
                          WIDTH="212"
                          VPOS="1895"
                          HPOS="2296"
                          CONTENT="non"/>
                  <SP HEIGHT="135" WIDTH="30" VPOS="1895" HPOS="2507"/>
                  <String HEIGHT="135" WIDTH="60" VPOS="1895" HPOS="2387" CONTENT=""/>
               </TextLine>
               <TextLine ID="r3l23"
                         BASELINE="2092"
                         HEIGHT="131"
                         WIDTH="1085"
                         VPOS="1961"
                         HPOS="1419">
                  <String HEIGHT="131"
                          WIDTH="217"
                          VPOS="1961"
                          HPOS="1388"
                          CONTENT="est"/>
                  <SP HEIGHT="131" WIDTH="31" VPOS="1961" HPOS="1605"/>
                  <String HEIGHT="131"
                          WIDTH="186"
                          VPOS="1961"
                          HPOS="1512"
                          CONTENT="et"/>
                  <SP HEIGHT="131" WIDTH="31" VPOS="1961" HPOS="1698"/>
                  <String HEIGHT="131"
                          WIDTH="403"
                          VPOS="1961"
                          HPOS="1605"
                          CONTENT="inmediate"/>
                  <SP HEIGHT="131" WIDTH="31" VPOS="1961" HPOS="2008"/>
                  <String HEIGHT="131"
                          WIDTH="186"
                          VPOS="1961"
                          HPOS="1915"
                          CONTENT="an"/>
                  <SP HEIGHT="131" WIDTH="31" VPOS="1961" HPOS="2101"/>
                  <String HEIGHT="131"
                          WIDTH="217"
                          VPOS="1961"
                          HPOS="2008"
                          CONTENT="hoc"/>
                  <SP HEIGHT="131" WIDTH="31" VPOS="1961" HPOS="2225"/>
                  <String HEIGHT="131"
                          WIDTH="248"
                          VPOS="1961"
                          HPOS="2132"
                          CONTENT="deus"/>
                  <SP HEIGHT="131" WIDTH="31" VPOS="1961" HPOS="2380"/>
                  <String HEIGHT="131"
                          WIDTH="279"
                          VPOS="1961"
                          HPOS="2287"
                          CONTENT="craus"/>
                  <SP HEIGHT="131" WIDTH="31" VPOS="1961" HPOS="2566"/>
                  <String HEIGHT="131" WIDTH="62" VPOS="1961" HPOS="2442" CONTENT=""/>
               </TextLine>
               <TextLine ID="r3l24"
                         BASELINE="2163"
                         HEIGHT="127"
                         WIDTH="1025"
                         VPOS="2036"
                         HPOS="1429">
                  <String HEIGHT="127"
                          WIDTH="222"
                          VPOS="2036"
                          HPOS="1401"
                          CONTENT="fuit"/>
                  <SP HEIGHT="127" WIDTH="28" VPOS="2036" HPOS="1623"/>
                  <String HEIGHT="127"
                          WIDTH="277"
                          VPOS="2036"
                          HPOS="1540"
                          CONTENT="igitur"/>
                  <SP HEIGHT="127" WIDTH="28" VPOS="2036" HPOS="1817"/>
                  <String HEIGHT="127"
                          WIDTH="222"
                          VPOS="2036"
                          HPOS="1734"
                          CONTENT="deus"/>
                  <SP HEIGHT="127" WIDTH="28" VPOS="2036" HPOS="1955"/>
                  <String HEIGHT="127"
                          WIDTH="305"
                          VPOS="2036"
                          HPOS="1872"
                          CONTENT="carsans"/>
                  <SP HEIGHT="127" WIDTH="28" VPOS="2036" HPOS="2177"/>
                  <String HEIGHT="127"
                          WIDTH="277"
                          VPOS="2036"
                          HPOS="2094"
                          CONTENT="desunt"/>
                  <SP HEIGHT="127" WIDTH="28" VPOS="2036" HPOS="2371"/>
                  <String HEIGHT="127"
                          WIDTH="222"
                          VPOS="2036"
                          HPOS="2288"
                          CONTENT="esse"/>
                  <SP HEIGHT="127" WIDTH="28" VPOS="2036" HPOS="2509"/>
                  <String HEIGHT="127" WIDTH="55" VPOS="2036" HPOS="2399" CONTENT=""/>
               </TextLine>
               <TextLine ID="r3l25"
                         BASELINE="2249"
                         HEIGHT="142"
                         WIDTH="1060"
                         VPOS="2107"
                         HPOS="1421">
                  <String HEIGHT="142"
                          WIDTH="182"
                          VPOS="2107"
                          HPOS="1391"
                          CONTENT="Et"/>
                  <SP HEIGHT="142" WIDTH="30" VPOS="2107" HPOS="1572"/>
                  <String HEIGHT="142"
                          WIDTH="363"
                          VPOS="2107"
                          HPOS="1482"
                          CONTENT="simliter"/>
                  <SP HEIGHT="142" WIDTH="30" VPOS="2107" HPOS="1845"/>
                  <String HEIGHT="142"
                          WIDTH="303"
                          VPOS="2107"
                          HPOS="1754"
                          CONTENT="potest"/>
                  <SP HEIGHT="142" WIDTH="30" VPOS="2107" HPOS="2057"/>
                  <String HEIGHT="142"
                          WIDTH="273"
                          VPOS="2107"
                          HPOS="1966"
                          CONTENT="argui"/>
                  <SP HEIGHT="142" WIDTH="30" VPOS="2107" HPOS="2239"/>
                  <String HEIGHT="142"
                          WIDTH="394"
                          VPOS="2107"
                          HPOS="2148"
                          CONTENT="deincipit"/>
                  <SP HEIGHT="142" WIDTH="30" VPOS="2107" HPOS="2542"/>
                  <String HEIGHT="142" WIDTH="61" VPOS="2107" HPOS="2420" CONTENT=""/>
               </TextLine>
               <TextLine ID="r3l26"
                         BASELINE="2305"
                         HEIGHT="128"
                         WIDTH="984"
                         VPOS="2177"
                         HPOS="1429">
                  <String HEIGHT="128"
                          WIDTH="123"
                          VPOS="2177"
                          HPOS="1404"
                          CONTENT="¶"/>
                  <SP HEIGHT="128" WIDTH="25" VPOS="2177" HPOS="1527"/>
                  <String HEIGHT="128"
                          WIDTH="369"
                          VPOS="2177"
                          HPOS="1454"
                          CONTENT="Confirmatur"/>
                  <SP HEIGHT="128" WIDTH="25" VPOS="2177" HPOS="1823"/>
                  <String HEIGHT="128"
                          WIDTH="172"
                          VPOS="2177"
                          HPOS="1749"
                          CONTENT="nam"/>
                  <SP HEIGHT="128" WIDTH="25" VPOS="2177" HPOS="1921"/>
                  <String HEIGHT="128"
                          WIDTH="197"
                          VPOS="2177"
                          HPOS="1847"
                          CONTENT="haec"/>
                  <SP HEIGHT="128" WIDTH="25" VPOS="2177" HPOS="2044"/>
                  <String HEIGHT="128"
                          WIDTH="246"
                          VPOS="2177"
                          HPOS="1970"
                          CONTENT="potest"/>
                  <SP HEIGHT="128" WIDTH="25" VPOS="2177" HPOS="2216"/>
                  <String HEIGHT="128"
                          WIDTH="197"
                          VPOS="2177"
                          HPOS="2142"
                          CONTENT="esse"/>
                  <SP HEIGHT="128" WIDTH="25" VPOS="2177" HPOS="2339"/>
                  <String HEIGHT="128"
                          WIDTH="197"
                          VPOS="2177"
                          HPOS="2265"
                          CONTENT="vera"/>
                  <SP HEIGHT="128" WIDTH="25" VPOS="2177" HPOS="2462"/>
                  <String HEIGHT="128" WIDTH="49" VPOS="2177" HPOS="2364" CONTENT=""/>
               </TextLine>
               <TextLine ID="r3l27"
                         BASELINE="2374"
                         HEIGHT="154"
                         WIDTH="1038"
                         VPOS="2220"
                         HPOS="1428">
                  <String HEIGHT="154"
                          WIDTH="203"
                          VPOS="2220"
                          HPOS="1403"
                          CONTENT="deus"/>
                  <SP HEIGHT="154" WIDTH="25" VPOS="2220" HPOS="1605"/>
                  <String HEIGHT="154"
                          WIDTH="253"
                          VPOS="2220"
                          HPOS="1529"
                          CONTENT="creans"/>
                  <SP HEIGHT="154" WIDTH="25" VPOS="2220" HPOS="1782"/>
                  <String HEIGHT="154"
                          WIDTH="177"
                          VPOS="2220"
                          HPOS="1706"
                          CONTENT="non"/>
                  <SP HEIGHT="154" WIDTH="25" VPOS="2220" HPOS="1884"/>
                  <String HEIGHT="154"
                          WIDTH="177"
                          VPOS="2220"
                          HPOS="1808"
                          CONTENT="est"/>
                  <SP HEIGHT="154" WIDTH="25" VPOS="2220" HPOS="1985"/>
                  <String HEIGHT="154"
                          WIDTH="253"
                          VPOS="2220"
                          HPOS="1909"
                          CONTENT="igitur"/>
                  <SP HEIGHT="154" WIDTH="25" VPOS="2220" HPOS="2162"/>
                  <String HEIGHT="154"
                          WIDTH="203"
                          VPOS="2220"
                          HPOS="2086"
                          CONTENT="haec"/>
                  <SP HEIGHT="154" WIDTH="25" VPOS="2220" HPOS="2289"/>
                  <String HEIGHT="154"
                          WIDTH="177"
                          VPOS="2220"
                          HPOS="2213"
                          CONTENT="est"/>
                  <SP HEIGHT="154" WIDTH="25" VPOS="2220" HPOS="2390"/>
                  <String HEIGHT="154"
                          WIDTH="203"
                          VPOS="2220"
                          HPOS="2314"
                          CONTENT="vera"/>
                  <SP HEIGHT="154" WIDTH="25" VPOS="2220" HPOS="2517"/>
                  <String HEIGHT="154" WIDTH="51" VPOS="2220" HPOS="2415" CONTENT=""/>
               </TextLine>
               <TextLine ID="r3l28"
                         BASELINE="2445"
                         HEIGHT="115"
                         WIDTH="1022"
                         VPOS="2330"
                         HPOS="1431">
                  <String HEIGHT="115"
                          WIDTH="167"
                          VPOS="2330"
                          HPOS="1410"
                          CONTENT="deus"/>
                  <SP HEIGHT="115" WIDTH="21" VPOS="2330" HPOS="1577"/>
                  <String HEIGHT="115"
                          WIDTH="229"
                          VPOS="2330"
                          HPOS="1514"
                          CONTENT="causans"/>
                  <SP HEIGHT="115" WIDTH="21" VPOS="2330" HPOS="1744"/>
                  <String HEIGHT="115"
                          WIDTH="209"
                          VPOS="2330"
                          HPOS="1681"
                          CONTENT="potest"/>
                  <SP HEIGHT="115" WIDTH="21" VPOS="2330" HPOS="1890"/>
                  <String HEIGHT="115"
                          WIDTH="146"
                          VPOS="2330"
                          HPOS="1827"
                          CONTENT="non"/>
                  <SP HEIGHT="115" WIDTH="21" VPOS="2330" HPOS="1973"/>
                  <String HEIGHT="115"
                          WIDTH="167"
                          VPOS="2330"
                          HPOS="1911"
                          CONTENT="esse"/>
                  <SP HEIGHT="115" WIDTH="21" VPOS="2330" HPOS="2078"/>
                  <String HEIGHT="115"
                          WIDTH="334"
                          VPOS="2330"
                          HPOS="2015"
                          CONTENT="consequentia"/>
                  <SP HEIGHT="115" WIDTH="21" VPOS="2330" HPOS="2349"/>
                  <String HEIGHT="115"
                          WIDTH="209"
                          VPOS="2330"
                          HPOS="2286"
                          CONTENT="paliet"/>
                  <SP HEIGHT="115" WIDTH="21" VPOS="2330" HPOS="2495"/>
                  <String HEIGHT="115" WIDTH="42" VPOS="2330" HPOS="2411" CONTENT=""/>
               </TextLine>
               <TextLine ID="r3l29"
                         BASELINE="2521"
                         HEIGHT="125"
                         WIDTH="1039"
                         VPOS="2396"
                         HPOS="1430">
                  <String HEIGHT="125"
                          WIDTH="199"
                          VPOS="2396"
                          HPOS="1408"
                          CONTENT="satis"/>
                  <SP HEIGHT="125" WIDTH="22" VPOS="2396" HPOS="1607"/>
                  <String HEIGHT="125"
                          WIDTH="309"
                          VPOS="2396"
                          HPOS="1541"
                          CONTENT="communiter"/>
                  <SP HEIGHT="125" WIDTH="22" VPOS="2396" HPOS="1850"/>
                  <String HEIGHT="125"
                          WIDTH="133"
                          VPOS="2396"
                          HPOS="1784"
                          CONTENT="et"/>
                  <SP HEIGHT="125" WIDTH="22" VPOS="2396" HPOS="1916"/>
                  <String HEIGHT="125"
                          WIDTH="309"
                          VPOS="2396"
                          HPOS="1850"
                          CONTENT="antecedens"/>
                  <SP HEIGHT="125" WIDTH="22" VPOS="2396" HPOS="2160"/>
                  <String HEIGHT="125"
                          WIDTH="265"
                          VPOS="2396"
                          HPOS="2093"
                          CONTENT="probatur"/>
                  <SP HEIGHT="125" WIDTH="22" VPOS="2396" HPOS="2358"/>
                  <String HEIGHT="125"
                          WIDTH="199"
                          VPOS="2396"
                          HPOS="2270"
                          CONTENT="supposi"/>
               </TextLine>
               <TextLine ID="r3l30"
                         BASELINE="2592"
                         HEIGHT="126"
                         WIDTH="1061"
                         VPOS="2466"
                         HPOS="1424">
                  <String HEIGHT="126"
                          WIDTH="163"
                          VPOS="2466"
                          HPOS="1397"
                          CONTENT="to"/>
                  <SP HEIGHT="126" WIDTH="27" VPOS="2466" HPOS="1560"/>
                  <String HEIGHT="126"
                          WIDTH="218"
                          VPOS="2466"
                          HPOS="1478"
                          CONTENT="quod"/>
                  <SP HEIGHT="126" WIDTH="27" VPOS="2466" HPOS="1696"/>
                  <String HEIGHT="126"
                          WIDTH="218"
                          VPOS="2466"
                          HPOS="1614"
                          CONTENT="deus"/>
                  <SP HEIGHT="126" WIDTH="27" VPOS="2466" HPOS="1832"/>
                  <String HEIGHT="126"
                          WIDTH="272"
                          VPOS="2466"
                          HPOS="1750"
                          CONTENT="nichil"/>
                  <SP HEIGHT="126" WIDTH="27" VPOS="2466" HPOS="2023"/>
                  <String HEIGHT="126"
                          WIDTH="326"
                          VPOS="2466"
                          HPOS="1941"
                          CONTENT="causaret"/>
                  <SP HEIGHT="126" WIDTH="27" VPOS="2466" HPOS="2267"/>
                  <String HEIGHT="126"
                          WIDTH="218"
                          VPOS="2466"
                          HPOS="2186"
                          CONTENT="haec"/>
                  <SP HEIGHT="126" WIDTH="27" VPOS="2466" HPOS="2403"/>
                  <String HEIGHT="126"
                          WIDTH="190"
                          VPOS="2466"
                          HPOS="2295"
                          CONTENT="esset"/>
               </TextLine>
               <TextLine ID="r3l31"
                         BASELINE="2677"
                         HEIGHT="126"
                         WIDTH="1069"
                         VPOS="2551"
                         HPOS="1399">
                  <String HEIGHT="126"
                          WIDTH="244"
                          VPOS="2551"
                          HPOS="1368"
                          CONTENT="vera"/>
                  <SP HEIGHT="126" WIDTH="31" VPOS="2551" HPOS="1613"/>
                  <String HEIGHT="126"
                          WIDTH="244"
                          VPOS="2551"
                          HPOS="1521"
                          CONTENT="deus"/>
                  <SP HEIGHT="126" WIDTH="31" VPOS="2551" HPOS="1766"/>
                  <String HEIGHT="126"
                          WIDTH="305"
                          VPOS="2551"
                          HPOS="1674"
                          CONTENT="causas"/>
                  <SP HEIGHT="126" WIDTH="31" VPOS="2551" HPOS="1979"/>
                  <String HEIGHT="126"
                          WIDTH="214"
                          VPOS="2551"
                          HPOS="1888"
                          CONTENT="non"/>
                  <SP HEIGHT="126" WIDTH="31" VPOS="2551" HPOS="2101"/>
                  <String HEIGHT="126"
                          WIDTH="214"
                          VPOS="2551"
                          HPOS="2010"
                          CONTENT="est"/>
                  <SP HEIGHT="126" WIDTH="31" VPOS="2551" HPOS="2224"/>
                  <String HEIGHT="126"
                          WIDTH="244"
                          VPOS="2551"
                          HPOS="2132"
                          CONTENT="quia"/>
                  <SP HEIGHT="126" WIDTH="31" VPOS="2551" HPOS="2376"/>
                  <String HEIGHT="126"
                          WIDTH="244"
                          VPOS="2551"
                          HPOS="2285"
                          CONTENT="haec"/>
                  <SP HEIGHT="126" WIDTH="31" VPOS="2551" HPOS="2529"/>
                  <String HEIGHT="126" WIDTH="61" VPOS="2551" HPOS="2407" CONTENT=""/>
               </TextLine>
               <TextLine ID="r3l32"
                         BASELINE="2742"
                         HEIGHT="126"
                         WIDTH="1061"
                         VPOS="2616"
                         HPOS="1415">
                  <String HEIGHT="126"
                          WIDTH="251"
                          VPOS="2616"
                          HPOS="1387"
                          CONTENT="esset"/>
                  <SP HEIGHT="126" WIDTH="28" VPOS="2616" HPOS="1638"/>
                  <String HEIGHT="126"
                          WIDTH="251"
                          VPOS="2616"
                          HPOS="1555"
                          CONTENT="falsa"/>
                  <SP HEIGHT="126" WIDTH="28" VPOS="2616" HPOS="1806"/>
                  <String HEIGHT="126"
                          WIDTH="223"
                          VPOS="2616"
                          HPOS="1722"
                          CONTENT="deus"/>
                  <SP HEIGHT="126" WIDTH="28" VPOS="2616" HPOS="1946"/>
                  <String HEIGHT="126"
                          WIDTH="307"
                          VPOS="2616"
                          HPOS="1862"
                          CONTENT="causans"/>
                  <SP HEIGHT="126" WIDTH="28" VPOS="2616" HPOS="2169"/>
                  <String HEIGHT="126"
                          WIDTH="195"
                          VPOS="2616"
                          HPOS="2085"
                          CONTENT="est"/>
                  <SP HEIGHT="126" WIDTH="28" VPOS="2616" HPOS="2281"/>
                  <String HEIGHT="126"
                          WIDTH="223"
                          VPOS="2616"
                          HPOS="2197"
                          CONTENT="quia"/>
                  <SP HEIGHT="126" WIDTH="28" VPOS="2616" HPOS="2420"/>
                  <String HEIGHT="126"
                          WIDTH="195"
                          VPOS="2616"
                          HPOS="2336"
                          CONTENT="vel"/>
                  <SP HEIGHT="126" WIDTH="28" VPOS="2616" HPOS="2532"/>
                  <String HEIGHT="126" WIDTH="56" VPOS="2616" HPOS="2420" CONTENT=""/>
               </TextLine>
               <TextLine ID="r3l33"
                         BASELINE="2818"
                         HEIGHT="119"
                         WIDTH="1038"
                         VPOS="2699"
                         HPOS="1428">
                  <String HEIGHT="119"
                          WIDTH="317"
                          VPOS="2699"
                          HPOS="1399"
                          CONTENT="crearet"/>
                  <SP HEIGHT="119" WIDTH="29" VPOS="2699" HPOS="1716"/>
                  <String HEIGHT="119"
                          WIDTH="173"
                          VPOS="2699"
                          HPOS="1630"
                          CONTENT="ad"/>
                  <SP HEIGHT="119" WIDTH="29" VPOS="2699" HPOS="1803"/>
                  <String HEIGHT="119"
                          WIDTH="231"
                          VPOS="2699"
                          HPOS="1716"
                          CONTENT="ista"/>
                  <SP HEIGHT="119" WIDTH="29" VPOS="2699" HPOS="1947"/>
                  <String HEIGHT="119"
                          WIDTH="144"
                          VPOS="2699"
                          HPOS="1861"
                          CONTENT="¶"/>
                  <SP HEIGHT="119" WIDTH="29" VPOS="2699" HPOS="2005"/>
                  <String HEIGHT="119"
                          WIDTH="173"
                          VPOS="2699"
                          HPOS="1918"
                          CONTENT="ad"/>
                  <SP HEIGHT="119" WIDTH="29" VPOS="2699" HPOS="2091"/>
                  <String HEIGHT="119"
                          WIDTH="288"
                          VPOS="2699"
                          HPOS="2005"
                          CONTENT="primum"/>
                  <SP HEIGHT="119" WIDTH="29" VPOS="2699" HPOS="2293"/>
                  <String HEIGHT="119"
                          WIDTH="260"
                          VPOS="2699"
                          HPOS="2207"
                          CONTENT="dicit"/>
                  <SP HEIGHT="119" WIDTH="29" VPOS="2699" HPOS="2466"/>
                  <String HEIGHT="119"
                          WIDTH="144"
                          VPOS="2699"
                          HPOS="2380"
                          CONTENT="a"/>
                  <SP HEIGHT="119" WIDTH="29" VPOS="2699" HPOS="2524"/>
                  <String HEIGHT="119" WIDTH="58" VPOS="2699" HPOS="2408" CONTENT=""/>
               </TextLine>
               <TextLine ID="r3l34"
                         BASELINE="2906"
                         HEIGHT="141"
                         WIDTH="1018"
                         VPOS="2765"
                         HPOS="1428">
                  <String HEIGHT="141"
                          WIDTH="230"
                          VPOS="2765"
                          HPOS="1395"
                          CONTENT="dam"/>
                  <SP HEIGHT="141" WIDTH="33" VPOS="2765" HPOS="1625"/>
                  <String HEIGHT="141"
                          WIDTH="361"
                          VPOS="2765"
                          HPOS="1527"
                          CONTENT="negando"/>
                  <SP HEIGHT="141" WIDTH="33" VPOS="2765" HPOS="1888"/>
                  <String HEIGHT="141"
                          WIDTH="296"
                          VPOS="2765"
                          HPOS="1789"
                          CONTENT="istam"/>
                  <SP HEIGHT="141" WIDTH="33" VPOS="2765" HPOS="2085"/>
                  <String HEIGHT="141"
                          WIDTH="296"
                          VPOS="2765"
                          HPOS="1986"
                          CONTENT="thyma"/>
                  <SP HEIGHT="141" WIDTH="33" VPOS="2765" HPOS="2282"/>
                  <String HEIGHT="141"
                          WIDTH="328"
                          VPOS="2765"
                          HPOS="2183"
                          CONTENT="potest"/>
                  <SP HEIGHT="141" WIDTH="33" VPOS="2765" HPOS="2512"/>
                  <String HEIGHT="141" WIDTH="66" VPOS="2765" HPOS="2380" CONTENT=""/>
               </TextLine>
               <TextLine ID="r3l35"
                         BASELINE="2986"
                         HEIGHT="145"
                         WIDTH="1031"
                         VPOS="2841"
                         HPOS="1422">
                  <String HEIGHT="145"
                          WIDTH="200"
                          VPOS="2841"
                          HPOS="1393"
                          CONTENT="non"/>
                  <SP HEIGHT="145" WIDTH="29" VPOS="2841" HPOS="1594"/>
                  <String HEIGHT="145"
                          WIDTH="229"
                          VPOS="2841"
                          HPOS="1508"
                          CONTENT="esse"/>
                  <SP HEIGHT="145" WIDTH="29" VPOS="2841" HPOS="1737"/>
                  <String HEIGHT="145"
                          WIDTH="258"
                          VPOS="2841"
                          HPOS="1651"
                          CONTENT="ratio"/>
                  <SP HEIGHT="145" WIDTH="29" VPOS="2841" HPOS="1909"/>
                  <String HEIGHT="145"
                          WIDTH="200"
                          VPOS="2841"
                          HPOS="1823"
                          CONTENT="sua"/>
                  <SP HEIGHT="145" WIDTH="29" VPOS="2841" HPOS="2023"/>
                  <String HEIGHT="145"
                          WIDTH="200"
                          VPOS="2841"
                          HPOS="1938"
                          CONTENT="est"/>
                  <SP HEIGHT="145" WIDTH="29" VPOS="2841" HPOS="2138"/>
                  <String HEIGHT="145"
                          WIDTH="229"
                          VPOS="2841"
                          HPOS="2052"
                          CONTENT="quia"/>
                  <SP HEIGHT="145" WIDTH="29" VPOS="2841" HPOS="2281"/>
                  <String HEIGHT="145"
                          WIDTH="200"
                          VPOS="2841"
                          HPOS="2195"
                          CONTENT="nec"/>
                  <SP HEIGHT="145" WIDTH="29" VPOS="2841" HPOS="2396"/>
                  <String HEIGHT="145"
                          WIDTH="172"
                          VPOS="2841"
                          HPOS="2281"
                          CONTENT="chiy"/>
               </TextLine>
               <TextLine ID="r3l36"
                         BASELINE="3061"
                         HEIGHT="139"
                         WIDTH="1003"
                         VPOS="2922"
                         HPOS="1433">
                  <String HEIGHT="139"
                          WIDTH="167"
                          VPOS="2922"
                          HPOS="1405"
                          CONTENT="ma"/>
                  <SP HEIGHT="139" WIDTH="28" VPOS="2922" HPOS="1572"/>
                  <String HEIGHT="139"
                          WIDTH="223"
                          VPOS="2922"
                          HPOS="1489"
                          CONTENT="quae"/>
                  <SP HEIGHT="139" WIDTH="28" VPOS="2922" HPOS="1712"/>
                  <String HEIGHT="139"
                          WIDTH="195"
                          VPOS="2922"
                          HPOS="1628"
                          CONTENT="est"/>
                  <SP HEIGHT="139" WIDTH="28" VPOS="2922" HPOS="1823"/>
                  <String HEIGHT="139"
                          WIDTH="195"
                          VPOS="2922"
                          HPOS="1739"
                          CONTENT="nec"/>
                  <SP HEIGHT="139" WIDTH="28" VPOS="2922" HPOS="1935"/>
                  <String HEIGHT="139"
                          WIDTH="223"
                          VPOS="2922"
                          HPOS="1851"
                          CONTENT="quae"/>
                  <SP HEIGHT="139" WIDTH="28" VPOS="2922" HPOS="2074"/>
                  <String HEIGHT="139"
                          WIDTH="279"
                          VPOS="2922"
                          HPOS="1990"
                          CONTENT="potest"/>
                  <SP HEIGHT="139" WIDTH="28" VPOS="2922" HPOS="2269"/>
                  <String HEIGHT="139"
                          WIDTH="223"
                          VPOS="2922"
                          HPOS="2185"
                          CONTENT="esse"/>
                  <SP HEIGHT="139" WIDTH="28" VPOS="2922" HPOS="2408"/>
                  <String HEIGHT="139"
                          WIDTH="139"
                          VPOS="2922"
                          HPOS="2297"
                          CONTENT="ita"/>
               </TextLine>
               <TextLine ID="r3l37"
                         BASELINE="3129"
                         HEIGHT="140"
                         WIDTH="1012"
                         VPOS="2989"
                         HPOS="1430">
                  <String HEIGHT="140"
                          WIDTH="347"
                          VPOS="2989"
                          HPOS="1401"
                          CONTENT="simliter"/>
                  <SP HEIGHT="140" WIDTH="29" VPOS="2989" HPOS="1748"/>
                  <String HEIGHT="140"
                          WIDTH="202"
                          VPOS="2989"
                          HPOS="1661"
                          CONTENT="est"/>
                  <SP HEIGHT="140" WIDTH="29" VPOS="2989" HPOS="1864"/>
                  <String HEIGHT="140"
                          WIDTH="173"
                          VPOS="2989"
                          HPOS="1777"
                          CONTENT="in"/>
                  <SP HEIGHT="140" WIDTH="29" VPOS="2989" HPOS="1950"/>
                  <String HEIGHT="140"
                          WIDTH="376"
                          VPOS="2989"
                          HPOS="1864"
                          CONTENT="proposito"/>
                  <SP HEIGHT="140" WIDTH="29" VPOS="2989" HPOS="2240"/>
                  <String HEIGHT="140"
                          WIDTH="202"
                          VPOS="2989"
                          HPOS="2153"
                          CONTENT="sed"/>
                  <SP HEIGHT="140" WIDTH="29" VPOS="2989" HPOS="2355"/>
                  <String HEIGHT="140"
                          WIDTH="202"
                          VPOS="2989"
                          HPOS="2240"
                          CONTENT="prome"/>
               </TextLine>
               <TextLine ID="r3l38"
                         BASELINE="3217"
                         HEIGHT="147"
                         WIDTH="1009"
                         VPOS="3070"
                         HPOS="1421">
                  <String HEIGHT="147"
                          WIDTH="212"
                          VPOS="3070"
                          HPOS="1394"
                          CONTENT="dico"/>
                  <SP HEIGHT="147" WIDTH="27" VPOS="3070" HPOS="1607"/>
                  <String HEIGHT="147"
                          WIDTH="212"
                          VPOS="3070"
                          HPOS="1527"
                          CONTENT="quod"/>
                  <SP HEIGHT="147" WIDTH="27" VPOS="3070" HPOS="1740"/>
                  <String HEIGHT="147"
                          WIDTH="186"
                          VPOS="3070"
                          HPOS="1660"
                          CONTENT="non"/>
                  <SP HEIGHT="147" WIDTH="27" VPOS="3070" HPOS="1846"/>
                  <String HEIGHT="147"
                          WIDTH="186"
                          VPOS="3070"
                          HPOS="1766"
                          CONTENT="est"/>
                  <SP HEIGHT="147" WIDTH="27" VPOS="3070" HPOS="1952"/>
                  <String HEIGHT="147"
                          WIDTH="266"
                          VPOS="3070"
                          HPOS="1872"
                          CONTENT="fciile"/>
                  <SP HEIGHT="147" WIDTH="27" VPOS="3070" HPOS="2138"/>
                  <String HEIGHT="147"
                          WIDTH="212"
                          VPOS="3070"
                          HPOS="2058"
                          CONTENT="quia"/>
                  <SP HEIGHT="147" WIDTH="27" VPOS="3070" HPOS="2271"/>
                  <String HEIGHT="147"
                          WIDTH="159"
                          VPOS="3070"
                          HPOS="2191"
                          CONTENT="in"/>
                  <SP HEIGHT="147" WIDTH="27" VPOS="3070" HPOS="2350"/>
                  <String HEIGHT="147"
                          WIDTH="212"
                          VPOS="3070"
                          HPOS="2271"
                          CONTENT="ista"/>
                  <SP HEIGHT="147" WIDTH="27" VPOS="3070" HPOS="2483"/>
                  <String HEIGHT="147" WIDTH="53" VPOS="3070" HPOS="2377" CONTENT=""/>
               </TextLine>
               <TextLine ID="r3l39"
                         BASELINE="3282"
                         HEIGHT="144"
                         WIDTH="1064"
                         VPOS="3138"
                         HPOS="1432">
                  <String HEIGHT="144"
                          WIDTH="252"
                          VPOS="3138"
                          HPOS="1404"
                          CONTENT="thyma"/>
                  <SP HEIGHT="144" WIDTH="28" VPOS="3138" HPOS="1656"/>
                  <String HEIGHT="144"
                          WIDTH="224"
                          VPOS="3138"
                          HPOS="1572"
                          CONTENT="tale"/>
                  <SP HEIGHT="144" WIDTH="28" VPOS="3138" HPOS="1796"/>
                  <String HEIGHT="144"
                          WIDTH="364"
                          VPOS="3138"
                          HPOS="1712"
                          CONTENT="subiectum"/>
                  <SP HEIGHT="144" WIDTH="28" VPOS="3138" HPOS="2076"/>
                  <String HEIGHT="144"
                          WIDTH="196"
                          VPOS="3138"
                          HPOS="1992"
                          CONTENT="pro"/>
                  <SP HEIGHT="144" WIDTH="28" VPOS="3138" HPOS="2188"/>
                  <String HEIGHT="144"
                          WIDTH="252"
                          VPOS="3138"
                          HPOS="2104"
                          CONTENT="nullo"/>
                  <SP HEIGHT="144" WIDTH="28" VPOS="3138" HPOS="2356"/>
                  <String HEIGHT="144"
                          WIDTH="252"
                          VPOS="3138"
                          HPOS="2244"
                          CONTENT="suppoio"/>
               </TextLine>
               <TextLine ID="r3l40"
                         BASELINE="3361"
                         HEIGHT="147"
                         WIDTH="1008"
                         VPOS="3214"
                         HPOS="1439">
                  <String HEIGHT="147"
                          WIDTH="202"
                          VPOS="3214"
                          HPOS="1410"
                          CONTENT="sed"/>
                  <SP HEIGHT="147" WIDTH="29" VPOS="3214" HPOS="1612"/>
                  <String HEIGHT="147"
                          WIDTH="202"
                          VPOS="3214"
                          HPOS="1525"
                          CONTENT="sic"/>
                  <SP HEIGHT="147" WIDTH="29" VPOS="3214" HPOS="1727"/>
                  <String HEIGHT="147"
                          WIDTH="202"
                          VPOS="3214"
                          HPOS="1641"
                          CONTENT="non"/>
                  <SP HEIGHT="147" WIDTH="29" VPOS="3214" HPOS="1842"/>
                  <String HEIGHT="147"
                          WIDTH="202"
                          VPOS="3214"
                          HPOS="1756"
                          CONTENT="est"/>
                  <SP HEIGHT="147" WIDTH="29" VPOS="3214" HPOS="1957"/>
                  <String HEIGHT="147"
                          WIDTH="259"
                          VPOS="3214"
                          HPOS="1871"
                          CONTENT="istas"/>
                  <SP HEIGHT="147" WIDTH="29" VPOS="3214" HPOS="2130"/>
                  <String HEIGHT="147"
                          WIDTH="230"
                          VPOS="3214"
                          HPOS="2044"
                          CONTENT="deus"/>
                  <SP HEIGHT="147" WIDTH="29" VPOS="3214" HPOS="2274"/>
                  <String HEIGHT="147"
                          WIDTH="317"
                          VPOS="3214"
                          HPOS="2188"
                          CONTENT="careans"/>
                  <SP HEIGHT="147" WIDTH="29" VPOS="3214" HPOS="2505"/>
                  <String HEIGHT="147" WIDTH="58" VPOS="3214" HPOS="2389" CONTENT=""/>
               </TextLine>
               <TextLine ID="r3l41"
                         BASELINE="3434"
                         HEIGHT="142"
                         WIDTH="1066"
                         VPOS="3292"
                         HPOS="1433">
                  <String HEIGHT="142"
                          WIDTH="242"
                          VPOS="3292"
                          HPOS="1409"
                          CONTENT="potest"/>
                  <SP HEIGHT="142" WIDTH="24" VPOS="3292" HPOS="1651"/>
                  <String HEIGHT="142"
                          WIDTH="170"
                          VPOS="3292"
                          HPOS="1578"
                          CONTENT="non"/>
                  <SP HEIGHT="142" WIDTH="24" VPOS="3292" HPOS="1748"/>
                  <String HEIGHT="142"
                          WIDTH="194"
                          VPOS="3292"
                          HPOS="1675"
                          CONTENT="esse"/>
                  <SP HEIGHT="142" WIDTH="24" VPOS="3292" HPOS="1869"/>
                  <String HEIGHT="142"
                          WIDTH="145"
                          VPOS="3292"
                          HPOS="1796"
                          CONTENT="et"/>
                  <SP HEIGHT="142" WIDTH="24" VPOS="3292" HPOS="1942"/>
                  <String HEIGHT="142"
                          WIDTH="194"
                          VPOS="3292"
                          HPOS="1869"
                          CONTENT="ideo"/>
                  <SP HEIGHT="142" WIDTH="24" VPOS="3292" HPOS="2063"/>
                  <String HEIGHT="142"
                          WIDTH="315"
                          VPOS="3292"
                          HPOS="1990"
                          CONTENT="supposito"/>
                  <SP HEIGHT="142" WIDTH="24" VPOS="3292" HPOS="2305"/>
                  <String HEIGHT="142"
                          WIDTH="194"
                          VPOS="3292"
                          HPOS="2233"
                          CONTENT="quod"/>
                  <SP HEIGHT="142" WIDTH="24" VPOS="3292" HPOS="2426"/>
                  <String HEIGHT="142"
                          WIDTH="194"
                          VPOS="3292"
                          HPOS="2354"
                          CONTENT="ista"/>
                  <SP HEIGHT="142" WIDTH="24" VPOS="3292" HPOS="2547"/>
                  <String HEIGHT="142" WIDTH="48" VPOS="3292" HPOS="2451" CONTENT=""/>
               </TextLine>
               <TextLine ID="r3l42"
                         BASELINE="3513"
                         HEIGHT="144"
                         WIDTH="1049"
                         VPOS="3369"
                         HPOS="1431">
                  <String HEIGHT="144"
                          WIDTH="307"
                          VPOS="3369"
                          HPOS="1405"
                          CONTENT="concedam"/>
                  <SP HEIGHT="144" WIDTH="26" VPOS="3369" HPOS="1712"/>
                  <String HEIGHT="144"
                          WIDTH="230"
                          VPOS="3369"
                          HPOS="1636"
                          CONTENT="thyma"/>
                  <SP HEIGHT="144" WIDTH="26" VPOS="3369" HPOS="1866"/>
                  <String HEIGHT="144"
                          WIDTH="256"
                          VPOS="3369"
                          HPOS="1789"
                          CONTENT="potest"/>
                  <SP HEIGHT="144" WIDTH="26" VPOS="3369" HPOS="2045"/>
                  <String HEIGHT="144"
                          WIDTH="179"
                          VPOS="3369"
                          HPOS="1968"
                          CONTENT="non"/>
                  <SP HEIGHT="144" WIDTH="26" VPOS="3369" HPOS="2147"/>
                  <String HEIGHT="144"
                          WIDTH="205"
                          VPOS="3369"
                          HPOS="2071"
                          CONTENT="esse"/>
                  <SP HEIGHT="144" WIDTH="26" VPOS="3369" HPOS="2275"/>
                  <String HEIGHT="144"
                          WIDTH="179"
                          VPOS="3369"
                          HPOS="2199"
                          CONTENT="non"/>
                  <SP HEIGHT="144" WIDTH="26" VPOS="3369" HPOS="2378"/>
                  <String HEIGHT="144"
                          WIDTH="230"
                          VPOS="3369"
                          HPOS="2301"
                          CONTENT="tamen"/>
                  <SP HEIGHT="144" WIDTH="26" VPOS="3369" HPOS="2531"/>
                  <String HEIGHT="144" WIDTH="51" VPOS="3369" HPOS="2429" CONTENT=""/>
               </TextLine>
            </TextBlock>
         </PrintSpace>
      </Page>
   </Layout>
</alto>
