2964 4316
470 416 259 176 tollet
652 416 337 176 scientiam
911 416 337 176 futurorum
1171 416 311 176 loquitur
1378 416 104 176 de

491 506 273 141 citone
682 506 246 141 sicut
846 506 246 141 patet
1010 506 273 141 ibidem
1201 506 137 141 ¶
1256 506 164 141 Ad
1338 506 164 141 3m
1393 506 109 141 di

474 590 142 108 co
545 590 190 108 quod
664 590 190 108 deus
782 590 237 108 libere
948 590 379 108 repraesentat
1256 590 237 108 sotrum

471 658 227 129 videt
622 658 278 129 quantum
824 658 202 129 vult
951 658 177 129 eos
1052 658 253 129 videre
1229 658 152 129 et
1304 658 202 129 nota

474 732 255 120 ultra
644 732 170 120 de
729 732 198 120 hoc
842 732 255 120 tamen
1012 732 255 120 magis
1182 732 255 120 causa
1353 732 170 120 4a

478 794 180 123 deo
581 794 232 123 dante
736 794 283 123 dicitur
942 794 129 123 ¶
993 794 155 123 Ad
1071 794 258 123 quartu
1251 794 258 123 potest

485 848 153 143 dici
581 848 173 143 primo
696 848 153 143 quod
792 848 230 143 loquitur
964 848 115 143 de
1022 848 288 143 neccessiate
1252 848 288 143 conclusione

495 927 118 125 et
554 927 158 125 nota
653 927 315 125 consequenter
909 927 138 125 per
988 927 177 125 istum
1106 927 177 125 modum
1224 927 158 125 quod
1323 927 158 125 haec

490 990 308 125 consequentia
740 990 135 125 est
817 990 308 125 materialiter
1068 990 289 125 neccessaria
1299 990 154 125 deus
1376 990 96 125 vir

482 1052 171 146 hoc
579 1052 245 146 igitur
751 1052 171 146 hoc
848 1052 196 146 erit
971 1052 147 146 et
1044 1052 196 146 dico
1167 1052 269 146 noanter
1338 1052 171 146 mater

488 1124 193 129 quia
608 1124 217 129 forte
753 1124 169 129 non
849 1124 169 129 est
946 1124 337 129 neccessaia
1211 1124 337 129 formaliter

499 1198 111 132 ¶
543 1198 133 132 2o
609 1198 221 132 potest
764 1198 177 132 dici
875 1198 177 132 quod
985 1198 177 132 ipse
1096 1198 177 132 sint
1207 1198 221 132 illius
1339 1198 155 132 inten

486 1247 213 154 tionis
635 1247 170 154 vere
741 1247 149 154 sed
826 1247 192 154 tamen
954 1247 128 154 in
1018 1247 149 154 hoc
1103 1247 213 154 eravit
1252 1247 213 154 igitur
1401 1247 192 154 dicta

489 1337 214 140 eius
623 1337 188 140 non
730 1337 214 140 sunt
864 1337 268 140 contra
1052 1337 268 140 posita
1240 1337 214 140 haec
1374 1337 161 140 in

499 1385 247 157 materia
678 1385 179 157 ista
790 1385 112 157 ¶
835 1385 224 157 primum
992 1385 336 157 corollarium
1261 1385 224 157 contra
1418 1385 179 157 adam

503 1463 122 155 et
564 1463 325 155 bonsimilante
828 1463 163 155 adam
929 1463 183 155 libro
1051 1463 122 155 3o
1112 1463 284 155 quaestione
1336 1463 122 155 14
1397 1463 183 155 beono

511 1543 245 146 similante
700 1543 113 146 li
756 1543 170 146 primo
870 1543 264 146 quaestione
1077 1543 189 146 penult
1209 1543 226 146 articulo
1379 1543 113 146 et
1436 1543 151 146 quod

508 1626 144 124 nis
591 1626 186 124 inter
715 1626 268 124 quaslibet
921 1626 350 124 propositiones
1209 1626 309 124 contradicos
1457 1626 124 124 de

486 1668 282 179 futuro
683 1668 423 179 contingenti
1021 1668 197 179 una
1134 1668 197 179 sit
1218 1668 310 179 determina

503 1771 120 140 te
563 1771 160 140 vera
663 1771 140 140 hoc
743 1771 180 140 tamen
863 1771 260 140 argustnur
1063 1771 220 140 quantum
1223 1771 220 140 apparet
1383 1771 120 140 ex
1423 1771 100 140 ten

480 1828 241 160 extu
631 1828 271 160 primi
811 1828 211 160 per
932 1828 181 160 ya
1022 1828 332 160 negavit
1264 1828 241 160 esse
1384 1828 151 160 ita

484 1908 177 149 prima
602 1908 177 149 patet
720 1908 118 149 ex
779 1908 295 149 conclusione
1015 1908 98 149 ¶
1054 1908 138 149 2am
1133 1908 197 149 probat
1271 1908 256 149 gregorius

518 1985 240 146 diffinitione
713 1985 90 146 in
758 1985 120 146 ista
833 1985 240 146 distinctione
1028 1985 90 146 38
1073 1985 210 146 quaestione
1238 1985 135 146 prima
1328 1985 180 146 articulo
1448 1985 90 146 prio

499 2052 209 143 Et
604 2052 417 143 authomus
916 2052 209 143 de
1021 2052 313 143 arimo
1229 2052 209 143 in
1333 2052 243 143 sua

504 2133 231 152 loyca
659 2133 231 152 parte
813 2133 231 152 prima
967 2133 309 152 capitulo
1198 2133 129 152 9
1250 2133 309 152 adducens

521 2196 202 140 poetium
668 2196 184 140 tulium
796 2196 110 140 et
852 2196 313 140 communitatile
1109 2196 129 140 hoc
1183 2196 276 140 corollarium
1403 2196 166 140 tenet

518 2279 269 120 bonaventura
733 2279 161 120 libro
841 2279 161 120 primo
948 2279 287 120 distinctione
1181 2279 108 120 10
1235 2279 90 120 ¶
1271 2279 108 120 2m
1325 2279 269 120 corollarium

513 2350 269 156 gregorius
720 2350 145 156 ubi
803 2350 145 156 iam
886 2350 145 156 est
969 2350 207 156 dictum
1113 2350 228 156 quamvis
1279 2350 310 156 philosophus

512 2431 187 148 hoc
619 2431 267 148 posuit
806 2431 187 148 non
913 2431 240 148 tamen
1073 2431 214 148 sibi
1207 2431 187 148 nec
1314 2431 160 148 in
1394 2431 214 148 ista

511 2498 338 128 materia
757 2498 215 128 nec
880 2498 246 128 alia
1034 2498 215 128 quo
1157 2498 185 128 ad
1249 2498 215 128 hoc
1372 2498 215 128 vel

507 2584 158 134 in
586 2584 185 134 hoc
691 2584 396 134 contradixit
1008 2584 238 134 patet
1166 2584 185 134 per
1272 2584 185 134 hoc
1378 2584 211 134 quia

505 2656 225 134 licet
655 2656 326 134 negaverit
906 2656 200 134 quod
1031 2656 225 134 nulla
1181 2656 276 134 istarum
1382 2656 225 134 esset

511 2724 151 124 vra
598 2724 323 124 determinate
856 2724 194 124 tamen
985 2724 280 124 concessit
1200 2724 172 124 quod
1307 2724 280 124 quoalibet

512 2801 269 149 istarum
707 2801 220 149 esset
854 2801 196 149 vera
976 2801 171 149 vel
1074 2801 245 149 fallsa
1245 2801 171 149 non
1343 2801 245 149 quodem

515 2878 383 120 determinate
822 2878 179 120 sed
924 2878 179 120 sub
1026 2878 409 120 distinctione
1358 2878 230 120 sicut

507 2950 341 132 pulchre
755 2950 341 132 deducit
1003 2950 310 132 fratur
1221 2950 372 132 anthomus

510 3031 168 109 de
594 3031 224 109 armo
734 3031 224 109 ordi
874 3031 280 109 nostri
1071 3031 196 109 ubi
1183 3031 252 109 prius
1351 3031 196 109 est

512 3078 227 155 dictum
671 3078 159 155 per
762 3078 227 155 longum
921 3078 295 155 processum
1148 3078 136 155 et
1216 3078 204 155 bonum
1352 3078 227 155 ¶srium

520 3156 314 132 corollarium
771 3156 126 132 et
834 3156 126 132 si
897 3156 167 132 omne
1001 3156 167 132 quod
1106 3156 209 132 potest
1252 3156 167 132 esse
1336 3156 209 132 essetrun

510 3231 229 152 tamen
662 3231 280 152 futurum
865 3231 229 152 prius
1018 3231 280 152 existet
1221 3231 178 152 nec
1323 3231 203 152 toti
1424 3231 102 152 la

508 3297 320 150 titudinui
755 3297 222 150 ratio
903 3297 444 150 commensurative
1272 3297 345 150 continient

510 3367 333 153 correspondere
785 3367 196 153 posset
922 3367 177 153 patet
1040 3367 196 153 primum
1177 3367 157 153 quia
1275 3367 314 153 consequentia

1619 410 191 139 ista
1738 410 167 139 non
1834 410 214 139 valet
1977 410 191 139 omne
2096 410 191 139 quod
2215 410 238 139 potest
2382 410 191 139 esse
2501 410 167 139 est

1621 490 248 130 futurum
1802 490 226 130 potest
1960 490 181 130 esse
2073 490 226 130 igitur
2231 490 158 130 est
2322 490 158 130 sed
2412 490 203 130 debet
2547 490 181 130 dici

1629 556 271 166 imminori
1832 556 248 166 futurum
2013 556 158 166 est
2103 556 180 166 quod
2216 556 225 166 potest
2373 556 180 166 esse
2486 556 158 166 sed
2576 556 158 166 hoc

1619 646 163 117 non
1712 646 256 117 dicitur
1898 646 139 117 2a
1967 646 186 117 pars
2084 646 209 117 patet
2223 646 139 117 ex
2293 646 256 117 ratione
2479 646 139 117 3e
2549 646 186 117 noco

1640 711 205 125 facta
1777 711 137 125 in
1845 711 137 125 2o
1913 711 319 125 principali
2164 711 137 125 ex
2232 711 159 125 quo
2323 711 205 125 patet
2459 711 182 125 quod
2573 711 159 125 non

1636 783 241 127 portet
1805 783 193 127 quod
1925 783 145 127 in
1997 783 169 127 deo
2094 783 169 127 sit
2190 783 386 127 contingentia
2503 783 169 127 sed
2576 783 96 127 fu

1636 868 245 117 fficit
1808 868 196 117 quod
1931 868 319 117 mensuetur
2176 868 270 117 ratione
2373 868 344 117 libertatis

1630 929 268 121 divinae
1824 929 146 121 Ex
1897 929 195 121 hiis
2019 929 219 121 patet
2165 929 195 121 quid
2286 929 292 121 dicendum
2505 929 146 121 ad
2578 929 170 121 2am

1637 998 298 119 rationem
1861 998 372 119 principalem
2159 998 248 119 factam
2332 998 149 119 in
2407 998 323 119 principlo

1652 1074 273 120 quaestionis
1870 1074 91 120 ¶
1906 1074 109 120 3a
1961 1074 236 120 conclusio
2143 1074 200 120 quamvis
2288 1074 182 120 divina
2397 1074 255 120 praescientia

1641 1133 401 147 includens
1949 1133 185 147 de
2042 1133 277 147 velle
2227 1133 277 147 nolle
2412 1133 216 147 vel
2504 1133 185 147 bene

1619 1202 344 158 placitum
1877 1202 258 158 omnis
2049 1202 258 158 entis
2221 1202 401 158 incomplexi
2536 1202 200 158 sit

1644 1286 308 145 principium
1886 1286 242 145 fontale
2062 1286 198 145 tamen
2193 1286 374 145 praescientiae
2501 1286 242 145 divinae

1656 1364 266 134 respectu
1855 1364 354 134 futuritionis
2143 1364 155 134 non
2231 1364 354 134 correspondet
2519 1364 243 134 aliquid

1646 1428 192 122 esse
1766 1428 192 122 tale
1886 1428 216 122 patet
2030 1428 168 122 cum
2126 1428 192 122 ante
2246 1428 336 122 creationem
2510 1428 216 122 omnis

1653 1494 280 113 creatura
1863 1494 233 113 futura
2026 1494 233 113 fuerit
2190 1494 304 113 praescita
2423 1494 163 113 est
2517 1494 210 113 tamen

1641 1568 303 133 nichil
1853 1568 243 133 fuit
2005 1568 243 133 nisi
2156 1568 243 133 sola
2308 1568 364 133 essentia
2551 1568 121 133 di

1645 1645 226 119 vina
1786 1645 142 119 ¶
1843 1645 170 119 2o
1928 1645 226 119 quia
2069 1645 368 119 futuritio
2352 1645 283 119 nichil
2550 1645 198 119 est

1653 1709 190 137 ideo
1772 1709 190 137 eius
1891 1709 166 137 non
1986 1709 166 137 est
2081 1709 214 137 causa
2224 1709 214 137 satis
2366 1709 262 137 videtur
2557 1709 214 137 notum

1661 1788 93 124 ¶
1699 1788 186 124 Contra
1829 1788 298 124 conclusionem
2072 1788 224 124 arguitur
2239 1788 131 124 per
2314 1788 317 124 propositionem
2575 1788 131 124 2t8
2631 1788 112 124 alex

1649 1865 284 130 audri
1839 1865 190 130 in
1934 1865 190 130 de
2029 1865 348 130 memoria
2282 1865 284 130 rerum
2440 1865 284 130 diffini

1651 1932 269 110 bilium
1840 1932 189 110 ubi
1947 1932 243 110 dicit
2109 1932 243 110 omnis
2271 1932 323 110 scientia
2513 1932 189 110 vel
2621 1932 135 110 e

1667 1992 199 138 reorum
1806 1992 179 138 causa
1926 1992 139 138 vel
2005 1992 100 138 a
2045 1992 179 138 rebus
2165 1992 239 138 caresata
2344 1992 139 138 sed
2403 1992 279 138 praescientia

1661 2064 159 141 est
1752 2064 273 141 scientia
1957 2064 228 141 igitur
2116 2064 159 141 vel
2207 2064 114 141 a
2253 2064 205 141 rebus
2389 2064 228 141 creata
2549 2064 159 141 vel
2617 2064 91 141 re

1670 2138 202 147 rpnum
1804 2138 180 147 cusa
1917 2138 135 147 ad
1984 2138 157 147 hoc
2074 2138 247 147 dicitur
2254 2138 202 147 primo
2389 2138 180 147 quod
2502 2138 247 147 proprio

1650 2222 254 109 probat
1827 2222 228 109 prima
1980 2222 254 109 partem
2157 2222 406 109 conclusionis
2487 2222 203 109 quia
2589 2222 102 109 re

1658 2292 274 122 scipit
1850 2292 357 122 scientiam
2124 2292 192 122 cum
2234 2292 384 122 inclusione
2536 2292 247 122 velle

1658 2360 265 121 diviim
1843 2360 186 121 vel
1949 2360 239 121 nolle
2108 2360 186 121 vel
2214 2360 212 121 bene
2347 2360 292 121 placiti
2559 2360 133 121 ¶
2612 2360 133 121 a

1673 2444 187 127 dico
1789 2444 187 127 quod
1906 2444 373 127 praescientia
2209 2444 163 127 sit
2302 2444 257 127 recepta
2489 2444 163 127 bne
2582 2444 163 127 est

1664 2502 205 121 causa
1801 2502 205 121 rerum
1938 2502 160 121 sed
2029 2502 205 121 tamen
2166 2502 160 121 non
2257 2502 365 121 futuritionis
2554 2502 183 121 quia

1671 2580 200 116 illa
1796 2580 175 116 non
1896 2580 175 116 est
1996 2580 175 116 res
2096 2580 175 116 nec
2197 2580 175 116 est
2297 2580 275 116 aliquod
2497 2580 250 116 sicurt

1684 2646 207 130 dictum
1829 2646 145 130 est
1912 2646 124 130 in
1974 2646 124 130 2a
2036 2646 186 130 parte
2160 2646 331 130 conclusionis
2429 2646 124 130 et
2491 2646 165 130 eius
2574 2646 103 130 pro

1664 2715 263 133 batione
1855 2715 119 133 ¶
1903 2715 239 133 primum
2070 2715 358 133 corollarium
2357 2715 167 133 res
2452 2715 310 133 praescite

1667 2785 167 135 non
1762 2785 191 135 sunt
1882 2785 191 135 casa
2001 2785 191 135 sive
2120 2785 167 135 qua
2215 2785 167 135 non
2311 2785 405 135 praescientiae

1666 2849 266 123 divinae
1860 2849 218 123 patet
2005 2849 145 123 ex
2078 2849 363 123 conclusione
2368 2849 194 123 quia
2489 2849 242 123 aliter

1675 2913 177 122 non
1776 2913 177 122 ens
1877 2913 227 122 esset
2028 2913 227 122 causa
2179 2913 227 122 entis
2331 2913 202 122 quod
2457 2913 278 122 videtur

1664 2992 218 140 falsum
1817 2992 196 140 omnio
1948 2992 283 140 Oppositum
2166 2992 218 140 istius
2318 2992 283 140 corollari
2536 2992 196 140 dicit

1673 3058 215 122 magister
1834 3058 107 122 in
1888 3058 197 122 littera
2031 3058 286 122 distinctione
2264 3058 89 122 ¶
2300 3058 107 122 2m
2353 3058 268 122 corollarium
2568 3058 107 122 si
2622 3058 125 122 per
2675 3058 72 122 po

1674 3119 147 137 vel
1758 3119 315 137 inpossibile
2010 3119 147 137 rei
2094 3119 378 137 corresponderet
2409 3119 147 137 vel
2493 3119 273 137 creaturae

1677 3198 199 124 aliqula
1822 3198 163 124 ratio
1930 3198 217 124 causalis
2093 3198 217 124 respectu
2256 3198 308 124 praescientiae
2510 3198 217 124 diviniae

1659 3268 162 125 ex
1740 3268 189 125 hoc
1848 3268 243 125 tamen
2010 3268 189 125 non
2118 3268 297 125 acquiet
2335 3268 216 125 deus
2470 3268 297 125 aliquam

1668 3343 368 139 perfectione
1963 3343 172 139 per
2061 3343 368 139 operationem
2355 3343 319 139 creaturae
2600 3343 196 139 Istd
