2964 4193
397 442 161 134 nego
497 442 341 134 consequentiam
778 442 120 134 ad
838 442 301 134 probationem
1079 442 261 134 respondeo
1280 442 140 134 cum

396 541 258 103 apostolo
589 541 129 103 ad
653 541 236 103 romanos
825 541 107 103 d
868 541 236 103 subesse
1040 541 172 103 legi
1147 541 279 103 iustitiae

397 594 320 85 intendit
637 594 160 85 et
717 594 187 85 non
824 594 320 85 remittit
1064 594 373 85 libertatem

393 664 128 101 /
445 664 154 101 4o
521 664 256 101 arguit
701 664 179 101 sic
803 664 256 101 nichil
982 664 333 101 iniustius
1238 664 205 101 quam

395 731 245 98 quod
548 731 367 98 creatura
823 731 336 98 debitum
1068 731 336 98 honorem
1282 731 122 98 an

403 797 247 118 fferat
576 797 148 118 et
650 797 173 118 non
749 797 247 118 solvat
921 797 247 118 nature
1094 797 222 118 istam
1242 797 173 118 sic

402 870 262 118 iacet
576 870 320 118 informa
809 870 203 118 5to
925 870 262 118 sicut
1099 870 291 118 nichil
1274 870 116 118 in

418 942 219 115 stius
564 942 195 115 quod
686 942 195 115 quod
808 942 195 115 deus
930 942 268 115 homorem
1125 942 195 115 suum
1246 942 146 115 in
1295 942 122 115 ten

397 1011 242 114 gratias
573 1011 220 114 servat
727 1011 220 114 posset
881 1011 396 114 rationabiliter
1210 1011 220 114 negari

404 1068 308 118 assumptum
641 1068 166 118 sed
736 1068 189 118 nego
854 1068 402 118 consequentiam
1185 1068 142 118 6o
1256 1068 213 118 aruit

407 1144 156 121 sic
496 1144 133 121 si
562 1144 267 121 peccatum
762 1144 311 121 dimittitur
1007 1144 267 121 inpratum
1207 1144 222 121 igitur

406 1205 172 133 non
505 1205 295 133 primitur
726 1205 221 133 poena
873 1205 246 133 dampni
1045 1205 172 133 sed
1119 1205 270 133 conclusio

444 1299 75 38 e

437 1272 218 121 quia
573 1272 245 121 talis
736 1272 190 121 sic
845 1272 272 121 habens
1035 1272 299 121 numquam
1253 1272 218 121 erit

411 1352 247 120 beatus
584 1352 296 120 secundum
806 1352 247 120 loycam
979 1352 296 120 pureorum
1201 1352 222 120 posse

407 1402 158 138 sibi
506 1402 276 138 respondere
723 1402 158 138 quod
822 1402 178 138 talis
940 1402 138 138 sic
1019 1402 197 138 habens
1157 1402 158 138 erit
1256 1402 197 138 beatus

410 1487 121 123 et
470 1487 182 123 tamen
592 1487 222 123 numquam
753 1487 162 123 erit
854 1487 202 123 beatus
996 1487 141 123 sic
1077 1487 202 123 habens
1218 1487 242 123 peccatum

407 1551 174 138 dico
516 1551 196 138 tamen
647 1551 174 138 quod
756 1551 131 138 ex
821 1551 131 138 2a
886 1551 348 138 distinctione
1169 1551 196 138 patet
1278 1551 131 138 quid

418 1641 209 122 sit
537 1641 358 122 dicendum
806 1641 209 122 qui
925 1641 358 122 sufficit
1193 1641 268 122 michi

428 1697 185 132 quod
544 1697 185 132 deus
659 1697 231 132 potest
821 1697 255 132 dimitte
1006 1697 278 132 peccatum
1215 1697 162 132 non
1307 1697 162 132 prn

417 1763 248 113 intum
583 1763 193 113 vel
693 1763 385 113 remittendo
995 1763 193 113 vel
1105 1763 358 113 quocumque

423 1839 183 110 alio
537 1839 183 110 modo
652 1839 114 110 /
697 1839 137 110 Ad
766 1839 251 110 ultimum
948 1839 160 110 cum
1040 1839 228 110 arguit
1200 1839 251 110 exverbs

421 1905 251 126 augustinus
618 1905 161 126 libro
725 1905 197 126 ofionum
869 1905 215 126 inisisti
1030 1905 143 126 duae
1119 1905 125 126 etc
1191 1905 233 126 Respondeo

426 1979 212 117 quod
558 1979 371 117 intelligit
849 1979 159 117 de
929 1979 238 117 poena
1088 1979 344 117 contracta

426 2042 178 122 vel
527 2042 279 122 relicta
730 2042 152 122 de
806 2042 178 122 qua
908 2042 330 122 conclusio
1162 2042 178 122 non
1263 2042 228 122 solum

425 2121 245 109 esset
588 2121 218 109 vera
725 2121 164 109 de
806 2121 191 109 deo
915 2121 218 109 ymmo
1052 2121 191 109 nec
1161 2121 191 109 ego
1270 2121 191 109 pos

444 2185 152 135 sem
531 2185 261 135 peccatum
727 2185 283 135 dimittere
945 2185 131 135 in
1010 2185 261 135 praemtum
1206 2185 174 135 quod
1314 2185 152 135 cum

434 2266 219 113 quod
570 2266 164 113 de
652 2266 246 113 mundo
816 2266 191 113 sic
925 2266 328 113 loquendo
1171 2266 164 113 Et
1253 2266 219 113 haec

444 2348 388 107 sufficiant

648 2376 180 121 trum
760 2376 292 121 veritatem
985 2376 247 121 sinceam
1165 2376 180 121 tece
1277 2376 225 121 scicud

631 2459 335 109 christiannae
903 2459 314 109 inpossibile
1154 2459 146 109 sit
1238 2459 209 109 matero

630 2520 172 116 rem
729 2520 295 116 perfecte
950 2520 344 116 cognoscere
1195 2520 197 116 effica

434 2582 181 119 tia
537 2582 310 119 rationis
770 2582 258 119 quanae
950 2582 206 119 sine
1079 2582 361 119 spececiali

417 2639 200 118 dei
531 2639 485 118 illustratione
930 2639 171 118 et
1015 2639 399 118 fundamento
1300 2639 114 118 si

434 2708 220 108 dei
559 2708 409 108 katholice
874 2708 189 108 ac
968 2708 252 108 fina
1125 2708 377 108 adhesive

437 2777 203 110 quod
563 2777 177 110 non
665 2777 203 110 homo
791 2777 253 110 viator
969 2777 253 110 potest
1146 2777 329 110 efficacia

443 2848 309 114 rationis
675 2848 283 114 humanae
881 2848 206 114 sive
1010 2848 206 114 tali
1139 2848 335 114 ilustrati

431 2909 179 133 one
533 2909 281 133 aliquid
737 2909 357 133 cognoscere
1017 2909 153 133 et
1094 2909 230 133 aeque
1247 2909 230 133 primo

451 2987 216 116 potest
603 2987 259 116 notitiam
797 2987 302 116 cuiuslibet
1034 2987 173 116 veri
1142 2987 173 116 habe
1250 2987 216 116 igitur

448 3055 235 131 quaestio
624 3055 176 131 falsa
742 3055 176 131 prima
859 3055 156 131 pars
957 3055 254 131 antecetis
1152 3055 137 131 est
1230 3055 235 131 doctoris

465 3116 254 138 olempnis
655 3116 191 138 parte
783 3116 191 138 prima
910 3116 233 138 articul
1079 3116 106 138 1
1121 3116 297 138 quaestione
1354 3116 106 138 2

443 3208 113 120 et
500 3208 169 120 eodem
612 3208 225 120 articulo
781 3208 263 120 quaestione
987 3208 94 120 4
1025 3208 131 120 ubi
1100 3208 131 120 sic
1175 3208 225 120 arguitur
1343 3208 150 120 quia

458 3304 205 124 potentia
611 3304 222 124 naturalis
782 3304 171 124 potest
901 3304 256 124 naturaliter
1106 3304 102 124 in
1157 3304 136 124 suam
1242 3304 205 124 actionem

1531 401 243 129 naturalem
1718 401 131 129 sed
1793 401 281 129 intellectus
2018 401 131 129 est
2093 401 225 129 potentia
2261 401 243 129 naturalis
2448 401 112 129 et

1535 480 141 132 sua
1615 480 241 132 operatio
1796 480 141 132 est
1877 480 181 132 scire
1998 480 121 132 et
2058 480 302 132 intelligere
2300 480 201 132 igitur
2420 480 121 132 meam

1544 545 208 124 potest
1690 545 313 124 naturaliter
1940 545 125 124 2a
2003 545 167 124 pars
2107 545 229 124 eiusdem
2274 545 188 124 autem
2399 545 167 124 argu

1541 618 183 107 eodem
1663 618 244 107 articulo
1846 618 285 107 quaestione
2070 618 122 107 12
2131 618 142 107 sic
2212 618 183 107 snsus
2334 618 265 107 aequprimo

1548 682 213 115 potest
1697 682 213 115 habere
1846 682 256 115 notitiam
2038 682 299 115 cuiuslibet
2273 682 299 115 sensibilis

1529 749 178 129 igitur
1654 749 107 129 et
1707 749 267 129 intellectus
1920 749 160 129 cuius
2027 749 160 129 libet
2133 749 160 129 scili
2276 749 107 129 2o
2329 749 124 129 sic
2400 749 195 129 quiarum

1528 823 298 97 ratio
1726 823 232 97 est
1859 823 298 97 eadem
2057 823 364 97 aeprimo
2289 823 198 97 apta

1524 880 255 130 crata
1694 880 227 130 sunt
1836 880 255 130 agere
2006 880 227 130 suam
2148 880 369 130 naturalem
2403 880 114 130 ac

1538 940 201 127 tionem
1678 940 120 127 in
1739 940 261 127 quodlibet
1939 940 261 127 subiectum
2140 940 261 127 passibile
2340 940 120 127 ab
2401 940 181 127 ipsis

1527 1019 190 110 sed
1635 1019 244 110 omnia
1798 1019 217 110 vera
1934 1019 244 110 unica
2096 1019 217 110 bent
2232 1019 325 110 rationem

1543 1084 230 106 agendi
1704 1084 138 106 in
1773 1084 207 106 ipsum
1911 1084 345 106 intellectum
2187 1084 230 106 igitur
2348 1084 207 106 omnia

1525 1149 183 123 ab
1616 1149 244 123 ipso
1768 1149 365 123 aequpimo
2042 1149 244 123 sunt
2194 1149 244 123 apta
2346 1149 244 123 vata

1546 1209 289 128 cognosci
1810 1209 144 128 3o
1883 1209 240 128 potest
2051 1209 168 128 per
2147 1209 168 128 hoc
2243 1209 216 128 argui
2388 1209 216 128 sicut

1556 1289 211 125 scotus
1703 1289 295 125 quaestione
1935 1289 105 125 1
1977 1289 232 125 prologi
2146 1289 211 125 arguit
2293 1289 169 125 quia
2378 1289 147 125 ratio

1557 1364 276 96 naturalis
1769 1364 212 96 potest
1918 1364 170 96 mens
2024 1364 234 96 commune
2194 1364 404 96 perceptibiliter

1543 1418 371 125 perceptione
1840 1418 297 125 naturali
2063 1418 198 125 sive
2187 1418 198 125 tali
2311 1418 297 125 illustra

1538 1486 209 110 tione
1677 1486 232 110 igitur
1839 1486 139 110 et
1909 1486 139 110 in
1978 1486 278 110 quolibet
2187 1486 162 110 ens
2279 1486 301 110 spceciale

1549 1556 105 113 et
1602 1556 123 113 per
1672 1556 245 113 consequens
1865 1556 140 113 mens
1952 1556 210 113 domvinum
2110 1556 280 113 consequentia
2338 1556 158 113 tenet
2443 1556 140 113 quia

1560 1609 198 131 potens
1699 1609 337 131 perceptiliter
1976 1609 119 131 in
2036 1609 218 131 aliquod
2194 1609 238 131 obecitum
2373 1609 198 131 natura

1549 1688 124 121 le
1611 1688 228 121 commune
1777 1688 207 121 primum
1922 1688 207 121 potest
2067 1688 124 121 in
2129 1688 269 121 quodlibet
2315 1688 228 121 contentii

1563 1762 157 120 sub
1652 1762 179 120 ipso
1764 1762 157 120 pro
1854 1762 157 120 hoc
1944 1762 179 120 sunt
2056 1762 224 120 plures
2213 1762 269 120 rationes
2415 1762 224 120 ipsius

1553 1821 131 136 ex
1619 1821 218 136 quibus
1771 1821 261 136 sequitur
1967 1821 305 136 propositum
2250 1821 131 136 2o
2316 1821 152 136 sic
2403 1821 218 136 dampna

1565 1892 135 135 tus
1642 1892 192 135 potest
1776 1892 250 135 scientiae
1968 1892 231 135 vritatem
2141 1892 250 135 sinceream
2333 1892 192 135 igitur
2468 1892 135 135 etc

1559 1980 143 109 et
1631 1980 191 109 homo
1750 1980 215 109 mator
1893 1980 239 109 potest
2060 1980 167 109 eam
2155 1980 310 109 scientiae
2394 1980 191 109 sive

1549 2050 216 112 tali
1684 2050 459 112 illustratione
2062 2050 189 112 vel
2169 2050 378 112 fundamento
2439 2050 108 112 si

1554 2119 160 115 dei
1646 2119 320 115 katholicae
1897 2119 297 115 assumptum
2126 2119 206 115 patet
2263 2119 206 115 primo
2400 2119 229 115 luntis

1560 2186 133 104 16
1626 2186 266 104 divinite
1826 2186 111 104 /
1870 2186 133 104 2o
1936 2186 177 104 quia
2047 2186 288 104 potsibile
2268 2186 155 104 est
2357 2186 244 104 aliquem

1556 2244 356 107 haereticum
1835 2244 331 107 dampnatum
2090 2244 331 107 scientiae
2318 2244 280 107 efficacia

1566 2318 271 93 rationis
1770 2318 317 93 falsitatem
2019 2318 158 93 sui
2109 2318 249 93 erroris
2290 2318 158 93 tmn
2380 2318 158 93 pro
2471 2318 158 93 hoc

1570 2376 299 112 primatur
1795 2376 150 112 ut
1869 2376 225 112 spito
2019 2376 249 112 igitur
2194 2376 150 112 et
2269 2376 200 112 homo
2393 2376 225 112 mator

1575 2446 217 108 potest
1727 2446 152 108 hoc
1814 2446 283 108 scientiae
2032 2446 152 108 Sed
2119 2446 174 108 quia
2228 2446 283 108 dictiones
2423 2446 109 108 cog

1563 2507 307 83 noscunt
1786 2507 223 83 hanc
1926 2507 363 83 veritatem
2204 2507 223 83 sive
2344 2507 223 83 tali
2455 2507 112 83 il

1566 2577 352 109 lustratione
1847 2577 235 109 igitur
2012 2577 141 109 et
2082 2577 211 109 homuo
2223 2577 211 109 mator
2364 2577 235 109 potest

1554 2632 147 122 hoc
1638 2632 189 122 scire
1764 2632 272 122 assumptum
1973 2632 189 122 patet
2099 2632 335 122 consequentia
2371 2632 252 122 probatur

1554 2699 229 120 quia
1697 2699 286 120 agente
1898 2699 172 120 et
1983 2699 343 120 paciente
2241 2699 400 120 aequaliter

1574 2779 327 119 approximatis
1839 2779 286 119 aequaliter
2064 2779 245 119 Sequitur
2247 2779 184 119 actio
2370 2779 143 119 sed
2452 2779 163 119 nunc

1566 2849 400 108 intellectus
1886 2849 240 108 agens
2046 2849 187 108 est
2153 2849 266 108 potens
2339 2849 240 108 omnia
2472 2849 107 108 fa

1566 2914 134 122 ce
1633 2914 134 122 et
1700 2914 313 122 possibilis
1945 2914 201 122 omnia
2080 2914 201 122 fieri
2214 2914 134 122 ut
2281 2914 201 122 patet
2415 2914 112 122 3
2459 2914 134 122 de
2504 2914 67 122 a

1572 2992 247 107 nimnmma
1751 2992 224 107 igitur
1908 2992 202 107 ipsis
2042 2992 134 107 in
2109 2992 224 107 homine
2266 2992 359 107 approximatis

1571 3058 333 108 aequaliter
1833 3058 119 108 /
1881 3058 286 108 Sequitur
2095 3058 214 108 actio
2238 3058 167 108 meo
2333 3058 214 108 sicut
2476 3058 143 108 in

1570 3119 218 112 angelo
1723 3119 197 112 ratio
1854 3119 153 112 est
1942 3119 218 112 michil
2094 3119 131 112 de
2160 3119 197 112 massa
2291 3119 306 112 quaestione
2509 3119 66 112 1

1554 3189 307 129 prologis
1785 3189 307 129 articulo
2015 3189 231 129 primo
2169 3189 154 129 Et
2246 3189 282 129 recitat
2451 3189 179 129 eam

1557 3251 259 145 dlphonsus
1757 3251 279 145 quaestione
1976 3251 100 145 1
2016 3251 240 145 articulo
2196 3251 120 145 2o
2256 3251 140 145 sui
2335 3251 220 145 prologi
2495 3251 120 145 et
