2964 4314
480 403 180 166 ex
570 403 301 166 motivo
781 403 481 166 boneventurae
1171 403 210 166 ubi
1292 403 271 166 supra

513 508 176 123 quia
623 508 220 123 semper
777 508 154 123 tam
866 508 265 123 respectu
1064 508 198 123 tanti
1196 508 242 123 quamdam
1351 508 176 123 priori

484 585 268 111 tatem
663 585 268 111 ducit
841 585 179 111 Ex
931 585 298 111 quibus
1139 585 298 111 potest
1347 585 238 111 quid

493 657 267 125 dicendum
693 657 134 125 ad
760 657 334 125 quaestionem
1027 657 134 125 et
1094 657 134 125 ad
1161 657 156 125 3am
1250 657 334 125 principalem

497 750 386 83 rationem
786 750 289 83 quare
979 750 289 83 autem
1172 750 257 83 deus
1333 750 257 83 unum

512 802 440 132 praedestinet
870 802 248 132 alium
1036 802 193 132 non
1146 802 165 132 ad
1228 802 303 132 gloriam

500 856 272 122 elective
704 856 294 122 Respondeo
930 856 204 122 primo
1066 856 158 122 per
1157 856 317 122 augustinum
1405 856 136 122 in
1451 856 158 122 libro

501 955 134 128 de
568 955 246 128 spiritu
747 955 134 128 et
814 955 246 128 littera
992 955 246 128 proprie
1171 955 201 128 finem
1305 955 268 128 dicentem

495 1015 195 134 Si
592 1015 195 134 ad
689 1015 292 134 illam
884 1015 552 134 profunditatem
1338 1015 260 134 scru

499 1096 314 123 tandam
719 1096 377 123 quisquam
1001 1096 220 123 nos
1127 1096 346 123 coarcet
1347 1096 157 123 cur

522 1156 199 148 illi
647 1156 199 148 illi
771 1156 323 148 suadeatur
1020 1156 149 148 ut
1094 1156 174 148 est
1194 1156 398 148 persuadeatur

502 1228 229 143 illi
646 1228 229 143 aute
789 1228 201 143 non
904 1228 229 143 Ista
1047 1228 201 143 duo
1162 1228 229 143 sola
1305 1228 315 143 occrunt

513 1314 142 121 in
584 1314 284 121 terminum
797 1314 189 121 quae
915 1314 331 121 respondere
1176 1314 213 121 michi
1317 1314 260 121 placeat
1483 1314 71 121 o

513 1385 248 131 alter
679 1385 359 131 dividitur
955 1385 166 131 et
1038 1385 304 131 numquim
1258 1385 359 131 iniquitas

508 1460 239 121 aput
658 1460 239 121 deum
807 1460 209 121 cui
927 1460 389 121 responsio
1226 1460 239 121 ista
1346 1460 179 121 disp

508 1536 286 132 liceat
709 1536 315 132 quaerat
938 1536 344 132 doctores
1195 1536 200 132 sed
1310 1536 286 132 caveat

506 1595 186 129 ne
599 1595 186 129 ne
692 1595 372 129 inveniat
971 1595 528 129 praesumptores
1406 1595 186 129 2o

514 1679 271 118 respondeo
723 1679 146 118 per
806 1679 229 118 hugonem
973 1679 188 118 libro
1098 1679 188 118 primo
1223 1679 125 118 de
1264 1679 271 118 sacramentis

510 1738 194 138 parte
640 1738 108 138 5
683 1738 258 138 capitulo
876 1738 129 138 35
941 1738 151 138 ubi
1027 1738 194 138 dicit
1156 1738 172 138 quod
1263 1738 215 138 certum
1414 1738 172 138 esse

520 1818 201 118 non
635 1818 288 118 potest
837 1818 288 118 melius
1038 1818 259 118 inter
1211 1818 316 118 occulta
1412 1818 115 118 de

512 1887 316 116 putatur
742 1887 201 116 ubi
857 1887 374 116 ignoratia
1145 1887 201 116 non
1260 1887 345 116 culpatur

511 1966 358 124 praesumptio
797 1966 286 124 arguitur
1012 1966 143 124 Ex
1084 1966 239 124 quibus
1251 1966 215 124 patet
1394 1966 191 124 quod

511 2036 296 140 potius
719 2036 208 140 est
837 2036 356 140 silentio
1104 2036 208 140 hic
1223 2036 296 140 perire
1401 2036 148 140 cre

517 2117 241 131 dendo
678 2117 401 131 transeundem
999 2117 214 131 quam
1133 2117 348 131 scrutivio
1373 2117 161 131 prae

527 2182 302 129 sumendum
753 2182 151 129 et
828 2182 201 129 haec
954 2182 151 129 de
1029 2182 201 129 ista
1155 2182 352 129 quaestione
1431 2182 151 129 in

524 2254 163 133 toto
626 2254 286 133 sufficiant
850 2254 122 133 ad
911 2254 245 133 praesens
1095 2254 184 133 causa
1217 2254 286 133 brevitatis

748 2317 148 118 unc
832 2317 169 118 vero
938 2317 127 118 de
1001 2317 338 118 omnipotentia
1276 2317 148 118 etc
1361 2317 254 118 postquam

756 2399 304 90 magister
984 2399 406 90 determinavit
1313 2399 152 90 de
1389 2399 177 90 dei

732 2460 299 120 scientia
956 2460 149 120 in
1031 2460 324 120 fallibili
1280 2460 199 120 nunc
1380 2460 149 120 inci

497 2541 190 131 pit
605 2541 326 131 tractare
850 2541 163 131 de
931 2541 217 131 eius
1067 2541 299 131 inmensa
1257 2541 272 131 potentia

522 2610 151 100 et
597 2610 429 100 interminabili
951 2610 151 100 Et
1026 2610 328 100 dividitur
1279 2610 202 100 haec
1405 2610 202 100 pars

518 2678 181 117 in
608 2678 241 117 tres
759 2678 302 117 partes
970 2678 211 117 nam
1091 2678 272 117 primo
1272 2678 362 117 magister

524 2738 306 138 manifestat
765 2738 153 138 dei
852 2738 372 138 omnipotentiam
1158 2738 153 138 per
1246 2738 284 138 respectum
1465 2738 131 138 ad

503 2817 374 130 productorum
802 2817 324 130 entitatem
1051 2817 150 130 2o
1126 2817 150 130 ad
1201 2817 274 130 ipsorum
1400 2817 199 130 quan

512 2890 323 118 titatem
747 2890 176 118 et
835 2890 176 118 3o
923 2890 176 118 ad
1011 2890 265 118 eorum
1188 2890 382 118 bonitatem

518 2955 173 126 tunc
627 2955 130 126 2a
692 2955 173 126 pars
800 2955 238 126 incipit
974 2955 130 126 in
1039 2955 130 126 43
1104 2955 347 126 distinctione
1386 2955 217 126 Quidam

505 3028 232 128 tamen
660 3028 181 128 etc
763 3028 155 128 et
841 3028 155 128 3a
918 3028 155 128 in
996 3028 155 128 44
1073 3028 413 128 distinctione
1409 3028 181 128 ibi

509 3090 196 144 nunc
631 3090 245 144 restat
802 3090 220 144 prima
949 3090 196 144 pars
1072 3090 318 144 dividitur
1317 3090 147 144 in
1390 3090 196 144 tres

496 3162 313 139 partes
715 3162 219 139 nam
840 3162 282 139 primo
1029 3162 376 139 magister
1311 3162 282 139 movet

499 3241 208 109 unam
629 3241 390 109 quaestionem
941 3241 156 109 et
1019 3241 286 109 tenetur
1226 3241 234 109 parte
1382 3241 208 109 unam

545 3306 143 134 2o
616 3306 238 134 obicit
783 3306 167 134 per
879 3306 238 134 variam
1045 3306 334 134 instantiam
1308 3306 286 134 contrari

513 3373 152 155 am
589 3373 152 155 et
665 3373 152 155 3o
741 3373 228 155 ponit
893 3373 305 155 notabile
1122 3373 152 155 ex
1198 3373 178 155 quo
1299 3373 305 155 quilibet

1670 408 292 153 elicere
1883 408 292 153 poterit
2096 408 372 153 solutionem
2388 408 239 153 veram
2548 408 213 153 tunc

1670 491 151 114 2a
1745 491 201 114 pars
1871 491 276 114 incipit
2072 491 176 114 ibi
2172 491 176 114 sed
2273 491 327 114 quaeritur
2524 491 151 114 3a
2574 491 126 114 ibi

1669 553 183 158 hic
1773 553 313 158 diligens
2008 553 157 158 Et
2087 553 209 158 tunc
2217 553 313 158 sequitur
2452 553 157 158 2a
2530 553 209 158 pars

1664 648 439 123 principalis
2015 648 234 123 quae
2162 648 205 123 est
2279 648 410 123 distinctio
2572 648 117 123 43

1671 688 201 157 quae
1797 688 327 157 dividitur
2048 688 151 157 in
2123 688 201 157 tres
2249 688 251 157 partes
2425 688 176 157 nam
2525 688 226 157 primo

1673 757 349 148 magister
1935 757 349 148 refellit
2197 757 233 148 unam
2343 757 408 148 oppinionem

1680 841 284 146 falsam
1935 841 170 146 2o
2020 841 341 146 adiungit
2276 841 170 146 et
2361 841 284 146 solvit
2560 841 227 146 eius

1672 915 409 141 argumentionem
2009 915 241 141 soptam
2201 915 144 141 Et
2274 915 144 141 3o
2346 915 289 141 magister
2563 915 217 141 ponit

1678 984 530 125 determinationem
2125 984 223 125 suam
2264 984 363 125 veridicam
2544 984 223 125 tunc

1672 1055 146 115 2a
1745 1055 194 115 pars
1866 1055 170 115 est
1963 1055 170 115 ibi
2061 1055 170 115 non
2158 1055 243 115 potest
2328 1055 146 115 3a
2401 1055 146 115 in
2474 1055 292 115 fateamur

1665 1132 321 124 itaque
1890 1132 257 124 deum
2050 1132 289 124 multa
2243 1132 289 124 posse
2435 1132 193 124 Et
2531 1132 257 124 tunc

1695 1227 312 116 sequitur
1929 1227 156 116 3a
2007 1227 208 116 pars
2137 1227 390 116 principalis
2448 1227 208 116 quae
2578 1227 182 116 est

1673 1290 315 114 distinctio
1921 1290 135 114 44
1989 1290 135 114 Et
2056 1290 293 114 dividitur
2281 1290 135 114 in
2349 1290 180 114 tres
2461 1290 225 114 partes
2619 1290 135 114 2m

1673 1367 192 115 quod
1793 1367 120 115 3
1841 1367 216 115 movet
1985 1367 360 115 quaestiones
2272 1367 168 115 nam
2368 1367 216 115 primo
2512 1367 264 115 quaerit

1665 1427 290 124 utrum
1858 1427 258 124 modo
2020 1427 355 124 meliori
2278 1427 194 124 Et
2374 1427 194 124 3o
2471 1427 290 124 utrum

1679 1491 236 122 omne
1826 1491 236 122 quod
1973 1491 294 122 potuit
2179 1491 294 122 possit
2385 1491 294 122 scatum
2562 1491 147 122 uni

1680 1565 248 115 formi
1846 1565 165 115 et
1928 1565 220 115 tunc
2066 1565 220 115 pars
2204 1565 193 115 est
2314 1565 220 115 post
2452 1565 220 115 haec
2562 1565 138 115 con

1680 1634 393 151 siderandum
1989 1634 197 151 est
2101 1634 169 151 et
2185 1634 169 151 3a
2270 1634 197 151 ibi
2382 1634 365 151 praeterea

1662 1701 340 163 quaeri
1900 1701 306 163 soret
2104 1701 238 163 etc

1900 1770 202 131 trum
2026 1770 303 131 inmensus
2254 1770 228 131 vigor
2405 1770 379 131 simpliciter

1887 1839 275 143 divinae
2087 1839 325 143 essentiae
2336 1839 175 143 sit
2436 1839 225 143 ratio
2561 1839 175 143 forma

1874 1902 183 124 lis
1978 1902 497 124 convertibiliter
2397 1902 340 124 adaequata

1685 1973 410 142 omnipotentiae
2022 1973 145 142 et
2095 1973 289 142 arguitur
2311 1973 217 142 primo
2456 1973 193 142 quod
2577 1973 169 142 non

1677 2064 254 109 quia
1836 2064 286 109 entia
2027 2064 318 109 divina
2249 2064 222 109 non
2376 2064 222 109 est
2472 2064 222 109 immen

1694 2127 131 124 sus
1769 2127 168 124 vigor
1881 2127 187 124 igitur
2012 2127 224 124 quaestio
2180 2127 168 124 falsa
2292 2127 168 124 tenet
2404 2127 299 124 consequentia

1684 2199 324 121 antecedens
1939 2199 278 121 arguitur
2147 2199 162 121 tum
2240 2199 209 121 primo
2379 2199 185 121 quia
2495 2199 209 121 nulla

1693 2274 335 141 potentia
1945 2274 307 141 passiva
2168 2274 447 141 correspondet
2531 2274 224 141 sibi

1676 2347 274 113 immensa
1876 2347 225 113 tamen
2025 2347 150 113 2o
2100 2347 299 113 sequitur
2325 2347 200 113 quod
2449 2347 225 113 motus
2574 2347 100 113 po

1672 2419 189 132 sset
1791 2419 213 132 fieri
1933 2419 142 132 in
2004 2419 284 132 instanti
2217 2419 213 132 tamen
2359 2419 142 132 3o
2430 2419 189 132 quia
2549 2419 166 132 non

1692 2487 286 146 posset
1892 2487 286 146 reduci
2092 2487 171 146 ad
2178 2487 228 146 actu
2321 2487 200 146 nec
2435 2487 314 146 mediate

1688 2561 180 115 nec
1791 2561 335 115 immentate
2049 2561 258 115 igitur
2230 2561 284 115 frustra
2436 2561 284 115 ponitur

1679 2647 242 110 talis
1840 2647 296 110 ponitur
2056 2647 188 110 vel
2163 2647 269 110 vigore
2351 2647 323 110 immensus
2593 2647 161 110 2o

1673 2711 164 128 sic
1766 2711 141 128 si
1837 2711 282 128 quaestio
2048 2711 211 128 esset
2189 2711 188 128 vera
2306 2711 211 128 circa
2447 2711 164 128 per
2518 2711 164 128 inmen

1691 2775 203 146 sum
1807 2775 320 146 vigorem
2040 2775 436 146 simpliciter
2388 2775 407 146 probaretur

1675 2863 303 103 divina
1887 2863 516 103 omnipotentiam
2312 2863 455 103 pertinenter

1701 2922 252 143 consequentia
1906 2922 126 143 nota
1985 2922 95 143 et
2032 2922 221 143 consequens
2206 2922 158 143 falsum
2316 2922 158 143 igitur
2427 2922 95 143 et
2474 2922 189 143 quaestio
2616 2922 158 143 falsas

1695 2999 301 130 consequenter
1940 2999 207 130 apparet
2090 2999 113 130 2m
2147 2999 150 130 quod
2241 2999 169 130 dicit
2354 2999 226 130 magister
2523 2999 226 130 Iohannes

1692 3072 152 130 de
1768 3072 303 130 braculis
1995 3072 152 130 in
2071 3072 152 130 de
2146 3072 278 130 simbolo
2349 3072 303 130 articulo
2576 3072 152 130 3o

1695 3156 244 135 capitulo
1878 3156 102 135 2
1919 3156 285 135 corollario
2143 3156 122 135 4o
2204 3156 183 135 tamen
2326 3156 183 135 primo
2448 3156 163 135 quia
2550 3156 204 135 posset

1691 3238 260 121 dicere
1873 3238 338 121 fligrasus
2133 3238 208 121 quod
2262 3238 312 121 inmensus
2496 3238 260 121 vigior

1700 3315 144 164 esset
1796 3315 144 164 prior
1892 3315 192 164 respectu
2035 3315 271 164 omnipotentiae
2259 3315 96 164 et
2307 3315 112 164 per
2371 3315 224 164 consequens
2546 3315 160 164 posset
2658 3315 128 164 unum
