2964 4327
470 427 144 145 tum
553 427 164 145 enim
655 427 185 145 dicat
779 427 370 145 inperfectionem
1087 427 185 145 patet
1210 427 329 145 consequentia

485 494 129 163 per
558 494 294 163 conclusionem
797 494 110 163 et
852 494 257 163 antecedens
1054 494 165 163 patet
1164 494 147 163 quia
1256 494 129 163 est
1329 494 275 163 inpossibile

496 579 191 142 sieri
623 579 106 142 a
666 579 191 142 patre
793 579 128 142 et
857 579 191 142 filio
985 579 106 142 ¶
1027 579 128 142 Ad
1091 579 191 142 istud
1218 579 213 142 posset
1367 579 191 142 dicit

484 652 372 178 conformiter
782 652 248 178 dictis
956 652 223 178 sacte
1105 652 348 178 theologiae
1378 652 174 178 ubi

483 725 224 179 supra
632 725 174 179 est
732 725 248 179 dictum
906 725 149 179 et
980 725 248 179 Egidii
1154 725 224 179 libro
1303 725 224 179 primo

484 808 279 169 dbetiono
693 808 186 169 quod
809 808 256 169 spirare
995 808 163 169 non
1088 808 465 169 conprehenderetur

493 901 425 136 subomnipotentia
851 901 336 136 simpliciter
1119 901 134 136 et
1187 901 269 136 absolute
1388 901 157 136 sed

486 976 540 155 subomnipotentia
940 976 284 155 patris
1139 976 170 155 et
1224 976 256 155 filii
1394 976 170 155 et

497 1062 150 145 non
582 1062 257 145 spiritus
775 1062 214 145 sancti
925 1062 236 145 propter
1096 1062 321 145 repugnantia
1354 1062 214 145 habius

490 1148 336 141 terminulorum
763 1148 147 141 vel
847 1148 189 141 parti
973 1148 126 141 ad
1036 1148 273 141 subiectum
1245 1148 210 141 Aliter
1392 1148 168 141 dico
1497 1148 147 141 non

481 1214 181 147 quod
594 1214 249 147 recipio
775 1214 136 147 si
843 1214 249 147 proprie
1024 1214 362 147 proeffective
1295 1214 181 147 effici

480 1270 189 177 vel
588 1270 323 177 efficere
830 1270 162 177 et
911 1270 189 177 sit
1019 1270 189 177 non
1127 1270 189 177 est
1235 1270 350 177 possibile

491 1368 178 170 fieri
610 1368 237 170 spiritum
787 1368 217 170 sanctum
945 1368 138 170 nec
1024 1368 197 170 filium
1163 1368 99 170 ¶
1202 1368 118 170 2m
1261 1368 296 170 corollarium

473 1453 253 132 contra
650 1453 253 132 eundem
826 1453 253 132 ibidem
1003 1453 354 132 corollario
1281 1453 152 132 3o
1357 1453 177 132 non

490 1522 359 165 sufficienter
781 1522 337 165 describitur
1051 1522 202 165 ratio
1185 1522 382 165 omnipoluntiae

476 1603 249 158 quia
631 1603 249 158 omne
787 1603 466 158 ymaginabile
1160 1603 187 158 fi
1253 1603 342 158 perdeum

491 1677 153 161 ut
568 1677 179 161 sic
670 1677 332 161 possibile
925 1677 179 161 est
1027 1677 204 161 deum
1155 1677 255 161 facere
1333 1677 230 161 patet

472 1761 244 135 quia
625 1761 214 135 est
747 1761 397 135 assignare
1053 1761 244 135 idem
1206 1761 214 135 per
1328 1761 244 135 idem

495 1830 173 140 igitur
616 1830 156 140 talis
720 1830 242 140 descriptio
910 1830 121 140 non
979 1830 156 140 valet
1083 1830 86 140 ¶
1117 1830 104 140 3m
1169 1830 259 140 corollarium
1377 1830 173 140 contra

503 1897 198 134 hugolinus
655 1897 91 134 in
700 1897 122 134 ista
776 1897 91 134 42
822 1897 243 134 distinctione
1020 1897 213 134 quaestione
1187 1897 137 134 prima
1278 1897 182 134 articulo
1415 1897 137 134 primo

495 1987 193 141 haec
615 1987 169 141 non
712 1987 169 141 est
808 1987 193 141 bona
928 1987 337 141 explicatio
1169 1987 361 141 omniposentiae

483 2083 358 141 quidquid
752 2083 179 141 si
841 2083 179 141 ab
931 2083 299 141 aliquo
1140 2083 448 141 omnipotente

499 2151 166 134 non
594 2151 285 134 inplicat
808 2151 451 134 contradictionem
1188 2151 190 134 deus
1307 2151 238 134 potest

487 2229 233 144 facere
650 2229 140 144 et
719 2229 209 144 solum
859 2229 186 144 tale
975 2229 209 144 patet
1115 2229 209 144 tamen
1255 2229 209 144 primo
1394 2229 186 144 quia

482 2310 250 134 large
649 2310 389 134 recipiendo
954 2310 333 134 secundum
1204 2310 194 134 eum
1316 2310 250 134 fieri

488 2391 244 156 filius
658 2391 146 156 in
732 2391 268 156 divinis
927 2391 244 156 potest
1098 2391 146 156 si
1171 2391 146 156 ab
1244 2391 244 156 aliquo
1391 2391 146 156 omni

484 2475 281 114 potente
689 2475 205 114 quia
817 2475 128 114 a
868 2475 230 114 patre
1021 2475 153 114 et
1098 2475 230 114 tamen
1251 2475 307 114 spiritus

513 2545 208 145 anes
643 2545 287 145 aliquod
852 2545 339 145 possibile
1112 2545 182 145 fir
1216 2545 156 145 ab
1295 2545 261 145 aliquo

486 2626 172 119 unum
593 2626 237 119 potente
765 2626 151 119 non
851 2626 215 119 potest
1002 2626 129 119 et
1066 2626 151 119 per
1152 2626 301 119 consequens
1389 2626 151 119 non

501 2704 169 135 est
598 2704 338 135 omnipotens
863 2704 193 135 quod
984 2704 169 135 est
1081 2704 242 135 falsum
1250 2704 121 135 ¶
1298 2704 145 135 2o
1371 2704 193 135 quia

474 2772 149 141 2m
549 2772 198 141 quod
673 2772 223 141 dicit
821 2772 273 141 sanctus
1020 2772 248 141 thomas
1194 2772 149 141 et
1268 2772 223 141 uende
1392 2772 124 141 per

491 2846 169 145 prima
604 2846 263 145 quaestione
811 2846 113 145 25
867 2846 226 145 articulo
1037 2846 113 145 3o
1093 2846 132 145 sic
1168 2846 188 145 dicere
1300 2846 132 145 est
1357 2846 150 145 facere

471 2915 508 133 cculationem
877 2915 237 133 nam
1013 2915 237 133 non
1148 2915 271 133 erit
1318 2915 237 133 aad

481 2992 229 123 dicere
641 2992 183 123 nisi
756 2992 183 123 ideo
871 2992 160 123 est
962 2992 206 123 opers
1100 2992 183 123 quia
1214 2992 160 123 est
1306 2992 229 123 opoers

481 3067 168 143 quae
586 3067 295 143 explicatio
818 3067 147 143 vel
902 3067 189 143 valet
1028 3067 189 143 sicut
1154 3067 189 143 patet
1281 3067 210 143 igitur
1407 3067 84 143 re

470 3148 311 145 lquitur
696 3148 396 145 explicatio
1007 3148 255 145 facta
1177 3148 170 145 in
1262 3148 226 145 quae
1375 3148 141 145 bon

468 3216 218 142 quod
604 3216 218 142 erat
740 3216 355 142 probandum
1013 3216 191 142 dum
1122 3216 245 142 tamen
1259 3216 245 142 intelli

466 3283 201 154 gatur
600 3283 179 154 haec
712 3283 134 154 fi
779 3283 134 154 2m
846 3283 179 154 quod
958 3283 157 154 est
1047 3283 224 154 dictum
1204 3283 246 154 proprie
1383 3283 112 154 ¶
1428 3283 134 154 3a

479 3366 316 150 conclusio
722 3366 243 150 divina
892 3366 316 150 miensitas
1134 3366 170 150 est
1231 3366 267 150 potents

1663 430 270 199 factivum
1865 430 225 199 potens
2022 430 270 199 efficere
2224 430 202 199 omnem
2359 430 292 199 possibile
2584 430 180 199 sant

1644 521 172 154 ram
1743 521 294 154 respectu
1963 521 221 154 omnis
2110 521 294 154 alterius
2331 521 319 154 potentiae
2552 521 147 154 equa

1648 612 322 145 nalentis
1890 612 375 145 prvalentis
2185 612 161 145 et
2265 612 241 145 super
2426 612 322 145 valentis

1643 676 177 160 2m
1731 676 324 160 speciem
1966 676 177 160 et
2055 676 353 160 mensuram
2320 676 265 160 prima
2496 676 294 160 partem

1646 746 263 160 rliquo
1830 746 369 160 manifestam
2120 746 158 160 ex
2199 746 290 160 secunda
2383 746 342 160 conclusione

1657 818 178 145 3am
1758 818 229 145 probo
1911 818 204 145 quia
2039 818 255 145 potest
2217 818 306 145 quidquid
2446 818 229 145 causa
2599 818 153 145 2a

1653 890 390 139 perfectionis
1970 890 244 139 potest
2140 890 195 139 quia
2262 890 317 139 singulari
2506 890 244 139 specie

1666 958 291 122 actionis
1884 958 291 122 scilicet
2102 958 291 122 creative
2321 958 146 122 et
2394 958 364 122 independent

1649 1032 150 144 3o
1724 1032 200 144 quia
1849 1032 450 144 aequefaciliter
2223 1032 150 144 in
2298 1032 300 144 instanti
2523 1032 225 144 sicut

1661 1105 101 141 in
1712 1105 185 141 tempore
1846 1105 134 141 quod
1930 1105 118 141 non
1997 1105 151 141 valet
2098 1105 202 141 creatura
2249 1105 168 141 igitur
2367 1105 218 141 conclusio
2535 1105 134 141 ueri
2619 1105 101 141 Et

1655 1177 179 133 patet
1774 1177 159 133 haec
1874 1177 119 133 2a
1933 1177 159 133 pars
2033 1177 119 133 et
2092 1177 199 133 dictis
2231 1177 179 133 beati
2351 1177 238 133 dinysium
2529 1177 119 133 in
2589 1177 179 133 prima

1662 1234 276 129 quncsiaone
1879 1234 178 129 satis
1998 1234 256 129 evidenter
2195 1234 99 129 ¶
2234 1234 197 129 primum
2372 1234 296 129 corollarium
2589 1234 99 129 pro

1666 1300 240 161 prima
1826 1300 294 161 ratione
2040 1300 160 161 3a
2120 1300 401 161 principalis
2441 1300 214 161 omne
2574 1300 240 161 silis

1659 1385 492 137 perfectionaliter
2078 1385 148 137 ad
2152 1385 222 137 extra
2299 1385 123 137 a
2349 1385 222 137 causa
2496 1385 148 137 2a
2546 1385 172 137 produ

1646 1450 158 122 ci
1725 1450 131 122 a
1777 1450 237 122 prima
1935 1450 394 122 inmensitate
2250 1450 315 122 perfecte
2487 1450 263 122 potest

1663 1526 184 129 effici
1792 1526 221 129 probatur
1958 1526 277 129 corollarium
2179 1526 111 129 ex
2234 1526 277 129 conclusione
2455 1526 147 129 quia
2548 1526 184 129 aliter

1658 1590 155 124 non
1746 1590 199 124 esset
1879 1590 222 124 potens
2034 1590 222 124 fcivum
2190 1590 266 124 respectu
2389 1590 332 124 tcuiuslibet

1672 1668 315 156 posibilis
1914 1668 194 156 cure
2035 1668 121 156 ¶
2083 1668 145 156 2m
2156 1668 363 156 corollarium
2447 1668 194 156 deus
2568 1668 194 156 esti

1666 1740 341 133 omnipotens
1934 1740 317 133 potenstia
2178 1740 244 133 potens
2348 1740 171 133 vel
2446 1740 146 133 ei
2519 1740 244 133 princi

1665 1815 262 127 aliter
1848 1815 288 127 pualuit
2058 1815 157 127 et
2137 1815 236 127 super
2294 1815 315 127 valentur
2504 1815 183 127 aequa

1658 1908 181 110 lens
1771 1908 203 110 patet
1907 1908 203 110 supra
2042 1908 135 110 ex
2110 1908 339 110 conclusione
2381 1908 181 110 quia
2494 1908 248 110 excedit

1667 1983 207 105 omnem
1805 1983 253 105 alteram
1988 1983 298 105 potentiam
2218 1983 138 105 2m
2287 1983 253 105 speciem
2470 1983 275 105 actionis

1668 2032 117 152 et
1727 2032 234 152 mensuram
1903 2032 195 152 igitur
2039 2032 293 152 corollarium
2274 2032 176 152 verum
2391 2032 117 152 ¶m
2449 2032 293 152 corollarium

1647 2145 258 83 deus
1808 2145 323 83 omniio
2034 2145 226 83 est
2163 2145 323 83 potens
2389 2145 387 83 qualiter

1642 2190 264 140 perfecte
1840 2190 154 140 est
1928 2190 198 140 posse
2060 2190 154 140 per
2148 2190 286 140 inmediate
2369 2190 308 140 suffficiet
2611 2190 154 140 nem

1648 2255 287 144 rationem
1863 2255 287 144 fectivam
2078 2255 382 144 perfectionis
2389 2255 358 144 cuiuscumque

1670 2332 244 132 alterius
1853 2332 204 132 causae
1996 2332 244 132 supplere
2179 2332 183 132 patet
2301 2332 183 132 istud
2423 2332 306 132 corollarium

1669 2412 151 126 ex
1744 2412 352 126 corollario
2021 2412 151 126 2o
2096 2412 201 126 quia
2222 2412 176 126 est
2322 2412 226 126 omnio
2473 2412 301 126 potertia

1664 2482 263 146 potens
1848 2482 184 146 vel
1953 2482 158 146 ei
2032 2482 342 146 pualuntis
2295 2482 158 146 et
2374 2482 237 146 super
2532 2482 263 146 valunt

1668 2564 254 144 aequalens
1864 2564 195 144 igitur
2000 2564 293 144 corollarium
2235 2564 176 144 verum
2352 2564 137 144 sed
2430 2564 195 144 contra
2567 2564 176 144 istam
2684 2564 117 144 3o

1662 2630 345 136 conclusionem
1943 2630 129 136 et
2007 2630 302 136 corollaria
2244 2630 194 136 simul
2374 2630 259 136 iustatur
2568 2630 172 136 quia

1668 2706 131 134 si
1734 2706 196 134 dicta
1865 2706 175 134 haec
1974 2706 175 134 sunt
2083 2706 175 134 vera
2192 2706 153 134 vel
2279 2706 218 134 igitur
2432 2706 175 134 deus
2541 2706 218 134 potest

1661 2783 227 127 facere
1820 2783 341 127 praeteritum
2093 2783 250 127 numquam
2275 2783 227 127 fuisse
2434 2783 159 127 vel
2525 2783 159 127 non
2593 2783 91 127 si

1651 2869 192 121 sic
1760 2869 274 121 arguit
1952 2869 274 121 contra
2144 2869 329 121 Iohannes
2390 2869 301 121 Clencok
2609 2869 164 121 in

1663 2945 156 123 suo
1752 2945 267 123 quolibet
1952 2945 311 123 quaestione
2196 2945 200 123 prima
2330 2945 133 123 in
2396 2945 133 123 2o
2463 2945 311 123 principali

1652 3020 206 130 quia
1781 3020 206 130 tunc
1910 3020 206 130 deus
2038 3020 257 130 potest
2219 3020 257 130 facere
2399 3020 206 130 quod
2502 3020 180 130 esset

1660 3095 280 115 primum
1856 3095 308 115 conctra
2080 3095 140 115 9
2136 3095 252 115 mundi
2305 3095 280 115 nullum
2501 3095 252 115 homem

1647 3170 365 127 destruendi
1934 3170 157 127 et
2012 3170 209 127 tunc
2143 3170 339 127 quaeretur
2404 3170 235 127 utrum
2560 3170 235 127 tales

1646 3243 296 127 essent
1854 3243 326 127 invenes
2091 3243 207 127 vel
2209 3243 267 127 senes
2387 3243 207 127 aut
2505 3243 296 127 quando

1662 3316 339 164 producti
1916 3316 226 164 Item
2057 3316 367 164 deberemus
2339 3316 339 164 dubitare
2593 3316 226 164 utum
