2964 4377
231 479 201 182 quia
357 479 302 182 quidquid
583 479 251 182 potest
759 479 226 182 velle
910 479 251 182 potest
1086 479 176 182 non
1161 479 126 182 vel

242 588 159 156 le
321 588 159 156 ad
400 588 238 156 extra
559 588 159 156 Et
638 588 317 156 quidquid
876 588 264 156 potest
1061 588 185 156 non
1140 588 132 156 vel

223 649 142 171 le
294 649 237 171 potest
460 649 213 171 nolle
602 649 237 171 igitur
768 649 166 171 una
863 649 331 171 conceditur
1123 649 142 171 et
1170 649 95 171 al

227 746 210 145 tera
358 746 289 145 negatur
568 746 210 145 quia
700 746 184 145 non
805 746 315 145 quidquid
1042 746 263 145 potest

214 810 207 156 non
333 810 267 156 velle
511 810 296 156 potest
718 810 267 156 velle
896 810 178 156 Et
984 810 237 156 haec
1103 810 148 156 dif

223 888 362 136 ficultas
495 888 242 136 male
646 888 332 136 poterit
887 888 272 136 solvi
1069 888 151 136 a
1099 888 181 136 nega

224 969 259 157 tibus
397 969 259 157 nolle
570 969 173 157 in
656 969 202 157 deo
771 969 144 157 ¶
829 969 173 157 ad
915 969 173 157 2m
1002 969 317 157 distinc

236 1062 138 125 vo
305 1062 321 125 consequens
557 1062 183 125 quod
672 1062 229 125 potest
832 1062 321 125 dupliciter
1062 1062 206 125 intelli

208 1131 144 160 gi
280 1131 288 160 scilicet
496 1131 264 160 aliquod
688 1131 168 160 deo
784 1131 360 160 intrinsecum
1072 1131 240 160 immesa

224 1203 448 141 indifferentia
593 1203 316 141 conpetit
830 1203 185 141 deo
935 1203 211 141 quia
1067 1203 185 141 vel
1173 1203 158 141 in

218 1291 397 122 telligitur
530 1291 426 122 intrinsetce
870 1291 170 122 et
955 1291 397 122 entitative

229 1364 143 138 et
301 1364 190 138 tunc
419 1364 261 138 negatur
610 1364 166 138 vel
705 1364 333 138 extrinsece
966 1364 357 138 phihosophiu

204 1415 271 140 diem
374 1415 509 140 respectivam
781 1415 204 140 de
883 1415 475 140 nominative

218 1489 171 133 et
304 1489 200 133 sic
418 1489 400 133 conceditur
732 1489 200 133 sed
847 1489 200 133 hoc
961 1489 200 133 non
1075 1489 200 133 est
1161 1489 114 133 po

218 1561 265 144 nere
383 1561 562 144 contingentiam
846 1561 198 144 in
945 1561 231 144 deo
1078 1561 265 144 nisi

222 1631 398 160 recipietur
534 1631 455 160 contingentia
904 1631 199 160 pro
1017 1631 313 160 ratione

234 1705 394 160 indifferenter
559 1705 302 160 librtatis
791 1705 278 160 secundum
1000 1705 186 160 quod
1116 1705 209 160 credo

213 1769 241 157 eos
350 1769 447 157 recepisse
694 1769 241 157 qui
831 1769 241 157 eam
969 1769 206 157 in
1072 1769 241 157 deo

208 1858 495 127 posuerunt
589 1858 191 127 ¶
665 1858 229 127 ad
780 1858 191 127 3
856 1858 305 127 dico
1008 1858 267 127 negan

226 1924 151 136 do
301 1924 352 136 consequens
578 1924 277 136 quamvis
779 1924 201 136 illi
905 1924 327 136 concedant
1156 1924 151 136 et

230 1988 171 159 ad
316 1988 343 159 rationem
573 1988 257 159 nulla
744 1988 314 159 immensa
973 1988 200 159 etc
1087 1988 228 159 nego

223 2060 241 172 aionem
392 2060 145 172 et
464 2060 362 172 probationem
754 2060 193 172 quia
875 2060 314 172 quodlibet
1116 2060 217 172 talem

230 2137 236 167 velle
387 2137 183 167 cum
492 2137 183 167 sit
596 2137 288 167 liberum
806 2137 262 167 potest
989 2137 183 167 non
1094 2137 209 167 esse

216 2227 226 126 nego
357 2227 198 126 hoc
470 2227 198 126 sed
583 2227 226 126 bene
725 2227 283 126 potest
923 2227 170 126 de
1008 2227 311 126 nomiari

212 2283 226 139 non
341 2283 290 139 velle
534 2283 226 139 cum
663 2283 226 139 hoc
792 2283 258 139 vult
953 2283 193 139 ad
1049 2283 290 139 extra

240 2368 168 112 nec
336 2368 144 112 ex
408 2368 168 112 hoc
504 2368 288 112 sequitur
720 2368 336 112 propositum
984 2368 144 112 ut
1056 2368 264 112 videtur

257 2426 273 134 sprimum
456 2426 372 134 corollarium
753 2426 273 134 divinum
952 2426 223 134 velle
1100 2426 223 134 omnia

237 2502 343 139 existentia
506 2502 343 139 aequaliter
775 2502 294 139 attingit
995 2502 343 139 immediante

230 2572 159 120 ad
310 2572 239 120 intra
469 2572 265 120 libere
655 2572 424 120 contingentem
1000 2572 159 120 ad
1079 2572 239 120 extra

246 2638 282 165 productive
467 2638 282 165 existentis
689 2638 241 165 probatur
870 2638 302 165 corollarium
1111 2638 181 165 sicut

241 2719 190 139 enum
360 2719 261 139 adintra
550 2719 309 139 quodlibet
788 2719 309 139 possibili
1026 2719 261 139 aequali
1192 2719 95 139 in

237 2759 336 188 differentia
505 2759 246 188 divinae
684 2759 246 188 volunta
863 2759 157 188 est
953 2759 313 188 propositum
1199 2759 157 188 ita

233 2850 168 183 ad
317 2850 252 183 extra
485 2850 168 183 ad
568 2850 335 183 quodabet
820 2850 335 183 existens
1071 2850 196 183 per
1183 2850 168 183 se

239 2923 350 181 spraecise
509 2923 350 181 inmediate
778 2923 189 181 est
886 2923 431 181 determinatum

233 3025 215 156 patet
376 3025 167 156 nam
472 3025 239 156 aliter
639 3025 167 156 fle
734 3025 215 156 esset
877 3025 191 156 sibi
997 3025 310 156 quodlibet

247 3113 301 141 adintra
465 3113 383 141 propositum
766 3113 164 141 si
848 3113 191 141 non
958 3113 301 141 aequali
1149 3113 137 141 tra

247 3159 179 171 ad
337 3159 269 171 extra
516 3159 209 171 per
635 3159 239 171 suum
785 3159 269 171 velle
964 3159 299 171 posset
1173 3159 179 171 ex

258 3246 168 164 re
342 3246 168 164 in
426 3246 252 164 actum
594 3246 140 164 ¶
650 3246 168 164 2m
734 3246 420 164 corollarium
1069 3246 252 164 aeque

248 3310 243 160 primo
410 3310 351 160 immediate
680 3310 162 160 ex
761 3310 189 160 quo
870 3310 351 160 concurrit
1140 3310 162 160 ad

238 3416 257 142 omnem
409 3416 342 142 effectum
665 3416 171 142 ad
751 3416 257 142 extra
922 3416 428 142 intellectus

1413 509 345 130 ydealiter
1678 509 424 130 raespeontans
2022 509 159 130 et
2102 509 186 130 nos
2208 509 292 130 fective
2393 509 106 130 ap

1421 595 277 124 plicans
1623 595 227 124 patet
1774 595 202 124 quia
1900 595 151 124 2m
1976 595 353 124 augustinum
2253 595 151 124 11
2304 595 151 124 conf

1428 671 270 115 capitulo
1630 671 135 115 qa
1697 671 157 115 non
1787 671 225 115 aliter
1945 671 202 115 facit
2079 671 315 115 quodcumque
2327 671 202 115 facit

1403 741 241 127 quam
1554 741 332 127 dicendo
1795 741 181 127 Et
1885 741 271 127 gense
2066 741 271 127 primo
2247 741 271 127 dixit

1395 819 157 127 et
1473 819 235 127 facta
1630 819 209 127 sunt
1760 819 183 127 sed
1865 819 209 127 tale
1995 819 261 127 dicere
2178 819 235 127 aeque
2334 819 235 127 primo

1416 895 304 131 competit
1644 895 152 131 Et
1720 895 228 131 facta
1872 895 203 131 sunt
1999 895 279 131 utraque
2202 895 330 131 potentiae

1421 974 202 122 simul
1555 974 313 122 consuative
1801 974 291 122 praectite
2025 974 224 122 igitur
2182 974 336 122 corollarium

1421 1050 219 119 verum
1567 1050 146 119 Et
1640 1050 292 119 sequitur
1859 1050 268 119 informa
2054 1050 146 119 ex
2127 1050 365 119 corollarium

1415 1116 207 124 primo
1553 1116 184 124 haec
1668 1116 207 124 dicto
1807 1116 115 124 ¶
1853 1116 138 124 3m
1922 1116 346 124 corollarium
2198 1116 207 124 sicut
2337 1116 207 124 vello

1414 1189 267 113 diinum
1601 1189 374 113 principale
1896 1189 187 113 est
2003 1189 267 113 omnium
2190 1189 348 113 efficiens

1432 1259 193 113 sic
1543 1259 359 113 inmediate
1819 1259 386 113 causaliter
2122 1259 331 113 illative
2370 1259 193 113 est

1407 1335 218 125 est
1532 1335 281 125 omnem
1719 1335 374 125 effectum
2000 1335 312 125 omnino
2187 1335 312 125 indistan

1410 1406 190 144 ter
1518 1406 353 144 attingens
1790 1406 244 144 prima
1953 1406 217 144 pars
2089 1406 190 144 est
2197 1406 244 144 beata
2360 1406 217 144 anus

1416 1472 191 148 primo
1543 1472 127 148 de
1607 1472 276 148 trinitate
1819 1472 255 148 capitulo
2010 1472 127 148 15
2074 1472 149 148 ubi
2159 1472 191 148 dicit
2286 1472 149 148 non
2371 1472 149 148 est

1419 1565 190 99 ulla
1538 1565 238 99 natura
1704 1565 214 99 etiam
1847 1565 143 99 in
1918 1565 143 99 ex
1989 1565 238 99 trinis
2156 1565 143 99 in
2227 1565 214 99 finus
2369 1565 190 99 quod

1394 1620 543 136 bestialibus
1828 1620 289 136 quam
2009 1620 253 136 non
2153 1620 289 136 ille
2298 1620 181 136 con

1396 1701 372 164 stituit
1667 1701 169 164 a
1735 1701 237 164 quo
1870 1701 237 164 est
2005 1701 305 164 omnis
2208 1701 305 164 motus

1399 1751 263 153 omnis
1574 1751 234 153 ordo
1720 1751 263 153 omnis
1896 1751 322 153 species
2130 1751 234 153 sive
2276 1751 292 153 quibus

1416 1862 302 126 nichil
1627 1862 272 126 rerum
1808 1862 362 126 inveniri
2080 1862 242 126 autm
2231 1862 181 126 ex
2292 1862 181 126 cogi

1429 1919 153 134 tari
1524 1919 191 134 potest
1658 1919 115 134 Et
1716 1919 115 134 3o
1773 1919 115 134 de
1830 1919 248 134 trinitate
2021 1919 229 134 capitulo
2193 1919 96 134 6
2231 1919 229 134 voluntas
2403 1919 134 134 dei

1410 1999 197 136 est
1522 1999 253 136 summa
1691 1999 253 136 causa
1859 1999 281 136 omnium
2056 1999 281 136 motivi
2252 1999 253 136 atque

1418 2074 432 158 specieruulte
1769 2074 216 158 sunt
1904 2074 162 158 ad
1986 2074 189 158 hoc
2094 2074 432 158 auctoritates

1426 2139 323 139 scripturae
1680 2139 162 139 non
1772 2139 208 139 solum
1911 2139 393 139 christianorum
2234 2139 162 139 sed
2326 2139 208 139 etiam

1434 2225 351 137 philosophorum
1724 2225 124 137 2a
1786 2225 165 137 pars
1889 2225 186 137 patet
2013 2225 351 137 expraemissius
2302 2225 165 137 quia
2405 2225 124 137 ex

1420 2286 169 158 quo
1516 2286 289 158 aequpimo
1733 2286 145 158 se
1806 2286 217 158 habet
1950 2286 289 158 respectu
2167 2286 289 158 cuilibet
2385 2286 145 158 ad

1418 2371 202 154 extra
1552 2371 157 154 sed
1642 2371 247 154 aliquid
1821 2371 269 154 attingit
2023 2371 291 154 immediate
2247 2371 269 154 causaite

1416 2446 317 153 illative
1653 2446 264 153 igitur
1838 2446 158 153 et
1917 2446 237 153 omnem
2075 2446 317 153 effectum
2313 2446 211 153 quia

1407 2521 219 128 aliter
1560 2521 153 128 non
1648 2521 197 128 aeque
1779 2521 285 128 immediate
1998 2521 131 128 se
2064 2521 241 128 haberet
2239 2521 263 128 respectu

1422 2591 207 161 omnium
1567 2591 290 161 causaliter
1795 2591 311 161 productorum
2044 2591 166 161 quod
2147 2591 145 161 est
2230 2591 207 161 contra
2375 2591 186 161 dicta

1415 2675 203 151 igitur
1557 2675 305 151 corollarium
1801 2675 183 151 verum
1923 2675 244 151 proutque
2106 2675 183 151 parte
2228 2675 102 151 ¶
2268 2675 142 151 Sed
2349 2675 203 151 contra

1427 2745 187 145 ista
1543 2745 327 145 corollaria
1800 2745 187 145 sunt
1917 2745 280 145 rationes
2127 2745 210 145 tatte
2267 2745 140 145 in
2338 2745 210 145 primo

1416 2831 387 173 principali
1720 2831 221 173 quia
1859 2831 249 173 primo
2024 2831 166 173 2m
2107 2831 221 173 quod
2246 2831 249 173 tenet

1421 2907 442 150 votferedus
1769 2907 253 150 quia
1927 2907 379 150 exemplar
2211 2907 316 150 fcimum

1407 2984 517 147 immediatius
1820 2984 414 147 attingit
2130 2984 207 147 2a
2234 2984 241 147 cum
2337 2984 138 147 vo

1409 3079 260 127 luntas
1591 3079 182 127 sit
1695 3079 286 127 aeterna
1903 3079 156 127 et
1981 3079 364 127 sufficiens
2267 3079 312 127 sequitur

1424 3152 339 161 effectum
1678 3152 453 161 semperfuisse
2046 3152 141 161 ¶
2103 3152 170 161 3a
2188 3152 368 161 quaelibet
2442 3152 85 161 a

1418 3229 204 145 lia
1535 3229 263 145 causa
1710 3229 409 145 superfluit
2031 3229 175 145 Et
2118 3229 438 145 confirmatur

1422 3318 257 127 primo
1594 3318 171 127 ex
1679 3318 400 127 intentione
1994 3318 343 127 doctoris
2222 3318 257 127 solempn

1431 3394 148 94 19
1505 3394 297 94 quolibet
1728 3394 346 94 quaestione
2000 3394 223 94 prima
2149 3394 198 94 quia
2273 3394 297 94 potentia

1421 3457 201 98 ex
1522 3457 403 98 etuntiva
1824 3457 335 98 divina
2059 3457 503 98 immediatius
