2964 4377
208 424 187 192 est
315 424 267 192 certus
502 424 454 192 depermissioni
876 424 454 192 circumstantia

222 557 219 146 num
347 557 219 146 non
472 557 282 146 velle
661 557 219 146 qua
786 557 314 146 pnolle
1006 557 282 146 quare

224 612 137 154 non
303 612 235 154 secuntur
479 612 157 154 quae
577 612 118 154 in
636 612 157 154 fert
734 612 98 154 ¶
773 612 196 154 primum
910 612 294 154 corollarium
1145 612 137 154 non

222 696 281 148 cuicumque
438 696 346 148 correspondet
719 696 194 148 ratio
849 696 281 148 operativa
1065 696 151 148 vel
1130 696 108 148 non

211 759 196 163 litera
349 759 176 163 eidem
466 759 314 163 correspondet
721 759 176 163 ratio
839 759 235 163 causalis
1015 759 255 163 effectiva

203 832 214 145 patet
346 832 191 145 quia
465 832 143 145 2m
537 832 191 145 quod
656 832 214 145 dicit
799 832 286 145 magister
1013 832 167 145 hic
1085 832 119 145 per

226 931 241 132 missioni
407 931 321 132 correspondet
668 931 181 132 ratio
788 931 261 132 operativa
989 931 221 132 probant
1150 931 120 132 ex

214 983 230 153 tendit
375 983 138 153 se
444 983 138 153 ad
514 983 230 153 facere
675 983 138 153 et
744 983 323 153 permittere
998 983 138 153 et
1067 983 207 153 tamen

222 1054 121 152 non
291 1054 260 152 corespondet
499 1054 104 152 bi
551 1054 156 152 ratio
655 1054 208 152 causalis
811 1054 208 152 effectia
967 1054 173 152 igitur
1089 1054 156 152 patet

219 1126 269 132 corollarium
435 1126 162 132 verum
542 1126 126 132 per
614 1126 126 132 hoc
686 1126 269 132 corollarium
902 1126 108 132 et
956 1126 180 132 dictum
1081 1126 216 132 magistri

208 1191 139 124 in
277 1191 255 124 littera
463 1191 302 124 solvuntur
695 1191 371 124 auctoritates
997 1191 186 124 quas
1113 1191 186 124 btra

198 1262 288 137 vardiin
407 1262 183 137 pro
512 1262 157 137 se
591 1262 288 137 adducit
800 1262 183 137 tam
905 1262 183 137 32a
1010 1262 236 137 quadm

215 1340 95 124 3
253 1340 227 124 capitulo
423 1340 151 124 libi
518 1340 170 124 primo
631 1340 95 124 ¶
669 1340 114 124 2m
726 1340 284 124 corollarium
953 1340 189 124 contra
1086 1340 170 124 scotu

217 1401 105 129 a
259 1401 189 129 primo
385 1401 337 129 distinctione
659 1401 126 129 47
722 1401 231 129 quamvis
890 1401 210 129 nullum
1038 1401 231 129 divinum

207 1469 260 141 velle
380 1469 462 141 citraefficax
756 1469 202 141 sit
871 1469 433 141 executorium

208 1538 340 143 permissio
469 1538 235 143 tamen
626 1538 157 143 de
704 1538 157 143 se
783 1538 183 143 non
887 1538 235 143 debet
1044 1538 209 143 dici

216 1616 229 137 velle
368 1616 305 137 remissum
597 1616 229 137 patet
749 1616 229 137 primo
901 1616 203 137 quia
1028 1616 229 137 licet

223 1677 182 154 sibi
337 1677 273 154 competat
542 1677 182 154 esse
655 1677 205 154 velle
792 1677 159 154 non
883 1677 205 154 tamen
1019 1677 250 154 proprie

227 1753 177 145 2o
315 1753 236 145 quia
462 1753 206 145 hoc
580 1753 265 145 sonat
756 1753 500 145 inperfectione

206 1829 228 120 quia
348 1829 342 120 remissio
604 1829 484 120 inperfectione
1003 1829 256 120 dicit

222 1897 203 135 igitur
364 1897 142 135 est
445 1897 243 135 vitandum
627 1897 101 135 ¶
667 1897 122 135 3m
728 1897 304 135 corollarium
971 1897 223 135 quamvis
1133 1897 122 135 in

204 1974 216 125 deo
328 1974 216 125 sit
451 1974 308 125 unicum
667 1974 339 125 simplex
914 1974 278 125 velle
1099 1974 185 125 2m

216 2019 224 177 tamen
366 2019 224 177 alium
515 2019 150 177 et
590 2019 224 177 alium
739 2019 349 177 rescriptum
1014 2019 174 177 est
1113 2019 150 177 ef

224 2087 294 163 scivum
430 2087 383 163 entitatis
724 2087 353 163 producte
959 2087 265 163 obiecli

217 2178 325 146 catorium
460 2178 271 146 mentis
650 2178 379 146 rationalis
947 2178 352 146 creaturae

214 2246 231 166 prima
368 2246 205 166 pars
497 2246 231 166 patet
651 2246 205 166 quia
779 2246 180 166 est
882 2246 257 166 unicus
1062 2246 257 166 siplex

199 2316 244 132 deus
352 2316 183 132 2a
444 2316 367 132 probatur
719 2316 244 132 quia
871 2316 214 132 est
963 2316 275 132 obiecti

196 2399 303 151 gatorium
423 2399 152 151 ut
499 2399 354 151 praeceptum
777 2399 152 151 et
853 2399 177 151 non
954 2399 177 151 est
1030 2399 227 151 effecti

209 2478 147 145 num
293 2478 126 145 ut
356 2478 293 145 praeceptum
586 2478 210 145 igitur
733 2478 314 145 corollarium
984 2478 189 145 verum
1110 2478 147 145 sed

211 2546 249 148 contra
385 2546 224 148 istud
534 2546 373 148 corollarium
832 2546 199 148 quia
957 2546 273 148 videtur
1131 2546 99 148 re

213 2613 319 165 pungnare
453 2613 266 165 dictis
639 2613 159 165 in
718 2613 239 165 prima
878 2613 399 165 conclusione

215 2693 269 135 quia
384 2693 235 135 ibi
518 2693 303 135 ponis
720 2693 303 135 velle
922 2693 202 135 et
1023 2693 303 135 nolle

221 2779 168 133 hic
317 2779 264 133 posonis
509 2779 288 133 praecise
725 2779 240 133 unicum
892 2779 216 133 velle
1036 2779 240 133 igitur

212 2840 514 140 repugnantia
623 2840 171 140 ¶
691 2840 206 140 Ad
794 2840 308 140 istud
1000 2840 274 140 dico

215 2906 211 165 quod
346 2906 211 165 haec
478 2906 185 165 non
584 2906 316 165 repugnat
821 2906 185 165 sed
927 2906 211 165 stat
1058 2906 237 165 simul

214 2992 214 130 quia
348 2992 188 130 non
455 2992 214 130 pono
589 2992 214 130 quod
723 2992 241 130 velle
884 2992 161 130 et
964 2992 241 130 nolle
1125 2992 188 130 sit

211 3030 185 166 duo
316 3030 238 166 actus
475 3030 212 166 quod
608 3030 185 166 est
714 3030 185 166 ide
819 3030 185 166 est
925 3030 212 166 idem
1058 3030 238 166 actus

226 3110 238 169 praecise
404 3110 238 169 pluribus
583 3110 257 169 nominibus
781 3110 218 169 propter
939 3110 178 169 varis
1058 3110 238 169 effectus

215 3182 137 174 et
284 3182 273 174 diversos
488 3182 296 174 respectus
716 3182 296 174 nominatus
943 3182 159 174 nec
1034 3182 159 174 hoc
1125 3182 159 174 est

216 3246 429 156 inconveniens
565 3246 188 156 tam
672 3246 214 156 illi
806 3246 188 156 qui
913 3246 241 156 negat
1074 3246 214 156 esse

209 3334 248 143 nolle
375 3334 165 143 in
458 3334 193 143 deo
568 3334 248 143 ponat
733 3334 248 143 eadem
899 3334 358 143 potentiam

222 3396 181 176 dici
336 3396 249 176 liberam
517 3396 136 176 et
585 3396 340 176 neccessaiam
857 3396 249 176 propter
1039 3396 227 176 varios

1412 455 231 159 respectus
1590 455 178 159 igitur
1714 455 160 159 eadem
1821 455 195 159 ratione
1963 455 178 159 potest
2088 455 142 159 idem
2176 455 160 159 velle
2283 455 195 159 propter

1378 558 287 117 resptu
1579 558 259 117 nolle
1752 558 230 117 dici
1895 558 201 117 sed
2010 558 287 117 contra
2211 558 201 117 hoc
2326 558 230 117 quia
2441 558 115 117 ri

1400 612 199 122 tunc
1525 612 299 122 sequitur
1749 612 199 122 quod
1874 612 199 122 male
1998 612 199 122 poni
2123 612 249 122 contra
2272 612 150 122 doct

1382 696 223 112 torem
1531 696 272 112 solempe
1729 696 149 112 in
1803 696 371 112 conclusione
2100 696 371 112 praecedenti

1373 770 221 119 quia
1512 770 221 119 tunc
1650 770 249 119 eadem
1816 770 305 119 ratione
2038 770 277 119 potest
2232 770 194 119 una
2342 770 166 119 et

1375 813 248 120 eadem
1541 813 331 120 potentia
1789 813 276 120 activa
1982 813 165 120 et
2065 813 303 120 passiva
2286 813 221 120 dici

1373 877 168 109 Ad
1457 877 251 109 istud
1624 877 223 109 dico
1764 877 223 109 quod
1904 877 195 109 non
2015 877 195 109 est
2127 877 223 109 iule
2267 877 251 109 tamen

1375 965 267 113 quia
1542 965 367 113 passiva
1809 965 401 113 potentia
2109 965 300 113 sonat
2276 965 167 113 qua

1379 1043 187 118 dam
1486 1043 481 118 inperfectionem
1887 1043 241 118 tamen
2048 1043 160 118 2o
2128 1043 214 118 quia
2262 1043 241 118 talis

1386 1103 330 129 potentia
1633 1103 220 129 sibi
1770 1103 330 129 repugnat
2018 1103 165 129 3o
2100 1103 220 129 quia
2238 1103 247 129 talis

1382 1166 292 129 respectu
1601 1166 170 129 non
1698 1166 219 129 solum
1844 1166 317 129 consurgit
2088 1166 146 129 ab
2161 1166 341 129 extrinseco

1384 1241 183 127 sed
1489 1241 366 127 intrinsece
1776 1241 157 127 2m
1855 1241 236 127 ipsum
2012 1241 183 127 sed
2117 1241 183 127 hic
2221 1241 183 127 non
2326 1241 183 127 est

1373 1316 198 131 sic
1486 1316 254 131 quare
1655 1316 198 131 hoc
1768 1316 198 131 non
1881 1316 254 131 valet
2050 1316 282 131 contra
2247 1316 254 131 dicta

1393 1386 163 121 et
1474 1386 163 121 ex
1556 1386 217 121 hiis
1692 1386 245 121 patet
1855 1386 163 121 ad
1936 1386 163 121 2m
2018 1386 381 121 principale
2317 1386 190 121 cum

1394 1460 156 110 suis
1491 1460 273 110 argumentis
1705 1460 156 110 quid
1803 1460 234 110 dicendum
1978 1460 97 110 ¶
2017 1460 117 110 3a
2076 1460 253 110 conclusio
2271 1460 214 110 quamvis

1378 1516 320 144 nullum
1602 1516 288 144 malum
1794 1516 192 144 si
1890 1516 224 144 sit
2018 1516 288 144 bonum
2210 1516 320 144 simple

1368 1600 153 150 et
1445 1600 179 150 per
1547 1600 153 150 se
1624 1600 230 150 tamen
1777 1600 204 150 deus
1905 1600 230 150 omnia
2058 1600 255 150 libere
2236 1600 153 150 ad
2313 1600 153 150 ex

1360 1680 239 114 tra
1497 1680 376 114 ordinat
1770 1680 205 114 ad
1873 1680 274 114 suum
2044 1680 410 114 homnorem
2317 1680 137 114 de

1371 1741 191 137 cent
1490 1741 143 137 et
1562 1741 286 137 perfecte
1776 1741 214 137 prima
1919 1741 191 137 pars
2038 1741 238 137 potest
2205 1741 262 137 probari

1382 1822 209 128 nam
1501 1822 179 128 2m
1591 1822 417 128 augustinum
1919 1822 179 128 in
2008 1822 298 128 multis
2216 1822 268 128 locis

1379 1895 252 126 malum
1547 1895 196 126 est
1659 1895 364 126 praevatio
1939 1895 224 126 boni
2079 1895 280 126 igitur
2275 1895 196 126 non

1377 1983 243 128 est
1516 1983 313 128 bonum
1725 1983 209 128 si
1829 1983 278 128 mala
2003 1983 522 128 Confirmatur

1369 2053 167 114 ex
1453 2053 278 114 dictis
1647 2053 333 114 dioysium
1897 2053 167 114 4c
1980 2053 167 114 de
2063 2053 305 114 divinis
2258 2053 194 114 nomin

1362 2116 222 121 bus
1489 2116 254 121 quia
1648 2116 254 121 mala
1806 2116 190 121 fi
1901 2116 222 121 vel
2028 2116 349 121 operari
2282 2116 222 121 non

1379 2187 181 138 est
1483 2187 336 138 perficere
1741 2187 155 138 in
1819 2187 284 138 aliquid
2025 2187 233 138 bonum
2180 2187 181 138 sed
2284 2187 181 138 est

1384 2258 260 124 defice
1566 2258 234 124 abono
1722 2258 260 124 igitur
1904 2258 208 124 illa
2033 2258 208 124 pars
2163 2258 208 124 vera
2293 2258 130 124 ¶
2345 2258 156 124 2a

1388 2348 149 130 pars
1482 2348 168 130 patet
1594 2348 131 130 per
1668 2348 243 130 magistrum
1855 2348 112 130 in
1911 2348 205 130 littera
2060 2348 392 130 distinctionistius

1395 2388 106 155 in
1448 2388 141 155 illo
1537 2388 212 155 capitulo
1696 2388 230 155 permissio
1872 2388 159 155 autem
1978 2388 124 155 etc
2049 2388 177 155 igitur
2172 2388 230 155 conclusio
2349 2388 141 155 vera

1382 2483 245 130 Contra
1553 2483 221 130 istam
1700 2483 392 130 conclusionem
2019 2483 270 130 videtur
2215 2483 196 130 esse
2337 2483 147 130 ex

1385 2567 256 123 pressa
1564 2567 281 123 littera
1769 2567 256 123 voctis
1948 2567 128 123 4
1999 2567 153 123 de
2076 2567 307 123 consolis
2306 2567 179 123 ubi

1389 2632 301 131 inquid
1600 2632 332 131 boetius
1841 2632 271 131 aodus
2022 2632 332 131 divinus
2263 2632 241 131 quod

1368 2703 197 125 ad
1467 2703 296 125 bonum
1664 2703 328 125 digens
1894 2703 328 125 cuncta
2124 2703 394 125 disponit

1375 2777 231 153 ipsa
1519 2777 375 153 propettio
1808 2777 317 153 malorum
2039 2777 231 153 sive
2183 2777 231 153 mali
2328 2777 173 153 si

1375 2865 345 131 rationem
1634 2865 230 131 boni
1778 2865 259 131 habet
1950 2865 144 131 ¶
2008 2865 173 131 Ad
2094 2865 259 131 istud
2267 2865 230 131 dico

1382 2954 150 134 quod
1476 2954 131 134 non
1551 2954 131 134 est
1626 2954 188 134 contra
1758 2954 300 134 conclusionem
2002 2954 150 134 quia
2096 2954 150 134 dico
2190 2954 113 134 in
2246 2954 282 134 conclusione

1360 3013 183 143 quod
1475 3013 161 143 non
1566 3013 161 143 est
1658 3013 206 143 bonum
1796 3013 161 143 per
1888 3013 138 143 se
1956 3013 138 143 et
2025 3013 344 143 simpliciter
2300 3013 183 143 mais

1380 3096 164 133 si
1462 3096 191 133 cum
1571 3096 191 133 hoc
1680 3096 218 133 stat
1817 3096 218 133 quod
1953 3096 382 133 popetratio
2253 3096 300 133 malorum

1379 3174 310 131 rationem
1612 3174 207 131 boni
1741 3174 258 131 habeat
1922 3174 181 131 non
2025 3174 284 131 quiduem
2231 3174 181 131 per
2335 3174 155 131 se

1384 3268 132 139 et
1450 3268 331 139 simpliciter
1715 3268 154 139 sed
1803 3268 132 139 2m
1869 3268 265 139 accidens
2067 3268 132 139 et
2133 3268 132 139 2m
2200 3268 176 139 quod
2288 3268 176 139 ordina

1376 3334 141 122 a
1432 3334 197 122 deo
1545 3334 169 122 in
1629 3334 393 122 executione
1938 3334 225 122 suae
2079 3334 365 122 iustitiae
2360 3334 169 122 et

1375 3409 281 148 equtatis
1585 3409 117 148 ¶
1632 3409 234 148 primum
1796 3409 351 148 corollarium
2076 3409 164 148 per
2170 3409 140 148 se
2240 3409 211 148 ratio
2381 3409 187 148 nali
