2964 4290
482 463 207 150 vel
601 463 266 150 etiam
778 463 354 150 multioem
1044 463 236 150 loco
1191 463 384 150 contineri

489 552 177 151 sed
590 552 202 151 tunc
716 552 177 151 non
818 552 228 151 esset
969 552 177 151 ibi
1070 552 329 151 assignare
1323 552 278 151 ultimum

503 602 393 143 superficieri
823 602 172 143 nec
921 602 246 143 ultima
1093 602 393 143 superficiens
1412 602 172 143 vel

504 698 237 118 potest
670 698 190 118 dici
789 698 142 118 2m
860 698 190 118 quod
979 698 213 118 dicit
1121 698 285 118 magister
1334 698 237 118 thomas

499 768 140 131 de
569 768 328 131 argustinum
826 768 140 131 in
897 768 187 131 ista
1014 768 258 131 materia
1201 768 187 131 quod
1295 768 187 131 posset

490 820 261 168 ponere
673 820 183 168 hic
777 820 157 168 in
855 820 261 168 scolis
1038 820 209 168 quia
1169 820 261 168 potest
1325 820 209 168 facere

503 913 147 125 2o
577 913 344 125 corollaria
847 913 147 125 in
921 913 221 125 eodem
1068 913 196 125 loco
1191 913 147 125 et
1265 913 147 125 3a
1338 913 147 125 et
1412 913 147 125 4a

491 992 184 137 et
583 992 214 137 fit
706 992 368 137 infinita
981 992 184 137 et
1073 992 214 137 non
1196 992 245 137 plus
1318 992 184 137 occu

502 1045 268 152 paret
681 1045 179 152 de
771 1045 239 152 loco
920 1045 239 152 quam
1069 1045 298 152 primum
1277 1045 179 152 Ad
1367 1045 179 152 3m

507 1131 181 147 tale
620 1131 294 147 infinitum
846 1131 271 147 secundum
1049 1131 181 147 quod
1162 1131 294 147 infinitum
1388 1131 158 147 non

506 1188 233 167 haberet
676 1188 233 167 proprie
845 1188 212 167 partem
994 1188 127 167 2m
1057 1188 297 167 consequens
1291 1188 127 167 in
1354 1188 191 167 eodem

519 1275 229 147 articulo
691 1275 134 147 non
767 1275 134 147 est
843 1275 286 147 inpossibile
1072 1275 229 147 secundum
1244 1275 229 147 doctoris
1415 1275 172 147 istam

509 1344 215 144 viam
644 1344 323 144 tenentes
886 1344 135 144 ¶
940 1344 162 144 Ad
1021 1344 296 144 ultimum
1236 1344 350 144 concedent

522 1418 224 156 aliqui
678 1418 246 156 qunsqus
857 1418 134 156 et
924 1418 156 156 cum
1013 1418 156 156 hoc
1103 1418 179 156 quod
1215 1418 224 156 tantum
1349 1418 201 156 delecta

517 1481 216 148 retur
661 1481 192 148 tali
781 1481 384 148 delectatione
1094 1481 216 148 sicut
1238 1481 144 148 in
1310 1481 168 148 deo
1406 1481 168 148 net

497 1552 210 174 tamen
637 1552 421 174 beatificaretur
987 1552 164 174 sic
1081 1552 257 174 diceret
1268 1552 257 174 rosecus
1455 1552 117 174 ¶

488 1627 381 169 Cinconcedent
798 1627 333 169 consequens
1060 1627 167 169 sed
1155 1627 286 169 negarent
1369 1627 190 169 quod

507 1695 237 149 tantum
673 1695 379 149 delectaretur
981 1695 213 149 sicut
1123 1695 142 149 in
1194 1695 166 149 deo
1288 1695 142 149 ne
1359 1695 213 149 etiam

514 1763 404 152 beatificaretur
851 1763 157 152 sic
940 1763 247 152 diceret
1120 1763 292 152 clentione
1345 1763 135 152 de
1412 1763 180 152 hoto

500 1835 161 157 deo
592 1835 184 157 dant
707 1835 207 157 circa
845 1835 138 157 4m
914 1835 115 157 ¶
960 1835 230 157 primum
1121 1835 345 157 corollarium
1397 1835 184 157 nifi

517 1906 236 143 initum
683 1906 260 143 creatum
871 1906 236 143 potest
1037 1906 142 143 se
1107 1906 236 143 plures
1272 1906 307 143 infinitum

500 1988 256 116 irgitur
686 1988 186 116 quia
802 1988 232 116 nullum
964 1988 186 116 tale
1081 1988 232 116 tortam
1243 1988 325 116 possibilem

499 2051 415 146 latitudinem
831 2051 221 146 suae
969 2051 304 146 speciei
1190 2051 387 146 actualiter

496 2144 302 107 includit
723 2144 252 107 igitur
899 2144 202 107 deus
1025 2144 277 107 poterit
1227 2144 227 107 ipsum
1353 2144 176 107 inten

486 2199 231 149 suis
630 2199 202 149 vel
746 2199 375 149 extensius
1034 2199 404 149 infinitare
1351 2199 144 149 ¶
1409 2199 173 149 2m

497 2258 331 140 corollarium
761 2258 242 140 quamvis
938 2258 176 140 omne
1048 2258 287 140 possibile
1268 2258 331 140 incomplexum

508 2331 181 139 deus
621 2331 226 139 possit
780 2331 271 139 efficere
983 2331 204 139 tamen
1119 2331 294 139 possibile
1345 2331 136 139 ut
1413 2331 158 139 sic

493 2413 139 117 a
549 2413 195 117 deo
660 2413 278 117 nullum
855 2413 250 117 capit
1021 2413 222 117 esse
1160 2413 250 117 prima
1327 2413 222 117 pars

496 2466 188 161 patet
621 2466 125 161 ex
684 2466 355 161 praemiseindus
976 2466 125 161 2a
1039 2466 167 161 pars
1143 2466 251 161 probatur
1331 2466 167 161 quia
1436 2466 146 161 hoc

499 2531 147 150 est
583 2531 273 150 possibile
793 2531 168 150 quod
898 2531 147 150 non
982 2531 252 150 inplicat
1172 2531 399 150 contradictionem

490 2609 229 140 esse
633 2609 171 140 et
719 2609 200 140 non
833 2609 200 140 est
948 2609 200 140 sed
1062 2609 171 140 si
1148 2609 286 140 nullus
1348 2609 229 140 deus

509 2672 271 166 esset
689 2672 271 166 adhuc
870 2672 331 166 aliquid
1111 2672 241 166 esse
1261 2672 211 166 non
1351 2672 211 166 inpli

507 2752 216 156 cauaretur
673 2752 315 156 contradictionem
939 2752 166 156 igitur
1055 2752 249 156 corollarium
1254 2752 149 156 verum
1353 2752 99 156 et
1403 2752 116 156 per
1469 2752 116 156 hoc

497 2835 241 151 patet
658 2835 160 151 ad
738 2835 267 151 primam
925 2835 321 151 rationem
1166 2835 267 151 tactam
1353 2835 160 151 in
1433 2835 160 151 2o

502 2890 330 180 principali
762 2890 118 180 ¶
809 2890 142 180 3m
880 2890 354 180 corollarium
1163 2890 260 180 quamvis
1329 2890 212 180 volledi

502 2967 239 156 vinuim
669 2967 167 156 non
765 2967 239 156 potest
932 2967 311 156 quodlibet
1171 2967 359 156 enuctiabile
1434 2967 96 156 co

502 3047 218 170 plexum
655 3047 196 170 sicut
786 3047 153 170 nec
873 3047 175 170 quod
982 3047 196 170 libet
1113 3047 327 170 incomplexum
1375 3047 196 170 simul

497 3134 146 140 in
570 3134 194 140 esse
691 3134 243 140 ponere
861 3134 243 140 potest
1032 3134 170 140 tam
1129 3134 316 140 infinitum
1372 3134 219 140 grane

499 3195 306 155 adomnem
722 3195 445 155 differentiam
1083 3195 250 155 ponis
1250 3195 306 155 modovis

503 3261 182 139 move
617 3261 205 139 prima
753 3261 182 139 pars
867 3261 205 139 patet
1003 3261 136 139 ex
1071 3261 227 139 dictis
1231 3261 136 139 et
1299 3261 136 139 2a
1367 3261 205 139 etiam

493 3304 171 180 Et
578 3304 341 180 confirmo
834 3304 199 180 eam
948 3304 285 180 partem
1147 3304 228 180 quia
1289 3304 285 180 posset

1654 464 201 163 deus
1779 464 276 163 finitum
1980 464 201 163 quam
2106 464 326 163 infinitum
2357 464 251 163 genere
2507 464 201 163 facere

1651 540 198 154 igitur
1790 540 296 154 corollarium
2027 540 178 154 verum
2145 540 178 154 patet
2264 540 178 154 eadem
2382 540 158 154 pars
2481 540 119 154 ex
2541 540 257 154 solutione

1649 614 154 120 4ae
1737 614 263 120 rationis
1934 614 220 120 supera
2088 614 220 120 contra
2242 614 351 120 conclusionem
2527 614 198 120 istam

1658 668 144 145 2am
1741 668 103 145 ¶
1782 668 124 145 3a
1844 668 206 145 concla
1988 668 227 145 quamvis
2153 668 248 145 voluntas
2339 668 206 145 creata
2483 668 124 145 in
2525 668 144 145 facta

1654 731 276 148 possit
1848 731 248 148 mabum
2013 731 221 148 sive
2151 731 304 148 ratione
2372 731 386 148 existentis

1656 803 161 176 vel
1748 803 368 176 appraesentis
2047 803 184 176 boni
2162 803 276 176 appetere
2370 803 276 176 voluntas
2577 803 207 176 tamen

1649 878 170 136 dei
1746 878 291 136 perfecta
1964 878 170 136 non
2061 878 243 136 potest
2231 878 194 136 nisi
2352 878 194 136 bene
2473 878 146 136 et
2546 878 218 136 bonum

1647 950 277 120 velle
1832 950 308 120 primam
2048 950 308 120 partem
2263 950 246 120 proo
2417 950 246 120 quia
2571 950 216 120 duo

1644 1018 197 154 bus
1756 1018 253 154 bonis
1925 1018 394 154 propositis
2234 1018 337 154 scienter
2487 1018 281 154 possum

1643 1089 324 122 melius
1869 1089 389 122 respvere
2161 1089 194 122 et
2258 1089 292 122 minus
2453 1089 324 122 eliger

1644 1150 143 139 2m
1716 1150 334 139 argisitlis
1978 1150 167 139 sed
2074 1150 167 139 hoc
2169 1150 239 139 nullam
2336 1150 215 139 habet
2479 1150 286 139 rationem

1654 1226 165 156 boni
1758 1226 207 156 igitur
1903 1226 165 156 illa
2006 1226 165 156 pars
2109 1226 165 156 vera
2213 1226 103 156 ¶
2254 1226 124 156 2o
2316 1226 228 156 aliquis
2482 1226 290 156 scientiaer

1663 1304 238 134 contra
1830 1304 357 134 conscieniam
2115 1304 238 134 peccat
2282 1304 262 134 peccato
2472 1304 167 134 non
2544 1304 214 134 delecta

1661 1369 213 134 bili
1795 1369 187 134 nec
1901 1369 240 134 utili
2061 1369 187 134 seu
2168 1369 293 134 honesto
2381 1369 267 134 igitur
2568 1369 213 134 illa

1663 1448 137 136 pars
1748 1448 137 136 vera
1834 1448 154 136 patet
1937 1448 274 136 consequentia
2159 1448 240 136 antecedens
2348 1448 188 136 apparet
2485 1448 240 136 descienter

1679 1525 270 122 nmundo
1868 1525 270 122 contra
2057 1525 189 122 eum
2165 1525 189 122 qui
2274 1525 216 122 scit
2409 1525 162 122 se
2490 1525 270 122 nocere

1666 1581 194 131 non
1777 1581 250 131 posse
1944 1581 139 131 ¶
1999 1581 166 131 3o
2082 1581 305 131 aliquis
2304 1581 305 131 appetit
2498 1581 222 131 facere

1668 1664 178 140 quod
1779 1664 156 140 non
1868 1664 156 140 est
1957 1664 201 140 bonum
2091 1664 156 140 nec
2180 1664 245 140 apparet
2336 1664 357 140 sibiteconclusi

1663 1735 193 142 vera
1783 1735 338 142 antecedens
2049 1735 217 142 patet
2193 1735 145 142 de
2266 1735 362 142 mecientibus
2555 1735 193 142 sola
2652 1735 96 142 me

1666 1797 301 142 ciendi
1876 1797 361 142 libidine
2147 1797 180 142 ut
2237 1797 331 142 habetur
2477 1797 180 142 in
2568 1797 180 142 Ca
2658 1797 150 142 e

1685 1866 242 134 quaestione
1875 1866 86 134 2
1909 1866 104 134 et
1961 1866 104 134 li
2013 1866 259 134 setentiarum
2220 1866 86 134 3
2254 1866 293 134 distinctionem
2496 1866 104 134 35
2548 1866 138 134 Item
2634 1866 104 134 ad

1679 1931 168 136 hoc
1775 1931 168 136 est
1871 1931 335 136 argumentum
2134 1931 144 136 de
2206 1931 335 136 obstinatis
2470 1931 168 136 qui
2565 1931 240 136 volunt

1667 2013 266 133 malum
1845 2013 207 133 sub
1963 2013 325 133 ratione
2199 2013 236 133 nali
2347 2013 236 133 Item
2494 2013 325 133 arguunt

1660 2079 266 143 aliqui
1847 2079 213 143 quia
1980 2079 399 143 intellectus
2299 2079 373 143 intelligit
2592 2079 213 143 subi

1675 2153 235 127 ratione
1846 2153 214 127 falsum
1995 2153 235 127 saiceti
2166 2153 214 127 falsum
2316 2153 150 127 sed
2401 2153 171 127 hanc
2508 2153 257 127 rationem

1657 2232 207 125 non
1775 2232 295 125 reputo
1981 2232 266 125 primo
2158 2232 236 125 quia
2306 2232 266 125 forte
2483 2232 325 125 assumpa

1681 2296 152 158 est
1768 2296 217 158 falsum
1920 2296 239 158 quamvis
2094 2296 326 158 intellectus
2354 2296 304 158 intelligat
2593 2296 217 158 falsum

1680 2372 138 133 te
1749 2372 229 133 falsum
1909 2372 115 133 ¶
1955 2372 138 133 2o
2024 2372 183 133 quia
2139 2372 161 133 non
2230 2372 161 133 est
2322 2372 252 133 similis
2506 2372 275 133 habitudo

1662 2449 309 145 voluntatis
1905 2449 133 145 et
1971 2449 155 145 sui
2059 2449 243 145 obiecti
2236 2449 199 145 sicut
2369 2449 331 145 intellectus
2634 2449 133 145 et

1676 2522 253 126 obiecti
1860 2522 161 126 sui
1952 2522 138 126 4o
2021 2522 138 126 ad
2090 2522 161 126 hoc
2182 2522 161 126 est
2273 2522 276 126 expressa
2480 2522 299 126 sententia

1665 2585 196 155 ysus
1788 2585 147 155 2o
1862 2585 147 155 de
1935 2585 221 155 summo
2083 2585 196 155 bono
2206 2585 295 155 capitulo
2426 2585 147 155 2o
2500 2585 147 155 ei
2549 2585 172 155 gloss

1685 2660 228 158 super
1837 2660 228 158 illud
1989 2660 304 158 Iohannes
2217 2660 127 158 5
2268 2660 203 158 adio
2395 2660 330 158 habuerunt

1690 2756 136 112 me
1758 2756 250 112 graetis
1940 2756 136 112 2a
2008 2756 204 112 patet
2144 2756 295 112 magistrum
2371 2756 136 112 et
2439 2756 159 112 per
2530 2756 204 112 alium

1663 2807 433 123 articulum
1996 2807 466 123 denovellis
2362 2807 400 123 dapnatis

1679 2888 158 125 per
1769 2888 248 125 dominum
1949 2888 248 125 probtum
2129 2888 315 125 christius9
2376 2888 135 125 et
2444 2888 293 125 duodecius

1700 2961 165 120 sunt
1804 2961 124 120 ad
1866 2961 165 120 idem
1969 2961 248 120 scilicet
2155 2961 165 120 quod
2258 2961 269 120 potstatem
2465 2961 165 120 deus
2568 2961 165 120 vult

1665 3032 295 142 peccare
1880 3032 241 142 error
2041 3032 161 142 Ad
2121 3032 214 142 idem
2255 3032 188 142 est
2362 3032 375 142 augustinum

1670 3096 128 133 83
1734 3096 298 133 quaestione
1968 3096 213 133 9uasti
2116 3096 128 133 et
2180 3096 191 133 super
2308 3096 191 133 illud
2435 3096 170 133 pars
2542 3096 128 133 ut
2606 3096 149 133 non

1662 3176 338 108 loquatur
1915 3176 225 108 oset
2056 3176 225 108 meum
2197 3176 253 108 opera
2365 3176 310 108 hominum
2590 3176 169 108 Et

1662 3267 200 92 circa
1795 3267 334 92 mediumliber
2062 3267 133 92 de
2129 3267 334 92 perfectione
2396 3267 289 92 iustitiae
2618 3267 133 92 et

1653 3319 238 129 quasi
1811 3319 291 129 uipique
2023 3319 159 129 in
2102 3319 212 129 suis
2234 3319 264 129 libris
2419 3319 185 129 hoc
2525 3319 291 129 asserit
