2964 4220
426 405 225 134 super
576 405 375 134 naturaliter
876 405 275 134 infusus
1075 405 275 134 elevans
1275 405 225 134 primo

455 486 294 129 potentiam
682 486 384 129 intelluentium
998 486 136 129 ad
1066 486 294 129 cognitive
1269 486 204 129 percipi

438 569 262 119 endum
613 569 379 119 veritates
904 569 496 119 supernatuales
1283 569 146 119 quo

433 644 273 127 primo
615 644 425 127 distinguit
949 644 182 127 in
1040 644 212 127 via
1161 644 334 127 fidelis

440 715 154 122 ab
517 715 154 122 in
594 715 256 122 fideli
773 715 205 122 quae
902 715 154 122 de
978 715 307 122 scriptio
1209 715 154 122 si
1286 715 179 122 sit

441 792 197 122 vera
564 792 148 122 et
638 792 271 122 propria
835 792 295 122 committo
1057 792 172 122 eam
1155 792 271 122 legenti
1352 792 123 122 ¶

420 868 157 101 ota
509 868 202 101 tamen
644 868 270 101 ulterius
847 868 202 101 circa
981 868 157 101 huc
1071 868 270 101 terminum
1274 868 202 101 sicut

436 941 244 133 notat
599 941 380 133 hostiensus
898 941 244 133 parte
1061 941 244 133 prima
1224 941 163 133 de
1278 941 190 133 summa

436 1010 176 122 tia
536 1010 151 122 et
612 1010 151 122 si
687 1010 251 122 cathol
863 1010 201 122 quod
988 1010 226 122 fides
1139 1010 201 122 poni
1264 1010 251 122 quonem

445 1083 188 106 pro
552 1083 241 106 sacro
713 1083 349 106 baptisivi
981 1083 161 106 et
1062 1083 161 106 45
1142 1083 375 106 ddividitur

441 1155 158 120 is
520 1155 158 120 et
598 1155 237 120 extra
756 1155 394 120 debaptisivo
1072 1155 289 120 debitum
1282 1155 131 120 ¶
1335 1155 158 120 2o

423 1223 346 130 procastitate
705 1223 195 130 thori
834 1223 130 130 ut
899 1223 238 130 habetur
1072 1223 130 130 27
1137 1223 303 130 quaestione
1375 1223 108 130 2

445 1310 347 115 Covngens
705 1310 144 115 ¶
763 1310 173 115 3o
849 1310 202 115 pro
965 1310 491 115 conmentionali
1340 1310 116 115 se

447 1378 320 125 crinitate
694 1378 172 125 quo
792 1378 222 125 etiam
940 1378 295 125 servanda
1161 1378 172 125 est
1260 1378 222 125 hosti

453 1456 107 119 23
507 1456 250 119 quaestione
704 1456 89 119 1
739 1456 143 119 noli
829 1456 89 119 ¶
865 1456 107 119 4o
918 1456 125 119 pro
990 1456 268 119 conscientia
1204 1456 161 119 extra
1312 1456 161 119 detae

441 1536 225 131 stibus
598 1536 270 131 secundum
801 1536 270 131 litteras
1003 1536 158 131 per
1093 1536 225 131 agraso
1251 1536 248 131 priorio

443 1618 143 121 Et
515 1618 143 121 de
586 1618 501 121 praescriptionibus
1016 1618 287 121 quoaniam
1231 1618 191 121 omne
1350 1618 143 121 et

446 1702 127 118 pe
509 1702 232 118 disiton
678 1702 106 118 3
721 1702 127 118 5o
784 1702 148 118 pro
868 1702 338 118 ddulitatesed
1143 1702 169 118 quam
1249 1702 254 118 credimus

450 1772 218 120 respectu
613 1772 145 120 quod
704 1772 127 120 non
777 1772 182 120 vidius
904 1772 163 120 invia
1013 1772 163 120 illud
1121 1772 236 120 gregorium
1303 1772 163 120 fides

435 1855 176 120 non
535 1855 226 120 habet
686 1855 276 120 meritum
887 1855 126 120 ¶
938 1855 126 120 u
988 1855 176 120 pro
1088 1855 377 120 collectione

444 1930 310 117 articulorum
693 1930 124 117 ut
755 1930 186 117 extra
879 1930 124 117 de
941 1930 186 117 summa
1065 1930 269 117 trinitate
1272 1930 124 117 et
1334 1930 166 117 fide

447 2017 258 109 cathols
634 2017 141 109 24
705 2017 329 109 quaestione
963 2017 117 109 1
1010 2017 188 109 haec
1127 2017 164 109 est
1221 2017 211 109 fides
1362 2017 141 109 et

450 2082 328 116 describitur
713 2082 131 116 ab
778 2082 109 116 a
822 2082 219 116 ptlolo
975 2082 153 116 sic
1063 2082 131 116 ad
1129 2082 241 116 haebris
1304 2082 175 116 quod

448 2162 178 118 est
549 2162 357 118 substantia
830 2162 408 118 speriandarum
1161 2162 229 118 rerum
1288 2162 153 118 argu

439 2231 288 109 mentum
641 2231 202 109 non
756 2231 432 109 appraentium
1101 2231 230 109 quam
1217 2231 230 109 descri

445 2312 331 107 partionem
699 2312 357 107 hostiensus
979 2312 178 107 ubi
1081 2312 229 107 supra
1234 2312 255 107 probat

439 2384 309 107 dupliciter
682 2384 177 107 esse
792 2384 376 107 insufficiente
1102 2384 199 107 primo
1234 2384 265 107 convenit

441 2454 233 116 etiam
597 2454 285 116 speciei
804 2454 181 116 pro
908 2454 207 116 isto
1037 2454 233 116 primo
1193 2454 259 116 motive
1348 2454 104 116 ho

438 2523 198 118 stiensus
587 2523 132 118 vide
670 2523 215 118 magistrum
835 2523 149 118 libro
934 2523 83 118 3
968 2523 265 118 distinctione
1182 2523 99 118 24
1232 2523 198 118 capitulo
1381 2523 99 118 si

433 2596 213 119 vero
567 2596 267 119 quitur
753 2596 133 119 ¶
807 2596 160 119 2o
887 2596 213 119 quia
1020 2596 240 119 solum
1180 2596 320 119 loquitur

445 2675 150 113 de
520 2675 275 113 futurum
720 2675 175 113 pro
820 2675 200 113 isto
945 2675 125 113 e
996 2675 250 113 motivo
1171 2675 175 113 est
1271 2675 225 113 magis

435 2752 166 115 libro
545 2752 111 115 3o
601 2752 295 115 distinctione
840 2752 92 115 x
877 2752 92 115 i
914 2752 221 115 capitulo
1080 2752 111 115 Et
1135 2752 166 115 sicut
1246 2752 166 115 fides
1357 2752 129 115 etc

435 2829 131 133 qua
510 2829 207 133 propter
661 2829 169 133 dicit
773 2829 150 133 quod
867 2829 131 133 non
942 2829 131 133 sit
1017 2829 282 133 diffinition
1242 2829 131 133 sed
1318 2829 169 133 solum

424 2908 312 132 quaedam
650 2908 425 132 notificatio
991 2908 170 132 et
1076 2908 227 132 ideo
1217 2908 198 132 sic
1302 2908 142 132 eam

423 2987 342 124 describit
685 2987 236 124 fides
843 2987 184 124 est
948 2987 368 124 noluntaria
1237 2987 236 124 certi

434 3063 181 119 tudo
548 3063 317 119 absentivum
797 3063 249 119 infarsa
979 3063 295 119 scientiam
1205 3063 136 119 et
1273 3063 204 119 supra

432 3140 286 129 oppinionem
656 3140 286 129 constituta
881 3140 164 129 haec
984 3140 123 129 de
1045 3140 245 129 scriptio
1229 3140 143 129 est
1311 3140 184 129 falsa

415 3220 201 108 Cum
530 3220 374 108 certitudo
818 3220 259 108 fidei
990 3220 374 108 adhaerent
1277 3220 201 108 non

443 3287 152 126 sic
530 3287 196 126 minor
661 3287 283 126 certitudo
879 3287 174 126 quam
988 3287 283 126 certitudo
1205 3287 283 126 scientiae

1577 375 313 151 evidenter
1817 375 144 151 Et
1890 375 192 151 ideo
2010 375 216 151 licet
2154 375 216 151 fides
2298 375 240 151 inesse
2467 375 168 151 est

1582 477 321 114 iudentiae
1829 477 271 114 infarsa
2026 477 321 114 scientiam
2273 477 395 114 constituatur

1588 556 177 98 non
1689 556 228 98 tamen
1841 556 203 98 mese
1968 556 406 98 certitudinis
2297 556 152 98 ad
2374 556 304 98 hesioris

1593 624 270 111 iudeatur
1795 624 337 111 alterissius
2065 624 202 111 libro
2200 624 135 111 3o
2267 624 292 111 tractatum
2492 624 135 111 de

1571 702 229 105 fide
1714 702 172 105 et
1800 702 315 105 Egidius
2029 702 172 105 in
2115 702 315 105 prologo
2344 702 257 105 primi
2515 702 143 105 ¶

1594 768 160 109 6on
1685 768 228 109 trinus
1845 768 160 109 est
1937 768 274 109 adhaesio
2142 768 205 109 fidei
2279 768 183 109 quod
2393 768 297 109 complexum

1599 842 339 128 hugolinus
1860 842 183 128 sic
1964 842 339 128 describit
2225 842 209 128 quod
2355 842 183 128 est
2433 842 183 128 sutia

1566 916 421 118 ctitudo
1872 916 268 118 qua
2025 916 345 118 nulla
2255 916 345 118 maior
2447 916 153 118 ma

1587 1000 232 107 toris
1742 1000 155 107 de
1819 1000 180 107 sit
1922 1000 206 107 esse
2051 1000 180 107 non
2154 1000 309 107 eidenter
2386 1000 258 107 commug

1594 1066 136 117 to
1662 1066 159 117 sed
1753 1066 249 117 credite
1934 1066 113 117 a
1980 1066 204 117 prima
2116 1066 272 117 veritate
2297 1066 295 117 responsiene

1580 1139 210 109 lari
1711 1139 183 109 vel
1816 1139 341 109 revelatum
2078 1139 210 109 esse
2209 1139 262 109 potest
2392 1139 210 109 haec
2497 1139 105 109 de

1585 1209 330 127 scriptio
1832 1209 193 127 est
1942 1209 165 127 de
2025 1209 248 127 finis
2190 1209 358 127 Confirmis
2465 1209 193 127 dic

1596 1295 154 112 tis
1684 1295 263 112 hugolini
1881 1295 198 112 libro
2013 1295 198 112 primo
2145 1295 132 112 de
2211 1295 220 112 sactis
2364 1295 198 112 parte
2474 1295 110 112 con

1588 1369 233 112 capitulo
1762 1369 116 112 et
1820 1369 233 112 dicentis
1995 1369 175 112 fides
2112 1369 136 112 est
2189 1369 252 112 certitudo
2383 1369 175 112 animi
2500 1369 155 112 dere

1588 1447 208 111 bus
1707 1447 416 111 absentibus
2034 1447 238 111 quae
2183 1447 208 111 sic
2302 1447 238 111 esse
2450 1447 208 111 non

1588 1540 170 95 est
1685 1540 267 95 evidens
1879 1540 315 95 intuitive
2122 1540 170 95 nec
2219 1540 170 95 per
2316 1540 291 95 rationem
2510 1540 97 95 co

1585 1589 231 122 gentem
1746 1589 392 122 universaliter
2069 1589 138 122 Et
2139 1589 208 122 parte
2277 1589 185 122 ideo
2392 1589 254 122 eiusdem

1590 1663 139 117 li
1659 1663 277 117 capitulo
1867 1663 139 117 et
1937 1663 208 117 fides
2075 1663 162 117 est
2168 1663 301 117 certitudo
2399 1663 254 117 quaedam

1590 1734 254 116 amam
1749 1734 349 116 derebus
2003 1734 444 116 absentibus
2352 1734 286 116 supra

1586 1805 316 119 oppinionem
1835 1805 203 119 infra
1971 1805 294 119 scientiam
2197 1805 316 119 constituta
2445 1805 181 119 quod

1604 1870 288 99 intelligi
1825 1870 199 99 debet
1958 1870 133 99 in
2024 1870 177 99 esse
2135 1870 266 99 notitiae
2334 1870 155 99 vel
2423 1870 221 99 evidem

1583 1949 213 107 aliter
1732 1949 170 107 haec
1838 1949 298 107 diffinitio
2072 1949 277 107 hostienti
2285 1949 192 107 foret
2413 1949 192 107 falsa

1581 2021 208 106 haec
1711 2021 156 106 de
1789 2021 156 106 2o
1867 2021 286 106 articuo
2075 2021 416 106 sufficiantur
2412 2021 130 106 ¶
2464 2021 208 106 qmum

1578 2087 175 106 3o
1665 2087 233 106 pono
1811 2087 465 106 conclusiones
2189 2087 291 106 quarum
2392 2087 262 106 prima

1579 2174 203 95 fit
1695 2174 232 95 haec
1840 2174 203 95 lex
1956 2174 232 95 tuae
2101 2174 290 95 fectae
2303 2174 348 95 obligato

1595 2228 195 103 ria
1707 2228 195 103 est
1818 2228 279 103 cuilus
2013 2228 362 103 rationali
2292 2228 362 103 creaturae

1579 2301 165 116 et
1661 2301 413 116 reprobativa
1991 2301 248 116 omnis
2156 2301 275 116 sectae
2349 2301 303 116 erronee

1586 2373 234 127 prima
1742 2373 208 127 pars
1873 2373 234 127 patet
2029 2373 208 127 quia
2159 2373 234 127 omnis
2315 2373 365 127 rationalis

1584 2435 345 105 creatura
1843 2435 374 105 obligatur
2131 2435 173 105 ad
2217 2435 431 105 dilectionem

1589 2511 161 120 dei
1681 2511 138 120 et
1750 2511 254 120 proximi
1935 2511 230 120 igitur
2096 2511 138 120 et
2165 2511 138 120 ad
2234 2511 207 120 legem
2350 2511 207 120 nostrae

1585 2586 200 125 sectae
1725 2586 280 125 antecedens
1945 2586 180 125 satis
2065 2586 140 125 est
2144 2586 180 125 notum
2264 2586 120 125 et
2324 2586 320 125 consequentia

1589 2659 252 134 patet
1757 2659 224 134 quia
1897 2659 168 134 in
1981 2659 224 134 hiis
2122 2659 280 134 onobus
2318 2659 336 134 mandatis

1586 2737 206 118 tota
1715 2737 335 118 lexpendet
1972 2737 154 118 et
2050 2737 309 118 prophete
2281 2737 154 118 in
2359 2737 129 118 2
2410 2737 154 118 2o

1576 2807 237 107 Secdo
1733 2807 184 107 sic
1839 2807 237 107 omnis
1996 2807 263 107 natura
2180 2807 368 107 rationalis
2443 2807 158 107 obli

1579 2880 262 116 gatur
1753 2880 175 116 ad
1841 2880 262 116 legem
2015 2880 349 116 aeternam
2277 2880 175 116 et
2335 2880 262 116 incommu

1582 2954 262 105 tabilem
1773 2954 238 105 igitur
1939 2954 143 105 et
2010 2954 143 105 ad
2082 2954 214 105 legem
2224 2954 262 105 nostrae
2415 2954 238 105 fectae

1595 3020 238 96 antecedens
1782 3020 153 96 patet
1884 3020 102 96 ex
1935 3020 170 96 dictis
2054 3020 153 96 tulum
2156 3020 153 96 libro
2258 3020 153 96 primo
2360 3020 272 96 distinctione

1579 3084 316 126 legibus
1809 3084 172 126 ut
1895 3084 230 126 fuit
2039 3084 345 126 deductum
2298 3084 345 126 articuls

1606 3149 178 140 primo
1725 3149 178 140 primi
1844 3149 277 140 principium
2061 3149 297 140 conclusione
2299 3149 119 140 3a
2358 3149 178 140 primo
2477 3149 119 140 et
2536 3149 119 140 2o

1585 3230 318 125 corollariis
1839 3230 127 125 et
1903 3230 340 125 consequentia
2179 3230 191 125 tenet
2306 3230 170 125 quia
2413 3230 149 125 lex
2476 3230 170 125 nostra
