2964 4161
332 409 113 136 ¶
378 409 136 136 4o
445 409 158 136 per
536 409 317 136 augustinus
785 409 181 136 inde
898 409 181 136 vera
1011 409 339 136 Innotentiam

355 500 171 124 unde
462 500 171 124 post
569 500 300 124 principium
804 500 150 124 ubi
890 500 129 124 in
954 500 171 124 quid
1062 500 321 124 intellectum

331 579 276 121 fides
515 579 276 121 nitam
699 579 307 121 apprit
914 579 460 121 infidelitas

351 646 221 127 clandit
512 646 201 127 igitur
652 646 161 127 haec
753 646 261 127 particula
953 646 321 127 conclusionis
1215 646 161 127 vera

352 727 154 118 quam
448 727 116 118 et
506 727 251 118 gregorius
699 727 212 118 prolixe
854 727 193 118 probat
989 727 270 118 quaestione
1201 727 97 118 1
1240 727 135 118 pro

351 804 188 119 logis
476 804 250 119 articulo
664 804 188 119 primo
789 804 104 119 ¶
831 804 209 119 primum
977 804 313 119 corollarium
1206 804 146 119 tamen

349 875 224 123 daium
499 875 224 123 fidei
648 875 249 123 priane
823 875 249 123 tantae
997 875 174 123 est
1097 875 324 123 certiduus

350 949 283 114 adhesive
563 949 259 114 quantae
751 949 165 114 est
846 949 307 114 conclusio
1082 949 307 114 demonstra

346 1028 289 114 tionis
548 1028 462 114 potentissime
924 1028 289 114 probat
1097 1028 260 114 naturam

343 1095 176 121 tam
443 1095 276 121 firntia
644 1095 176 121 est
745 1095 226 121 fides
896 1095 352 121 christiana
1172 1095 201 121 quod

338 1171 243 112 ipsam
500 1171 216 112 esse
635 1171 162 112 et
716 1171 189 112 non
824 1171 216 112 esse
958 1171 243 112 veram
1120 1171 189 112 est
1201 1171 135 112 sip

358 1229 281 127 inpossibile
583 1229 187 127 igitur
714 1229 281 127 corollarium
939 1229 169 127 verum
1052 1229 131 127 etc
1127 1229 169 127 fidei
1239 1229 131 127 non

362 1306 156 121 potest
472 1306 109 121 sub
534 1306 125 121 esse
612 1306 156 121 falsum
722 1306 156 121 igitur
831 1306 234 121 corollarium
1019 1306 141 121 verum
1112 1306 250 121 consequentia

348 1386 180 110 tenet
468 1386 260 110 assumptum
668 1386 280 110 communiter
887 1386 260 110 telegitur
1087 1386 120 110 de
1147 1386 160 110 fide
1227 1386 120 110 infu

354 1458 133 113 sa
420 1458 221 113 igitur
575 1458 155 113 etc
664 1458 133 113 3s
730 1458 155 113 sic
819 1458 155 113 tam
907 1458 266 113 proprium
1107 1458 155 113 est
1195 1458 199 113 fidei

339 1524 332 126 tendere
580 1524 181 126 in
671 1524 242 126 suum
822 1524 332 126 obiectu
1063 1524 332 126 superna

333 1603 210 107 le
438 1603 314 107 sicut
647 1603 349 107 alicui
892 1603 384 107 habitum
1136 1603 175 107 inu

361 1670 196 133 obiectum
508 1670 196 133 naturale
655 1670 163 133 igitur
769 1670 245 133 corollarium
965 1670 147 133 verum
1063 1670 82 133 ¶
1096 1670 98 133 2m
1145 1670 245 133 corollarium

343 1748 226 102 fides
494 1748 352 102 christiana
770 1748 176 102 non
871 1748 226 102 tanta
1022 1748 176 102 est
1123 1748 277 102 notitia

343 1821 200 121 vel
457 1821 342 121 cognitio
713 1821 228 121 cuta
856 1821 200 121 est
970 1821 314 121 finitas
1198 1821 200 121 vel

348 1890 332 116 certitudo
604 1890 307 116 probatur
834 1890 205 116 quia
962 1890 179 116 non
1064 1890 179 116 est
1166 1890 256 116 tantae

345 1968 307 116 notitiae
576 1968 179 116 vel
678 1968 384 116 cognitionis
985 1968 230 116 sicut
1113 1968 230 116 theomae

355 2045 137 93 vel
434 2045 255 93 conclusio
630 2045 372 93 demonstrationis
943 2045 117 93 et
1002 2045 176 93 tamen
1119 2045 137 93 est
1197 2045 196 93 tantae

339 2105 380 124 creatudinis
643 2105 329 124 finitatis
896 2105 177 124 vel
997 2105 405 124 certitudinis

349 2174 160 123 igitur
461 2174 239 123 corollarium
652 2174 144 123 verum
748 2174 96 123 Ex
796 2174 160 123 quibus
907 2174 144 123 patet
1003 2174 160 123 contra
1115 2174 207 123 gregorius
1274 2174 96 123 et

331 2249 185 120 got
436 2249 316 120 schaltum
673 2249 395 120 bneharditam
990 2249 211 120 quod
1121 2249 316 120 theomoia

329 2319 210 123 non
449 2319 270 123 solum
629 2319 210 123 est
749 2319 270 123 fides
928 2319 390 123 acquisita
1228 2319 180 123 ut

335 2403 298 101 dicunt
544 2403 209 101 sed
663 2403 328 101 notitia
901 2403 357 101 ulterior
1169 2403 238 101 fide

349 2475 131 69 in
415 2475 175 69 esse
524 2475 328 69 cognitionis
786 2475 131 69 et
852 2475 328 69 eviudentiae
1114 2475 262 69 scilicec

360 2545 187 102 patet
485 2545 125 102 ex
547 2545 208 102 dictis
693 2545 104 102 ¶
734 2545 125 102 3m
797 2545 312 102 corollarium
1046 2545 208 102 contra
1192 2545 229 102 brinkil

361 2597 111 99 0
405 2597 111 99 7
450 2597 134 99 et
517 2597 111 99 8
561 2597 401 99 cqoulusionibus
895 2597 134 99 2o
962 2597 267 99 articuli
1162 2597 223 99 primae

353 2671 329 122 conclusionis
620 2671 185 122 fides
744 2671 205 122 sectae
887 2671 308 122 christianae
1134 2671 246 122 sufficit

365 2751 180 101 per
468 2751 154 101 se
545 2751 154 101 et
623 2751 334 101 inmediate
880 2751 154 101 et
957 2751 360 101 requiritur
1214 2751 129 101 adm

339 2807 331 120 forandum
587 2807 413 120 intellectum
918 2807 331 120 desincea
1139 2807 220 120 verita

341 2878 147 112 te
414 2878 244 112 geatis
585 2878 318 112 catholice
829 2878 220 112 summo
976 2878 244 112 igitcr
1147 2878 171 112 per
1244 2878 147 112 se

352 2957 155 115 non
440 2957 244 115 probant
618 2957 266 115 excludit
817 2957 288 115 potentiam
1039 2957 155 115 vel
1127 2957 266 115 obiectum

339 3023 203 123 sed
455 3023 405 123 evidentiam
773 3023 260 123 aliam
947 3023 463 123 exteransicam

349 3104 160 124 ab
429 3104 213 124 ipso
563 3104 320 124 probatur
803 3104 160 124 in
883 3104 187 124 hoc
989 3104 267 124 spritu
1176 3104 213 124 quia

345 3182 161 120 non
437 3182 138 120 si
506 3182 161 120 non
598 3182 207 120 foret
735 3182 207 120 verum
873 3182 252 120 seuitur
1057 3182 184 120 quod
1171 3182 207 120 fides

323 3279 484 93 requiretur
704 3279 311 93 aliam
911 3279 484 93 eiudentiam

1496 377 307 132 extrinsecam
1741 377 184 132 afide
1864 377 102 132 a
1905 377 123 132 se
1966 377 123 132 et
2028 377 143 132 per
2110 377 287 132 consequens
2335 377 143 132 non

1492 465 190 116 potest
1625 465 152 116 esse
1720 465 228 116 respectu
1891 465 228 116 alicuius
2063 465 228 116 articuli
2234 465 114 116 ad
2291 465 190 116 habere

1485 541 187 111 sive
1602 541 327 111 eiudentiam
1859 541 327 111 extrinseca
2116 541 257 111 afidere
2303 541 187 111 quod

1491 615 139 116 est
1570 615 198 116 falsum
1709 615 119 116 et
1768 615 198 116 contra
1907 615 277 116 augustinus
2125 615 178 116 libro
2243 615 257 116 dentilita

1506 694 87 111 ¶
1540 694 192 111 redendi
1680 694 210 111 capitulo
1838 694 105 111 17
1890 694 157 111 patet
1995 694 210 111 salsitas
2153 694 280 111 consequenter
2380 694 140 111 quia

1492 761 176 102 cum
1593 761 227 102 talis
1744 761 353 102 evidentiam
2021 761 353 102 extrinseca
2298 761 176 102 non

1500 835 212 109 esset
1641 835 353 109 inpotestate
1923 835 306 109 credentis
2158 835 188 109 tunc
2275 835 235 109 nullus

1488 904 200 113 pro
1603 904 200 113 sua
1717 904 485 113 incrudulitate
2116 904 257 113 foret
2287 904 200 113 dam

1501 971 213 120 nandus
1650 971 106 120 ¶
1692 971 128 120 2o
1756 971 255 120 probatur
1947 971 340 120 consequentis
2223 971 149 120 per
2308 971 149 120 doc
2372 971 85 120 so

1505 1055 184 110 llemp
1627 1055 326 110 paerarticulo
1892 1055 122 110 14
1953 1055 286 110 quaestione
2178 1055 102 110 3
2219 1055 122 110 3o
2280 1055 245 110 probatur

1496 1116 224 120 eadem
1646 1116 299 120 falsitas
1870 1116 150 120 in
1945 1116 299 120 prologis
2169 1116 324 120 hugolinus

1485 1187 285 113 quaestione
1708 1187 102 113 3
1749 1187 244 113 articulo
1932 1187 102 113 3
1973 1187 142 113 ubi
2054 1187 224 113 allegat
2217 1187 265 113 aliquodet

1496 1279 353 97 perisiene
1767 1279 244 97 olkot
1930 1279 190 97 qui
2039 1279 299 97 falitis
2256 1279 244 97 huius

1496 1326 261 118 consequenter
1708 1326 245 118 sufficieter
1903 1326 212 118 concludit
2066 1326 82 118 ¶
2099 1326 114 118 4ta
2164 1326 212 118 conclusio
2327 1326 179 118 quamvis

1481 1406 183 119 sit
1585 1406 340 119 possibile
1847 1406 209 119 lege
1977 1406 261 119 stante
2160 1406 288 119 aliquem
2343 1406 105 119 ma

1484 1473 271 115 torem
1665 1473 331 115 sinceam
1906 1473 392 115 veritatem
2207 1473 301 115 nostre

1484 1560 279 109 sectae
1679 1560 139 109 a
1735 1560 307 109 sertive
1958 1560 362 109 ognoscere
2237 1560 223 109 sive
2348 1560 112 109 fi

1482 1623 203 117 dei
1598 1623 377 117 fudamento
1888 1623 203 117 vel
2003 1623 261 117 super
2177 1623 290 117 natali
2351 1623 116 117 ra

1483 1697 184 115 divo
1598 1697 184 115 stat
1713 1697 207 115 tanec
1851 1697 253 115 aliquod
2035 1697 253 115 nostrae
2219 1697 207 115 fidei
2334 1697 138 115 habi

1477 1762 172 101 tum
1576 1762 148 101 et
1650 1762 221 101 actum
1797 1762 246 101 habere
1969 1762 148 101 et
2043 1762 246 101 nullum
2215 1762 344 101 argumentum

1486 1829 295 131 catholice
1713 1829 227 131 sectae
1872 1829 250 131 credere
2054 1829 204 131 prima
2190 1829 182 131 pars
2303 1829 204 131 patet

1478 1902 113 112 ex
1535 1902 283 112 conclusione
1761 1902 113 112 3a
1818 1902 113 112 et
1874 1902 226 112 probatur
2044 1902 283 112 auctoritate
2271 1902 94 112 ¶
2308 1902 132 112 2ae
2384 1902 170 112 eorum

1468 1988 150 112 3
1528 1988 329 112 fundaum
1767 1988 179 112 ad
1857 1988 239 112 nemo
2006 1988 299 112 potest
2216 1988 299 112 ponere

1478 2059 189 113 etc
1586 2059 162 113 Et
1667 2059 162 113 ad
1748 2059 269 113 gallis
1936 2059 135 113 5
1990 2059 323 113 inxristo
2233 2059 189 113 ihu
2313 2059 189 113 neque

1475 2132 421 113 cicumcisio
1806 2132 331 113 aliquid
2047 2132 331 113 valebit
2257 2132 211 113 neque

1500 2204 267 114 ppiutium
1700 2204 156 114 sed
1789 2204 200 114 fides
1922 2204 178 114 Item
2033 2204 133 114 ad
2100 2204 245 114 Romanos
2278 2204 111 114 1
2322 2204 133 114 2a
2389 2204 133 114 ao

1499 2283 265 109 vacuc
1675 2283 177 109 2o
1764 2283 295 109 iustus
1970 2283 177 109 ex
2058 2283 236 109 fide
2206 2283 324 109 vnuntur

1464 2344 100 119 ¶
1504 2344 120 119 2a
1564 2344 161 119 pars
1665 2344 241 119 probatur
1845 2344 141 119 per
1926 2344 281 119 augustinum
2147 2344 261 119 mepistola
2348 2344 161 119 quam

1459 2419 265 111 sdam
1625 2419 232 111 ubi
1757 2419 199 111 in
1857 2419 265 111 quid
2023 2419 232 111 Cum
2155 2419 332 111 cepote
2354 2419 133 111 in

1477 2488 255 113 cauti
1647 2488 255 113 huius
1817 2488 312 113 secreti
2044 2488 511 113 intelligentiam

1480 2559 164 103 in
1562 2559 355 103 troducere
1835 2559 164 103 nn
1917 2559 219 103 deus
2053 2559 273 103 initus
2217 2559 246 103 adimuit

1490 2644 151 104 non
1577 2644 216 104 potero
1728 2644 130 104 Et
1793 2644 238 104 ponitur
1966 2644 346 104 auctoritates
2247 2644 238 104 prolixe

1506 2707 129 118 per
1579 2707 202 118 doctias
1726 2707 184 118 solemp
1855 2707 165 118 primo
1965 2707 92 118 s
2002 2707 220 118 articulo
2167 2707 110 118 13
2222 2707 257 118 quaestione
2406 2707 55 118 3

1499 2778 112 117 ad
1555 2778 149 117 idem
1649 2778 131 117 est
1724 2778 262 117 augustinus
1929 2778 131 117 ide
2004 2778 168 117 libro
2116 2778 168 117 arbio
2228 2778 224 117 capitulo
2396 2778 112 117 3o

1452 2859 156 114 ad
1530 2859 207 114 hanc
1659 2859 415 114 auctoritatem
1996 2859 233 114 legis
2152 2859 415 114 confugiendum

1495 2933 233 109 censes
1658 2933 303 109 hominibus
1891 2933 163 109 iam
1985 2933 163 109 non
2078 2933 233 109 tantum
2218 2933 257 109 capirtulo

1489 3018 216 95 dere
1624 3018 189 95 sed
1732 3018 405 95 intelligere
2055 3018 405 95 cupientibus
2379 3018 162 95 Et

1487 3070 140 123 2o
1557 3070 140 123 de
1627 3070 210 123 libro
1766 3070 280 123 articulo
1976 3070 140 123 et
2046 3070 210 123 neque
2186 3070 280 123 quisquam
2372 3070 140 123 inve

1486 3150 291 101 mendo
1680 3150 226 101 deo
1809 3150 226 101 sit
1939 3150 356 101 ydoneus
2197 3150 194 101 in
2295 3150 194 101 si
2392 3150 194 101 an

1483 3208 265 108 crediderit
1691 3208 189 108 igitur
1824 3208 133 108 hoc
1900 3208 114 108 2t
1957 3208 152 108 pars
2051 3208 303 108 conclusionis
2297 3208 152 108 vera
2392 3208 95 108 ¶

1483 3273 202 126 Aliae
1617 3273 291 126 partibile
1841 3273 135 126 et
1909 3273 336 126 significant
2178 3273 224 126 ultima
2334 3273 179 126 quod
