2964 4220
497 396 174 140 videtur
624 396 158 140 contra
734 396 205 140 gregorius
892 396 221 140 quaestione
1066 396 79 140 2
1098 396 190 140 prologis
1240 396 190 140 articulo
1382 396 79 140 2
1414 396 95 140 et

475 490 148 122 got
559 490 253 122 sthaltum
749 490 295 122 quaestione
981 490 106 122 1
1024 490 253 122 prologis
1214 490 190 122 circa
1340 490 190 122 finem

464 576 322 119 probatur
705 576 188 119 sic
813 576 161 119 de
893 576 214 119 actu
1027 576 214 119 quia
1161 576 161 119 de
1242 576 295 119 habitum

484 632 228 140 snon
626 632 199 140 est
740 632 285 140 dubium
939 632 256 140 ipsis
1110 632 313 140 naturam
1338 632 199 140 non

488 719 237 130 plus
636 719 533 130 ydemptificatur
1080 719 266 130 actus
1258 719 266 130 fidei

499 801 143 101 et
571 801 190 101 suum
689 801 262 101 actuare
880 801 166 101 vel
975 801 214 101 agere
1117 801 190 101 quam
1236 801 285 101 accidens

492 877 137 126 et
561 877 228 126 ipsius
720 877 297 126 inhaerere
948 877 160 126 sed
1040 877 182 126 deus
1154 877 228 126 potest
1291 877 182 126 facere

482 941 265 137 accides
675 941 193 137 sive
795 941 313 137 inhaerere
1036 941 241 137 igitur
1205 941 145 137 et
1277 941 217 137 actum
1398 941 96 137 si

477 1027 163 127 dei
570 1027 140 127 su
640 1027 256 127 actuare
826 1027 163 127 vel
919 1027 210 127 agere
1059 1027 233 127 igitur
1222 1027 186 127 haec
1338 1027 186 127 pars

482 1122 102 115 et
533 1122 135 115 pars
618 1122 237 115 consequens
804 1122 135 115 tota
888 1122 220 115 conclusio
1058 1122 135 115 vera
1142 1122 85 115 ¶
1176 1122 169 115 primum
1295 1122 254 115 corollarium

495 1172 290 115 plures
698 1172 377 115 salvantur
988 1172 174 115 in
1076 1172 261 115 mundo
1250 1172 290 115 nullam

495 1248 298 121 sectam
704 1248 238 121 omno
852 1248 298 121 creddo
1061 1248 268 121 patet
1239 1248 327 121 omnibus

472 1314 255 117 non
617 1314 401 117 adultis
909 1314 584 117 decedentibus
1347 1314 146 117 in

478 1392 345 122 sacramento
749 1392 271 122 bapirum
946 1392 148 122 et
1020 1392 148 122 de
1094 1392 271 122 omnibus
1291 1392 271 122 bapitum

494 1481 340 105 naturaliter
766 1481 159 105 esu
857 1481 272 105 rationis
1061 1481 317 105 carentibus
1310 1481 136 105 si
1378 1481 136 105 li

483 1543 300 121 naturaliter
723 1543 180 121 natis
843 1543 200 121 fatiis
983 1543 240 121 baptatis
1164 1543 100 121 ¶
1204 1543 120 121 2m
1264 1543 300 121 corollarium

479 1611 180 117 de
569 1611 299 117 aliqua
778 1611 269 117 secta
958 1611 299 117 plures
1168 1611 389 117 salvantur

495 1678 201 123 quam
621 1678 151 123 si
696 1678 327 123 crederent
948 1678 403 123 dampnarentur
1275 1678 227 123 patet
1401 1678 101 123 de

484 1754 268 106 puenis
672 1754 322 106 grecorum
913 1754 295 106 bapitis
1128 1754 429 106 decedentibus

491 1815 164 121 ante
594 1815 247 121 anecdets
779 1815 329 121 discretionis
1046 1815 103 121 ¶
1087 1815 123 121 3m
1149 1815 308 121 corollarium
1395 1815 144 121 non

485 1889 221 108 omnis
633 1889 172 108 non
731 1889 270 108 credens
928 1889 221 108 sicut
1075 1889 295 108 ecclesia
1296 1889 221 108 ratio

478 1948 230 115 mana
622 1948 288 115 credit
823 1948 173 115 et
910 1948 316 115 credere
1140 1948 345 115 precipit
1370 1948 115 115 in

464 2023 188 115 sto
572 2023 350 115 praecepto
841 2023 242 115 errat
1002 2023 376 115 incredendo
1298 2023 242 115 patet

479 2090 373 123 corollarium
777 2090 199 123 quia
902 2090 199 123 stat
1026 2090 273 123 aliquem
1225 2090 249 123 licite
1374 2090 124 123 pro

481 2166 242 110 aliquo
650 2166 266 110 tempore
844 2166 242 110 nichil
1013 2166 266 110 credere
1207 2166 242 110 igitur
1352 2166 121 110 nec

488 2233 269 107 errat
668 2233 419 107 incredendo
997 2233 209 107 nec
1116 2233 299 107 credit
1325 2233 209 107 sic

483 2319 261 100 Ecclesia
679 2319 239 100 rationa
853 2319 217 100 credit
1005 2319 130 100 ex
1070 2319 217 100 quibus
1222 2319 196 100 patet
1353 2319 174 100 quod

473 2384 309 104 christus
705 2384 180 104 cum
808 2384 232 104 dixit
962 2384 180 104 qui
1065 2384 180 104 non
1168 2384 360 104 crediderit

481 2449 388 115 ydempnitur
786 2449 250 115 meria
953 2449 250 115 ultia
1119 2449 166 115 et
1202 2449 360 115 achanamus

477 2515 196 109 haec
599 2515 171 109 est
697 2515 220 109 fides
844 2515 269 109 katholi
1040 2515 196 109 quam
1162 2515 196 109 enim
1285 2515 269 109 quisque

475 2586 162 106 etc
568 2586 302 106 decipiunt
800 2586 255 106 credere
985 2586 162 106 pro
1078 2586 186 106 fide
1194 2586 186 106 quam
1310 2586 232 106 creden

484 2671 215 104 potest
634 2671 215 104 habere
784 2671 129 104 Et
848 2671 150 104 per
934 2671 150 104 hoc
1020 2671 279 104 solvuntur
1235 2671 129 104 in
1299 2671 236 104 santiae

485 2723 160 128 quae
585 2723 160 128 seri
685 2723 220 128 possunt
844 2723 200 128 contra
984 2723 259 128 praedicta
1184 2723 100 128 ¶
1224 2723 120 128 5a
1283 2723 240 128 concluso

462 2804 156 128 ex
540 2804 259 128 signis
722 2804 311 128 speribus
955 2804 415 128 sensibilibus
1292 2804 156 128 et
1344 2804 156 128 mira

473 2880 219 125 culis
619 2880 146 125 ex
692 2880 244 125 partis
862 2880 244 125 dictis
1033 2880 341 125 Ereditatis
1301 2880 244 125 limbus

468 2973 341 108 immissis
723 2973 284 108 potest
922 2973 426 108 sinceanitas
1234 2973 227 108 nostre

484 3034 225 107 sectae
642 3034 135 107 et
710 3034 158 107 non
800 3034 225 107 aliter
957 3034 248 107 amatore
1138 3034 248 107 suffice
1318 3034 225 107 haberi

489 3096 297 113 stante
697 3096 238 113 lege
846 3096 267 113 prima
1024 3096 238 113 pars
1173 3096 238 113 quae
1321 3096 208 113 est

488 3171 160 102 contra
600 3171 176 102 brinkil
728 3171 224 102 quaestione
905 3171 80 102 1
937 3171 192 102 articulo
1081 3171 96 102 3o
1129 3171 96 102 2o
1177 3171 240 102 conclusione
1370 3171 144 102 prima

474 3233 358 122 principali
756 3233 307 122 probatur
987 3233 179 122 nam
1089 3233 230 122 verus
1243 3233 282 122 moralis

477 3309 275 124 videns
669 3309 302 124 hominem
889 3309 247 124 sicut
1054 3309 220 124 fuit
1191 3309 330 124 christus

1569 363 173 170 et
1656 363 202 170 sui
1771 363 376 170 discipuli
2060 363 231 170 vere
2205 363 376 170 moraliter
2493 363 173 170 et

1557 474 249 115 bene
1712 474 249 115 vine
1868 474 187 115 et
1961 474 405 115 mirabilia
2273 474 249 115 quae
2397 474 249 115 fecere

1570 541 201 123 runt
1696 541 252 123 facere
1872 541 201 123 quae
1998 541 227 123 nulla
2149 541 327 123 naturalis
2401 541 252 123 virtus

1584 611 328 131 sufficienter
1850 611 246 131 efficere
2034 611 307 131 neccessario
2280 611 225 131 habebit
2444 611 246 131 virtutem

1591 687 401 132 supernatualem
1922 687 260 132 confiti
2111 687 165 132 sic
2205 687 260 132 maeteua
2394 687 283 132 christus

1576 773 317 122 arguisse
1813 773 185 122 cum
1919 773 211 122 agit
2051 773 185 122 ime
2156 773 132 122 1
2209 773 158 122 et
2288 773 317 122 Iohannes
2525 773 158 122 10

1580 844 310 119 opera
1786 844 276 119 quae
1958 844 241 119 ego
2096 844 344 119 faciam
2337 844 276 119 ipsa
2475 844 138 119 te

1596 907 308 125 stinoium
1827 907 180 125 per
1930 907 282 125 ibebunt
2135 907 154 125 de
2212 907 154 125 me
2289 907 154 125 si
2366 907 231 125 meria
2495 907 128 125 cre

1586 992 201 127 dit
1701 992 345 127 operibus
1960 992 316 127 credite
2190 992 144 127 ¶
2248 992 230 127 Item
2392 992 201 127 ido
2507 992 173 127 3o

1593 1073 186 113 nemo
1709 1073 233 113 potest
1872 1073 186 113 haec
1988 1073 209 113 signa
2128 1073 233 113 facere
2291 1073 186 113 quae
2407 1073 163 113 tum
2500 1073 186 113 etuc

1574 1143 201 120 Item
1699 1143 301 120 iohannes
1925 1143 125 120 4
1975 1143 201 120 nisi
2100 1143 326 120 inderitis
2351 1143 226 120 signa
2502 1143 176 120 non

1587 1215 311 136 credentis
1826 1215 143 136 Et
1898 1215 287 136 Iohannem
2113 1215 191 136 conr
2233 1215 120 136 a
2280 1215 191 136 sclo
2400 1215 167 136 non
2495 1215 167 136 est

1596 1309 265 97 auditum
1789 1309 145 97 et
1861 1309 313 97 matthaeus
2102 1309 169 97 27a
2198 1309 193 97 vere
2319 1309 241 97 filius
2488 1309 169 97 dei

1585 1364 251 123 erat
1742 1364 251 123 iste
1898 1364 408 123 Similiter
2212 1364 282 123 verus
2400 1364 282 123 astro

1586 1432 329 126 minus
1806 1432 366 126 videns
2062 1432 366 126 etipsm
2282 1432 329 126 inpleni

1588 1505 265 113 lumo
1754 1505 232 113 vel
1886 1505 332 113 videns
2119 1505 232 113 sol
2251 1505 431 113 stationem

1597 1586 347 110 adimpium
1858 1586 318 110 hominis
2089 1586 376 110 alitcuius
2379 1586 318 110 habebit

1595 1649 211 120 idem
1727 1649 290 120 confiti
1938 1649 185 120 sic
2043 1649 343 120 naturalis
2307 1649 158 120 de
2386 1649 317 120 morturis

1585 1714 164 116 ide
1678 1714 258 116 ratione
1866 1714 258 116 cecorum
2054 1714 399 116 illuminatione
2382 1714 282 116 virginis

1585 1793 390 113 pertinitione
1902 1793 146 113 ad
1975 1793 171 113 hoc
2073 1793 220 113 facit
2219 1793 195 113 quod
2341 1793 268 113 habetur
2512 1793 73 113 o

1576 1877 202 77 15
1677 1877 202 77 si
1778 1877 302 77 opera
1980 1877 235 77 non
2114 1877 403 77 fecissem
2416 1877 269 77 meis

1579 1929 243 107 quae
1730 1929 243 107 nemo
1882 1929 273 107 alius
2064 1929 273 107 fecit
2246 1929 303 107 pestum
2458 1929 212 107 non

1578 2000 232 124 habuit
1740 2000 232 124 igitur
1902 2000 185 124 haec
2018 2000 185 124 pars
2134 2000 185 124 vera
2249 2000 162 124 sic
2342 2000 255 124 arguent
2504 2000 116 124 hui

1596 2082 219 102 caus
1732 2082 164 102 in
1814 2082 246 102 summa
1978 2082 164 102 de
2060 2082 465 102 quaestionibus
2415 2082 219 102 habeme

1587 2158 244 104 noarum
1757 2158 219 104 libro
1903 2158 146 104 2o
1976 2158 146 104 18
2049 2158 146 104 19
2122 2158 146 104 et
2195 2158 146 104 et
2268 2158 122 104 2
2317 2158 317 104 capitulis

1566 2218 154 118 p
1628 2218 277 118 totum
1812 2218 400 118 Similiter
2120 2218 215 118 doc
2243 2218 400 118 profundus

1584 2291 216 115 libro
1728 2291 120 115 1
1776 2291 288 115 capitulo
1992 2291 216 115 primo
2136 2291 240 115 multis
2304 2291 288 115 partibus
2520 2291 144 115 et

1573 2355 361 128 corollarium
1862 2355 120 128 s
1910 2355 265 128 eiusdem
2103 2355 169 128 cap
2199 2355 313 128 ostenduns
2440 2355 313 128 mirabilia

1586 2441 340 128 ssibiliter
1853 2441 146 128 ex
1926 2441 218 128 parte
2071 2441 267 128 nostram
2265 2441 218 128 fidem
2411 2441 316 128 sufficiet

1577 2515 341 123 probare
1825 2515 279 123 aliae
2011 2515 248 123 duae
2167 2515 310 123 partes
2384 2515 310 123 patent

1585 2595 154 121 ex
1662 2595 154 121 3o
1739 2595 154 121 et
1816 2595 128 121 4
1867 2595 461 121 conclusionibus
2251 2595 154 121 et
2328 2595 358 121 deducentur

1578 2683 290 110 plenius
1789 2683 237 110 circa
1947 2683 158 110 3m
2026 2683 264 110 librum
2211 2683 185 110 ubi
2316 2683 396 110 tractabiter

1592 2755 214 128 prima
1735 2755 380 128 distinctione
2043 2755 214 128 utrum
2186 2755 261 128 exserie
2376 2755 261 128 veterum
2542 2755 95 128 te

1583 2834 318 127 stamenti
1822 2834 318 127 christus
2061 2834 265 127 posset
2247 2834 292 127 probari
2459 2834 212 127 esse

1569 2893 269 147 filius
1757 2893 188 147 dei
1865 2893 161 147 Et
1946 2893 242 147 circa
2107 2893 377 147 principium
2403 2893 161 147 4a
2484 2893 188 147 ubi

1587 2983 336 117 idebitur
1839 2983 252 117 utrum
2007 2983 196 117 lex
2119 2983 392 117 christiana
2426 2983 196 117 sit
2510 2983 112 117 le

1586 3045 281 119 galium
1783 3045 394 119 antiquarum
2092 3045 394 119 evacuativa
2401 3045 253 119 ratio

1584 3130 215 112 eis
1707 3130 215 112 non
1830 3130 246 112 plus
1983 3130 215 112 eis
2106 3130 215 112 hic
2229 3130 184 112 in
2321 3130 276 112 sisto
2505 3130 153 112 ¶

1579 3204 264 137 primum
1763 3204 396 137 corollarium
2080 3204 211 137 plus
2212 3204 185 137 est
2291 3204 290 137 initendum

1594 3272 404 134 scripturae
1912 3272 376 134 latholice
2201 3272 231 134 quam
2345 3272 347 134 dictamum
