2964 4220
488 405 325 130 manifestum
743 405 232 130 igitur
906 405 163 130 non
999 405 232 130 potest
1161 405 186 130 dici
1277 405 209 130 talis

496 489 415 122 illustratio
828 489 221 122 fore
967 489 194 122 dus
1077 489 138 122 ¶
1133 489 277 122 Contra
1326 489 166 122 2m

492 558 307 126 menibrum
723 558 281 126 eiusdem
927 558 281 126 termini
1132 558 205 126 quia
1260 558 230 126 talis

503 637 205 109 motus
640 637 159 109 vel
731 637 159 109 est
822 637 205 109 motus
959 637 296 109 potentiae
1187 637 159 109 vel
1278 637 159 109 rei
1369 637 137 109 ex

507 703 165 126 tentis
623 703 232 126 inpotentia
805 703 116 126 sed
871 703 165 126 nullum
987 703 182 126 istorum
1120 703 165 126 igitur
1235 703 116 126 etc
1302 703 83 126 ¶
1335 703 165 126 contra

488 780 144 106 3m
560 780 289 106 menibrum
777 780 265 106 eiusdem
969 780 289 106 terminum
1186 780 193 106 quia
1306 780 217 106 talis

487 844 224 104 actus
636 844 174 104 fit
736 844 149 104 de
811 844 249 104 lictus
985 844 174 104 vel
1085 844 299 104 procedit
1309 844 224 104 solum

489 920 219 119 active
642 920 109 119 a
686 920 284 119 postentio
905 920 131 119 et
971 920 153 119 hoc
1058 920 153 119 non
1146 920 219 119 potest
1299 920 175 119 dici

492 992 137 112 vel
571 992 98 112 a
610 992 234 112 potentia
786 992 117 112 et
844 992 234 112 obiectio
1020 992 176 112 simul
1137 992 117 112 et
1196 992 156 112 tunc
1294 992 234 112 sequitur

489 1072 156 114 quod
586 1072 234 114 obiectum
761 1072 273 114 corollario
976 1072 156 114 agat
1073 1072 117 114 in
1132 1072 234 114 spiritum
1307 1072 195 114 contra

488 1146 331 108 augustinus
748 1146 118 108 6
796 1146 236 108 musite
961 1146 142 108 Et
1032 1146 165 108 hoc
1126 1146 331 108 consequens
1363 1146 95 108 re

490 1221 374 115 praesentat
784 1221 160 115 et
864 1221 267 115 falsum
1051 1221 321 115 Schardus
1265 1221 187 115 barbe

489 1282 278 126 quaestione
707 1282 99 126 1
747 1282 238 126 lecutrae
926 1282 159 126 suae
1025 1282 119 126 et
1084 1282 238 126 iohannes
1263 1282 119 126 de
1302 1282 179 126 marchia

493 1361 92 99 2
529 1361 258 99 quaestione
732 1361 368 99 determinationeum
1045 1361 221 99 articulo
1210 1361 110 99 2o
1266 1361 129 99 ubi
1339 1361 166 99 etiam

483 1434 290 98 tractat
694 1434 317 98 materiam
931 1434 317 98 qualiter
1169 1434 238 98 areis
1327 1434 185 98 est

488 1506 159 111 ipsa
587 1506 178 111 anima
706 1506 178 111 cirea
825 1506 198 111 medium
964 1506 198 111 istius
1102 1506 238 111 articuli
1281 1506 99 111 ¶
1320 1506 198 111 Contra

491 1566 171 112 lmum
597 1566 256 112 terminum
789 1566 213 112 nullus
939 1566 149 112 est
1024 1566 235 112 habitus
1195 1566 299 112 supernalis

479 1644 185 116 igitur
608 1644 166 116 prima
719 1644 240 116 partibula
904 1644 314 116 descriptionis
1162 1644 166 116 falsa
1273 1644 222 116 coaentra

501 1718 138 121 non
580 1718 275 121 antecedens
796 1718 236 121 probatur
973 1718 157 121 quia
1071 1718 118 121 si
1130 1718 177 121 talis
1248 1718 216 121 habitus

490 1784 214 125 esset
633 1784 238 125 habens
799 1784 166 125 eos
894 1784 238 125 posset
1060 1784 214 125 scire
1203 1784 143 125 se
1274 1784 214 125 ipsos
1393 1784 95 125 ha

492 1851 164 127 bere
595 1851 123 127 et
657 1851 144 127 per
739 1851 287 127 consequens
964 1851 226 127 aliquid
1128 1851 205 127 posset
1272 1851 123 127 se
1333 1851 185 127 scire

494 1927 203 145 habere
636 1927 182 145 fidem
757 1927 122 145 de
818 1927 243 145 articulo
1001 1927 284 145 christiano
1224 1927 142 145 Sed
1305 1927 203 145 contra

488 1994 268 135 quilibet
689 1994 268 135 quilibet
890 1994 156 135 qui
979 1994 179 135 scit
1091 1994 134 135 se
1158 1994 223 135 habere
1315 1994 201 135 fidem

492 2083 256 132 articuli
684 2083 171 132 scit
790 2083 192 132 ipsum
918 2083 298 132 articulium
1153 2083 192 132 verum
1280 2083 128 132 et
1344 2083 149 132 cum

474 2160 305 125 habitus
696 2160 250 125 fidei
863 2160 250 125 aeque
1029 2160 361 125 inmediate
1307 2160 166 125 se
1362 2160 111 125 ha

492 2228 168 120 beat
597 2228 252 120 respectu
786 2228 294 120 cuiuslibet
1016 2228 294 120 articentli
1247 2228 252 120 Sequitur

496 2301 164 132 quod
598 2301 123 132 si
659 2301 164 132 quis
762 2301 205 132 potest
905 2301 184 132 scire
1028 2301 164 132 unum
1131 2301 246 132 articulm
1315 2301 164 132 quod

496 2381 184 132 scieret
630 2381 217 132 quomlibet
797 2381 100 132 et
847 2381 117 132 per
914 2381 234 132 consequens
1097 2381 167 132 posset
1214 2381 134 132 quis
1297 2381 217 132 scientiae

493 2463 188 94 omnia
619 2463 314 94 neccessaria
870 2463 126 94 ad
933 2463 272 94 veritatem
1142 2463 230 94 nostrae
1310 2463 209 94 sectae

476 2527 157 137 quod
575 2527 138 137 non
653 2527 216 137 videtur
811 2527 98 137 ¶
850 2527 118 137 2o
909 2527 177 137 circa
1027 2527 197 137 eundem
1165 2527 236 137 terminum
1342 2527 177 137 nulla

490 2597 147 119 est
574 2597 232 119 veritas
743 2597 379 119 suprenaturalis
1059 2597 211 119 igitur
1206 2597 126 119 de
1269 2597 253 119 scriptio

496 2692 161 118 falsa
604 2692 161 118 patet
711 2692 287 118 consequentia
945 2692 233 118 assumptum
1124 2692 215 118 arguitur
1286 2692 126 118 sic
1357 2692 144 118 quia

485 2746 172 142 anima
599 2746 191 142 nostra
733 2746 191 142 potest
866 2746 286 142 naturaliter
1095 2746 267 142 cognoscere
1304 2746 210 142 prinium

474 2819 288 151 principium
701 2819 206 151 igitur
845 2819 123 151 et
906 2819 267 151 quodlibet
1112 2819 267 151 contentum
1318 2819 185 151 nullo

483 2902 166 122 sed
578 2902 214 122 omnis
721 2902 261 122 veritas
910 2902 142 122 in
982 2902 190 122 ipsa
1100 2902 332 122 continetur
1337 2902 119 122 vir

483 2982 230 129 tualiter
655 2982 192 129 igitur
789 2982 230 129 sequitur
962 2982 153 129 quod
1058 2982 153 129 omni
1153 2982 249 129 veritatem
1345 2982 172 129 anima

481 3050 289 134 naturaliter
712 3050 192 134 potest
846 3050 231 134 sicirere
1019 3050 96 134 ¶
1058 3050 115 134 2o
1116 3050 173 134 anima
1231 3050 192 134 nostra
1366 3050 135 134 non

472 3118 182 128 non
576 3118 365 128 moluntatur
863 3118 443 128 inperteptione
1228 3118 287 128 verorum

473 3194 286 129 diviniorum
697 3194 204 129 igitur
840 3194 184 129 talis
963 3194 266 129 perceptio
1167 3194 143 129 non
1249 3194 143 129 est
1330 3194 163 129 sibi

465 3277 406 159 supernalis
784 3277 145 159 ¶
842 3277 174 159 3o
929 3277 232 159 homo
1074 3277 203 159 est
1190 3277 319 159 eiusdem

1594 399 288 112 speciei
1803 399 210 112 nunc
1935 399 236 112 sicut
2092 399 210 112 fuit
2223 399 157 112 in
2301 399 262 112 statum
2459 399 157 112 inno

1613 484 207 98 tcene
1751 484 161 98 sed
1843 484 184 98 tunc
1957 484 207 98 nulla
2095 484 252 98 veritas
2279 484 252 98 fuisset
2462 484 184 98 sibi

1606 548 346 115 supernatualis
1890 548 203 115 igitur
2033 548 142 115 nec
2114 548 163 115 nunc
2215 548 102 115 ¶
2256 548 122 115 3a
2317 548 203 115 circra
2459 548 203 115 eundem

1619 622 239 112 terminum
1798 622 159 112 haec
1898 622 120 112 de
1958 622 239 112 scriptio
2137 622 139 112 non
2217 622 219 112 videtur
2376 622 319 112 descriptione

1606 701 284 97 apostoli
1820 701 308 97 convenere
2056 701 142 97 ad
2128 701 261 97 haebris
2317 701 142 97 11
2388 701 166 97 ubi
2459 701 166 97 dicit

1620 783 184 106 fides
1742 783 143 106 est
1824 783 286 106 substantia
2049 783 143 106 etc
2130 783 204 106 igitur
2273 783 163 106 ipsa
2375 783 143 106 non
2457 783 143 106 est
2518 783 123 106 bene

1596 849 265 88 data
1761 849 430 88 assumptum
2092 849 298 88 argui
2290 849 265 88 quia
2456 849 265 88 omne

1612 919 251 126 congtive
1801 919 293 126 perceptvum
2031 919 147 126 est
2115 919 105 126 a
2156 919 209 126 pprius
2303 919 147 126 vel
2387 919 293 126 perceptivo

1609 996 338 121 appesuetium
1880 996 158 121 sed
1970 996 203 121 fides
2105 996 135 121 2m
2173 996 315 121 aposteolum
2420 996 158 121 non
2510 996 158 121 est

1616 1066 221 123 appariuis
1786 1066 102 123 ut
1837 1066 290 123 appraesentium
2076 1066 170 123 igitur
2195 1066 119 123 etc
2263 1066 204 123 proprium
2417 1066 85 123 6
2451 1066 221 123 rguimntum

1588 1135 356 136 adhaesio
1855 1135 267 136 fidei
2033 1135 356 136 includit
2299 1135 415 136 formidinem

1597 1212 241 125 igitur
1766 1212 169 125 non
1862 1212 169 125 est
1959 1212 217 125 summa
2104 1212 314 125 certitudo
2345 1212 193 125 quua
2466 1212 193 125 nota

1614 1292 304 110 assumptum
1848 1292 234 110 potest
2011 1292 234 110 haberi
2175 1292 140 110 ex
2245 1292 234 110 dictis
2409 1292 281 110 anichals

1594 1365 190 123 de
1689 1365 286 123 massa
1880 1365 254 123 quae
2039 1365 444 123 recitantur
2388 1365 222 123 tam
2483 1365 127 123 in

1588 1437 320 115 prologis
1829 1437 320 115 alphonsi
2069 1437 214 115 quam
2202 1437 267 115 thomae
2389 1437 160 115 de
2442 1437 214 115 argeni

1599 1509 134 115 /
1653 1509 161 115 2o
1733 1509 322 115 adhaesio
1975 1509 241 115 fidei
2136 1509 188 115 non
2243 1509 188 115 est
2350 1509 241 115 summa
2484 1509 161 115 trti

1598 1580 221 109 tudo
1736 1580 165 109 ut
1819 1580 193 109 qua
1929 1580 248 109 maior
2095 1580 276 109 posset
2288 1580 221 109 esse
2425 1580 276 109 igitur

1597 1662 171 119 ista
1703 1662 128 119 de
1768 1662 256 119 scriptio
1960 1662 192 119 falsa
2088 1662 278 119 assumptum
2302 1662 256 119 arguitur
2494 1662 171 119 quia

1619 1731 324 127 principium
1874 1731 208 127 magis
2013 1731 162 127 est
2105 1731 232 127 certum
2267 1731 185 127 quam
2383 1731 208 127 fides
2522 1731 162 127 Cum

1606 1808 251 124 principio
1798 1808 193 124 nullus
1933 1808 308 124 contradicere
2184 1808 193 124 posset
2319 1808 116 124 et
2377 1808 173 124 fidei
2492 1808 154 124 quam

1605 1881 281 128 plurinim
1815 1881 117 128 ¶
1862 1881 140 128 3o
1932 1881 281 128 sequitur
2143 1881 187 128 quod
2260 1881 187 128 idem
2377 1881 140 128 se
2447 1881 258 128 excedet

1614 1956 103 124 et
1665 1956 223 124 excedetur
1837 1956 137 124 quod
1923 1956 120 124 est
1992 1956 258 124 inpossibile
2198 1956 155 124 patet
2301 1956 275 124 consequentia
2524 1956 137 124 quia

1599 2027 252 122 fides
1767 2027 196 122 vel
1879 2027 168 122 ad
1963 2027 280 122 haesio
2159 2027 252 122 fidei
2327 2027 196 122 est
2439 2027 252 122 summa

1589 2105 349 123 certituda
1858 2105 161 123 et
1938 2105 296 123 remissa
2153 2105 322 123 cognitio
2395 2105 269 123 igitur
2557 2105 107 123 as

1610 2181 212 112 sumptum
1764 2181 174 112 verum
1880 2181 116 112 et
1938 2181 270 112 consequens
2150 2181 270 112 descriptio
2362 2181 174 112 falsa
2478 2181 97 112 ¶
2517 2181 174 112 ponta

1612 2253 218 117 primam
1765 2253 218 117 partem
1918 2253 218 117 primae
2071 2253 350 117 conclusionis
2355 2253 153 117 lex
2420 2253 197 117 nostrae

1602 2318 230 113 secte
1756 2318 255 113 multis
1934 2318 179 113 non
2037 2318 179 113 est
2139 2318 230 113 datae
2292 2318 255 113 igitur
2445 2318 179 113 multo

1602 2391 197 116 ruon
1725 2391 172 116 non
1824 2391 172 116 est
1922 2391 369 116 obligatoria
2217 2391 221 116 tenet
2364 2391 221 116 quuta
2487 2391 123 116 per

1587 2460 310 105 dictum
1804 2460 434 105 Salvatoris
2145 2460 186 105 10
2238 2460 186 105 15
2331 2460 186 105 si
2424 2460 217 105 non

1599 2536 369 118 venissem
1876 2536 338 118 locutus
2122 2536 215 118 eis
2245 2536 215 118 non
2367 2536 338 118 fuissem

1614 2610 232 120 peccatum
1788 2610 136 120 non
1865 2610 232 120 haberent
2040 2610 271 120 antecedens
2253 2610 232 120 arguitur
2427 2610 136 120 per
2504 2610 174 120 illud

1607 2678 271 115 mathanus
1811 2678 136 115 24
1879 2678 158 115 ubi
1969 2678 271 115 christus
2173 2678 294 115 describit
2399 2678 204 115 signa
2535 2678 158 115 sum

1600 2744 158 119 ad
1679 2744 264 119 ventus
1863 2744 237 119 dicit
2022 2744 422 119 praedicabtur
2365 2744 185 119 hoc
2470 2744 237 119 exsum

1591 2824 234 107 regi
1737 2824 176 107 in
1825 2824 351 107 universo
2088 2824 263 107 orbae
2264 2824 439 107 intestioium

1591 2899 342 100 omnibus
1840 2899 373 100 gentibus
2119 2899 187 100 et
2213 2899 249 100 tunc
2368 2899 249 100 erit
2493 2899 155 100 con

1606 2961 286 130 summatio
1821 2961 239 130 seculi
1988 2961 167 130 sed
2083 2961 239 130 certum
2250 2961 167 130 est
2346 2961 191 130 quod
2441 2961 167 130 consu

1609 3042 235 117 matio
1766 3042 261 117 seculi
1949 3042 183 117 non
2053 3042 183 117 dum
2158 3042 235 117 venit
2314 3042 261 117 igitur
2497 3042 183 117 nec

1600 3105 331 105 evanglium
1854 3105 204 105 toti
1982 3105 204 105 orbi
2109 3105 153 105 et
2185 3105 280 105 omnibus
2389 3105 306 105 gentibus

1583 3172 388 134 praedicatum
1893 3172 207 134 fuit
2023 3172 207 134 quod
2152 3172 181 134 eat
2255 3172 414 134 praedicandum

1605 3252 92 150 ¶
1641 3252 110 150 2o
1696 3252 129 150 sic
1770 3252 110 150 si
1825 3252 239 150 conclusio
2009 3252 129 150 per
2082 3252 147 150 ista
2174 3252 165 150 parte
2284 3252 129 150 sit
2358 3252 147 150 vera
2449 3252 220 150 sequitur
