2964 4161
333 390 138 146 fide
419 390 225 146 poneretur
592 390 208 146 effectus
748 390 208 146 scilicet
904 390 156 146 actus
1007 390 225 146 asserstes
1180 390 190 146 secudum

324 486 137 121 hoc
403 486 137 121 non
481 486 137 121 fit
559 486 195 121 igitur
695 486 293 121 corollarium
929 486 195 121 falsum
1066 486 98 121 ¶
1105 486 195 121 Contra
1241 486 137 121 4am

356 564 344 117 conclusionem
635 564 215 117 potest
786 564 194 117 argui
915 564 129 117 ex
979 564 301 117 rationibus
1194 564 129 117 fran

325 635 290 109 cisci
518 635 193 109 de
615 635 354 109 aarchia
872 635 258 109 quas
1033 635 354 109 recitat

339 707 233 122 gregorius
519 707 251 122 quaestione
716 707 90 122 1
752 707 215 122 prologis
913 707 233 122 articulio
1093 707 90 122 4
1129 707 108 122 Et
1183 707 215 122 obfensus

340 779 246 119 quaestione
534 779 88 119 2
569 779 211 119 prologis
727 779 228 119 articulio
902 779 105 119 3a
955 779 158 119 primo
1060 779 123 119 sic
1130 779 211 119 scientia

347 866 244 120 nostrae
525 866 222 120 sectae
680 866 156 120 est
769 866 156 120 per
858 866 133 120 se
924 866 156 120 non
1013 866 133 120 in
1080 866 200 120 exper
1213 866 133 120 se

333 936 230 116 notis
487 936 282 116 deducta
692 936 256 116 igitur
871 936 230 116 fides
1025 936 179 116 per
1127 936 205 116 eius
1230 936 102 116 ap

345 1016 261 99 prehopuhioem
557 1016 114 99 non
622 1016 114 99 est
688 1016 229 99 neccessari
867 1016 261 99 consequentia
1079 1016 196 99 mvidetur
1210 1016 98 99 tene

338 1073 364 123 assumptum
618 1073 252 123 arguo
786 1073 196 123 per
899 1073 196 123 eum
1011 1073 252 123 primo
1179 1073 224 123 quia

335 1140 299 102 nullus
545 1140 329 102 tenetur
784 1140 419 102 indubitant
1113 1140 240 102 crde
1233 1140 90 102 a

348 1225 230 107 liqued
509 1225 184 107 quod
623 1225 161 107 non
715 1225 161 107 est
807 1225 184 107 sibi
922 1225 161 107 per
1014 1225 138 107 se
1083 1225 207 107 notum
1220 1225 161 107 vel

346 1296 144 106 ex
418 1296 168 106 per
514 1296 144 106 se
586 1296 216 106 notis
731 1296 289 106 deductum
947 1296 168 106 sed
1043 1296 289 106 quilibet
1236 1296 96 106 te

332 1372 392 116 indubitanter
650 1372 270 116 credere
846 1372 319 116 veritatem
1091 1372 245 116 sectae

334 1448 278 120 christanae
553 1448 199 120 igitur
691 1448 139 120 est
771 1448 139 120 per
850 1448 119 120 se
910 1448 159 120 nota
1009 1448 139 120 vel
1088 1448 179 120 exper
1208 1448 119 120 se

327 1531 242 115 notis
489 1531 296 115 deducta
704 1531 135 115 ¶
758 1531 162 115 2o
838 1531 188 115 sic
946 1531 215 115 quam
1081 1531 162 115 in
1162 1531 215 115 dubi

344 1620 213 93 tanter
493 1620 234 93 constat
663 1620 149 93 per
749 1620 128 93 se
813 1620 213 93 falsum
962 1620 170 93 esse
1068 1620 213 93 falsum
1217 1620 149 93 tam

337 1666 396 132 indubitanter
659 1666 272 132 constat
857 1666 173 132 per
956 1666 149 132 se
1031 1666 223 132 verum
1179 1666 198 132 esse

334 1754 210 113 verum
474 1754 164 113 sed
567 1754 164 113 per
661 1754 140 113 se
731 1754 234 113 notium
895 1754 234 113 falsum
1058 1754 210 113 sicut
1199 1754 187 113 deus

331 1825 157 119 non
420 1825 157 119 est
510 1825 247 119 Constat
690 1825 157 119 per
780 1825 135 119 se
848 1825 270 119 cuilibus
1050 1825 337 119 simpliciter

323 1897 130 115 vel
398 1897 223 115 constare
565 1897 186 115 potest
696 1897 186 115 igitur
826 1897 112 115 et
882 1897 130 115 per
957 1897 112 115 se
1012 1897 168 115 verum
1124 1897 130 115 sed
1199 1897 168 115 tales

324 1974 200 118 sunt
449 1974 326 118 veritates
700 1974 276 118 nostrae
900 1974 251 118 sectae
1075 1974 125 118 ¶
1126 1974 150 118 3o
1201 1974 175 118 non

326 2051 357 110 processus
600 2051 357 110 infinitus
875 2051 165 110 in
958 2051 412 110 veritatibus

322 2123 257 108 nostrae
508 2123 233 108 sectae
672 2123 233 108 igitur
835 2123 187 108 erit
952 2123 280 108 deveaire
1162 2123 140 108 ad
1208 2123 117 108 ali

328 2198 155 105 quid
424 2198 270 105 principium
637 2198 232 105 creditum
811 2198 135 105 vel
888 2198 174 105 plura
1004 2198 328 105 principaliter
1255 2198 77 105 re

319 2267 214 109 dita
453 2267 187 109 sed
560 2267 214 109 illo
693 2267 187 109 vel
800 2267 241 109 illis
961 2267 187 109 Cur
1068 2267 214 109 tali
1201 2267 187 109 vel

317 2341 261 116 talibus
507 2341 285 116 credatur
721 2341 166 116 vel
816 2341 261 116 propter
1006 2341 143 116 ad
1077 2341 285 116 creditum

327 2420 115 113 et
384 2420 134 113 hoc
461 2420 134 113 non
537 2420 134 113 vel
613 2420 210 113 propter
766 2420 172 113 aliud
881 2420 134 113 per
957 2420 115 113 se
1014 2420 210 113 notitum
1167 2420 210 113 habetur

325 2501 331 114 propositionem
597 2501 136 114 vel
675 2501 214 114 propter
831 2501 117 114 se
889 2501 175 114 ipsum
1006 2501 136 114 vel
1084 2501 117 114 se
1143 2501 156 114 ipsa
1240 2501 117 114 et

343 2572 191 123 tunc
462 2572 238 123 iterum
629 2572 191 123 erit
748 2572 214 123 ipsum
891 2572 167 123 per
986 2572 143 123 se
1058 2572 214 123 notum
1201 2572 167 123 vel

336 2641 162 120 ipsa
437 2641 182 120 erunt
558 2641 141 120 per
639 2641 121 120 se
700 2641 141 120 non
780 2641 162 120 quod
881 2641 263 120 similiter
1084 2641 141 120 est
1164 2641 202 120 contra

342 2715 261 102 conclusionem
554 2715 147 102 huius
652 2715 196 102 argument
799 2715 131 102 iaam
881 2715 212 102 tractatur
1044 2715 114 102 per
1110 2715 245 102 alterissius

324 2785 233 119 libro
479 2785 155 119 3o
557 2785 362 119 intractatu
841 2785 155 119 de
918 2785 207 119 fide
1048 2785 129 119 ¶
1099 2785 258 119 Contra

373 2871 173 79 prmum
488 2871 289 79 corollarium
720 2871 212 79 videtur
874 2871 154 79 esse
970 2871 193 79 textus
1105 2871 251 79 evanglium

336 2932 240 93 magister
516 2932 120 93 et
576 2932 180 93 inter
696 2932 240 93 capitlis
875 2932 180 93 ultrm
995 2932 120 93 et
1055 2932 200 93 dictum
1195 2932 220 93 achaium

323 3005 163 108 in
404 3005 272 108 simblo
594 3005 136 108 ¶
649 3005 272 108 Contra
839 3005 163 108 2m
921 3005 245 108 talis
1084 3005 163 108 in
1165 3005 217 108 fans

317 3074 146 108 vel
401 3074 188 108 talis
526 3074 125 108 de
588 3074 208 108 quibus
734 3074 250 108 loquitur
921 3074 313 108 corollarium
1171 3074 208 108 venire

317 3148 157 110 us
395 3148 157 110 ad
474 3148 366 110 ancedoents
762 3148 419 110 discretionis
1102 3148 183 110 vel
1180 3148 131 110 usu

306 3220 309 113 rationis
538 3220 284 113 iudetur
745 3220 258 113 licite
925 3220 284 113 psentum
1131 3220 232 113 primo

322 3293 229 126 actu
465 3293 200 126 suo
580 3293 314 126 credere
808 3293 229 126 suam
951 3293 286 126 sectam
1151 3293 229 126 esse

1480 383 212 136 veram
1621 383 282 136 posactum
1832 383 188 136 quam
1950 383 141 136 si
2020 383 306 136 immediate
2255 383 282 136 morietur

1500 472 117 112 non
1567 472 217 112 dampnatur
1734 472 167 112 igitur
1850 472 250 112 corollarium
2050 472 167 112 falsum
2167 472 267 112 consequentia
2384 472 117 112 est

1494 540 259 109 evidens
1683 540 307 109 assumptum
1919 540 283 109 arguitur
2131 540 189 109 quia
2249 540 236 109 omnium
2391 540 94 109 ig

1497 609 271 112 noratiam
1701 609 181 112 quam
1813 609 226 112 habuit
1971 609 181 112 ante
2084 609 203 112 deiia
2220 609 203 112 secta
2355 609 203 112 habet

1494 678 154 105 mo
1571 678 154 105 mo
1648 678 205 105 actu
1777 678 180 105 eit
1879 678 154 105 si
1956 678 231 105 prima
2110 678 282 105 excusat
2315 678 154 105 et
2392 678 154 105 2a

1490 743 114 113 ¶
1536 743 227 113 Contra
1695 743 136 113 3m
1763 743 341 113 corollarium
2036 743 227 113 capunt
2195 743 205 113 debet
2331 743 227 113 regere

1493 806 263 121 mebitur
1685 806 168 121 sed
1780 806 263 121 rationa
1972 806 335 121 Ecclesiase
2236 806 168 121 est
2331 806 216 121 caput

1503 889 210 98 omnium
1650 889 210 98 igitur
1797 889 231 98 quiliet
1965 889 231 98 tenetur
2134 889 231 98 credere
2302 889 189 98 sicut

1496 957 181 103 ipsa
1610 957 227 103 credit
1768 957 204 103 maior
1904 957 159 103 est
1995 957 181 103 nota
2108 957 136 103 et
2176 957 204 103 minor
2312 957 249 103 habetur

1500 1023 295 106 iohannes
1722 1023 148 106 22
1795 1023 172 106 ubi
1894 1023 295 106 christus
2115 1023 148 106 ad
2189 1023 221 106 petum
2336 1023 197 106 dixt

1495 1092 192 107 tum
1604 1092 356 107 vocaberis
1878 1092 274 107 cephas
2069 1092 219 107 quod
2206 1092 219 107 idem
2343 1092 192 107 est

1496 1163 162 105 quod
1597 1163 182 105 caput
1718 1163 202 105 igitur
1860 1163 141 105 etc
1940 1163 101 105 ¶
1981 1163 202 105 Contra
2122 1163 141 105 5am
2203 1163 323 105 conclusionem

1487 1223 120 116 si
1547 1223 180 116 prima
1667 1223 160 116 pars
1767 1223 180 116 esset
1887 1223 280 116 substantia
2106 1223 240 116 sequitur
2286 1223 160 116 quod
2386 1223 120 116 si

1481 1286 242 117 genera
1650 1286 290 117 speitiva
1868 1286 145 117 et
1940 1286 266 117 miratia
2133 1286 338 117 sseribilia
2375 1286 121 117 per

1498 1360 136 118 se
1566 1360 136 118 et
1634 1360 136 118 in
1702 1360 272 118 mediante
1906 1360 249 118 nostram
2087 1360 226 118 sectam
2245 1360 294 118 evideiter

1493 1427 365 119 sufficerent
1785 1427 389 119 sufficienter
2101 1427 316 119 probailem
2320 1427 195 119 genera

1496 1500 138 118 re
1565 1500 229 118 Contra
1725 1500 183 118 quod
1840 1500 229 118 arguit
2001 1500 252 118 brinkil
2184 1500 321 118 quaestione
2436 1500 115 118 1

1496 1576 275 121 articulio
1707 1576 127 121 2o
1771 1576 317 121 conclusione
2024 1576 169 121 pima
2130 1576 148 121 sic
2214 1576 317 121 qualitertum

1491 1650 311 113 potentia
1725 1650 337 113 sensitiva
1984 1650 285 113 iudicat
2192 1650 156 113 de
2269 1650 156 113 re
2321 1650 182 113 sensa

1492 1728 150 86 ta
1567 1728 299 86 mediante
1791 1728 349 86 seriatione
2065 1728 249 86 aliqua
2240 1728 274 86 taliter

1490 1790 173 115 stat
1598 1790 173 115 quod
1706 1790 129 115 in
1771 1790 194 115 dicet
1900 1790 259 115 mediante
2095 1790 259 115 qualibet
2289 1790 151 115 sed
2354 1790 86 115 me

1472 1871 269 118 aliqua
1660 1871 376 118 sensatione
1956 1871 323 118 potentia
2198 1871 350 118 sensativa

1477 1946 288 110 iudicat
1686 1946 157 110 de
1765 1946 157 110 re
1843 1946 262 110 aliter
2027 1946 210 110 quam
2158 1946 183 110 res
2262 1946 183 110 est
2367 1946 157 110 et

1478 2022 250 106 erronee
1660 2022 228 106 igitur
1820 2022 182 106 stat
1933 2022 182 106 quod
2047 2022 273 106 potentia
2252 2022 296 106 sensitiva

1471 2092 323 117 mediante
1713 2092 323 117 qualibet
1955 2092 350 117 seratione
2224 2092 296 117 erronee

1472 2173 291 85 iudici
1676 2173 175 85 de
1763 2173 175 85 re
1851 2173 175 85 ex
1938 2173 204 85 quo
2055 2173 379 85 faciliter
2317 2173 175 85 dedu

1485 2242 173 121 citur
1600 2242 193 121 falsas
1735 2242 193 121 primum
1870 2242 308 121 consequenter
2121 2242 193 121 plures
2256 2242 231 121 rationes
2410 2242 77 121 fa

1478 2310 197 117 cit
1591 2310 282 117 ibidem
1788 2310 197 117 Sed
1901 2310 226 117 quia
2042 2310 254 117 omnis
2211 2310 338 117 fundantu

1480 2386 125 114 in
1543 2386 188 114 eodem
1668 2386 230 114 fundato
1835 2386 251 114 scilicet
2023 2386 167 114 quod
2127 2386 251 114 potentia
2315 2386 230 114 spetiva

1487 2453 184 119 est
1592 2453 342 119 errabilis
1855 2453 158 119 in
1933 2453 210 119 suis
2065 2453 315 119 iudiciis
2301 2453 236 119 circa

1474 2525 238 124 nostrae
1647 2525 194 124 fidei
1777 2525 259 124 obiectum
1971 2525 194 124 quare
2101 2525 238 124 videtur
2273 2525 173 124 quod
2381 2525 173 124 ipsa

1473 2612 163 116 per
1566 2612 140 116 se
1636 2612 140 116 et
1705 2612 326 116 inmediante
1961 2612 209 116 talem
2101 2612 233 116 sectam
2264 2612 256 116 probare

1471 2684 191 110 non
1580 2684 273 110 posset
1771 2684 218 110 ideo
1907 2684 246 110 alias
2071 2684 300 110 dimitto
2289 2684 246 110 quani

1454 2756 175 111 per
1554 2756 401 111 responsionem
1880 2756 150 111 ad
1955 2756 225 111 istam
2105 2756 326 111 faciliter
2356 2756 150 111 ad
2406 2756 75 111 a

1470 2837 173 109 lias
1579 2837 217 109 potest
1730 2837 303 109 responderi
1968 2837 108 109 ¶
2012 2837 130 109 2o
2077 2837 217 109 contra
2228 2837 152 109 2am
2315 2837 217 109 partem

1486 2918 185 96 arguo
1610 2918 144 96 per
1692 2918 288 96 augustinum
1918 2918 123 96 ut
1979 2918 267 96 aisioesis
2185 2918 185 96 libro
2308 2918 123 96 3o
2370 2918 164 96 circ

1467 2981 208 113 tatu
1597 2981 156 113 de
1675 2981 208 113 fide
1804 2981 363 113 quaestione
2090 2981 130 113 4
2142 2981 208 113 quia
2271 2981 285 113 quaedam

1463 3056 230 114 sunt
1607 3056 230 114 quae
1751 3056 201 114 non
1866 3056 374 114 creduntur
2153 3056 230 114 nisi
2297 3056 259 114 prius

1476 3125 344 91 intelligantur
1759 3125 202 91 igitur
1900 3125 222 91 midetur
2062 3125 162 91 quod
2163 3125 182 91 solum
2285 3125 121 91 ex
2345 3125 202 91 dictis

1453 3204 244 120 talia
1615 3204 271 120 haberi
1805 3204 190 120 non
1913 3204 298 120 possuit
2130 3204 135 120 ¶
2184 3204 271 120 Contra
2374 3204 190 120 3am

1462 3291 267 118 partem
1649 3291 320 118 arguitur
1889 3291 160 118 ex
1969 3291 294 118 fundato
2183 3291 187 118 alb
2290 3291 294 118 iulisar
