2964 4193
494 397 165 149 et
576 397 302 149 aliorum
796 397 440 149 astronomorum
1153 397 165 149 ut
1236 397 302 149 recitat

506 500 217 123 brinkil
664 500 277 123 quaestione
882 500 99 123 1
921 500 237 123 capitulo
1099 500 119 123 3o
1158 500 356 123 Sectegeneantur

495 576 110 114 2m
550 576 330 114 communictionem
825 576 257 114 superiorum
1027 576 110 114 et
1082 576 220 114 plurarum
1247 576 183 114 igitur
1375 576 128 114 nec

487 644 182 123 per
591 644 234 123 signa
747 644 182 123 nec
850 644 182 123 per
954 644 234 123 dicta
1110 644 182 123 nec
1214 644 259 123 plumma
1369 644 104 123 in

504 701 197 130 missa
636 701 351 130 consequentia
921 701 175 130 nota
1030 701 285 130 assumptum
1250 701 285 130 deducitur

482 781 178 124 ab
571 781 357 124 albumase
839 781 208 124 ubi
958 781 268 124 supra
1137 781 149 124 ¶
1196 781 297 124 Contra

513 852 220 124 primum
667 852 329 124 corollarium
930 852 154 124 non
1018 852 176 124 plus
1128 852 263 124 mitendum
1325 852 198 124 scrip

508 935 196 105 turae
639 935 174 105 quam
747 935 239 105 christi
921 935 152 105 Sed
1008 935 174 105 plus
1117 935 152 105 est
1204 935 304 105 invitendum

498 1006 160 108 dictam
610 1006 192 108 rationis
754 1006 144 108 quodm
849 1006 144 108 verbo
945 1006 160 108 chriti
1057 1006 160 108 igitur
1169 1006 240 108 corollarium
1360 1006 160 108 falsum

482 1083 218 105 maior
627 1083 170 105 est
724 1083 218 105 certa
870 1083 170 105 Cum
967 1083 340 105 scripturae
1209 1083 267 105 inmtamenu

494 1153 202 109 propter
641 1153 165 109 verba
751 1153 221 109 christio
916 1153 129 109 sed
990 1153 165 109 minor
1100 1153 165 109 patet
1211 1153 110 109 de
1266 1153 165 109 petro
1376 1153 129 109 qui

504 1218 231 103 licite
665 1218 346 103 discredidit
942 1218 208 103 verbo
1081 1218 231 103 chrisi
1242 1218 254 103 dientis

481 1293 241 120 sibi
632 1293 211 120 ter
752 1293 181 120 me
842 1293 331 120 negabis
1083 1293 151 120 ¶
1144 1293 301 120 Contra
1355 1293 181 120 2m

484 1371 308 106 corollarium
731 1371 144 106 est
813 1371 226 106 informa
978 1371 226 106 dominus
1142 1371 226 106 Egidius
1307 1371 206 106 quinto

496 1448 252 101 quolibet
685 1448 294 101 quaestione
916 1448 105 101 6
958 1448 126 101 Et
1020 1448 210 101 potest
1167 1448 189 101 argui
1293 1448 147 101 sic
1377 1448 168 101 quia

496 1506 215 123 nulus
639 1506 143 123 in
711 1506 167 123 via
806 1506 239 123 potest
974 1506 358 123 necessitari
1260 1506 143 123 ad
1308 1506 143 123 dili

496 1570 241 131 gendum
665 1570 217 131 divim
809 1570 169 131 sed
906 1570 145 131 in
978 1570 265 131 dominus
1171 1570 193 131 deum
1291 1570 217 131 clare

501 1650 337 116 neccessaiatur
779 1650 119 116 ad
838 1650 278 116 diligendum
1057 1650 179 116 ipsum
1176 1650 238 116 secundum
1354 1650 159 116 quod

480 1730 149 111 ipse
574 1730 186 111 probat
704 1730 186 111 ibidem
834 1730 280 111 tripliciter
1058 1730 186 111 igitur
1188 1730 149 111 nlus
1282 1730 186 111 potest
1393 1730 75 111 in

498 1794 156 102 via
587 1794 201 102 clare
721 1794 178 102 deum
832 1794 223 102 videre
988 1794 201 102 minor
1122 1794 201 102 patet
1256 1794 268 102 probatur

491 1867 148 112 per
575 1867 148 112 eum
660 1867 127 112 ut
723 1867 148 112 est
808 1867 211 112 dictum
956 1867 127 112 et
1019 1867 190 112 maior
1146 1867 211 112 potest
1294 1867 211 112 probar

503 1933 111 119 ex
558 1933 185 119 dictis
687 1933 277 119 venerabilis
908 1933 221 119 anselmui
1075 1933 148 119 Inde
1167 1933 166 119 libro
1277 1933 221 119 articuli

492 2007 160 110 ubi
584 2007 206 110 dicit
721 2007 183 110 quod
835 2007 229 110 ligari
996 2007 252 110 percuti
1179 2007 229 110 potest
1339 2007 183 110 homo

499 2075 136 101 in
567 2075 203 101 vitus
703 2075 203 101 velle
838 2075 158 101 non
929 2075 226 101 potest
1087 2075 136 101 in
1155 2075 203 101 vitus
1290 2075 226 101 igitur

502 2138 228 122 corollarium
684 2138 152 122 falsum
791 2138 91 122 et
837 2138 198 122 tractatur
989 2138 122 122 haec
1065 2138 152 122 matera
1172 2138 213 122 quaestione
1339 2138 76 122 3
1369 2138 137 122 prolo

498 2209 220 112 igitur
652 2209 220 112 thomae
806 2209 286 112 argumenta
1025 2209 330 112 principalia
1289 2209 176 112 ideo
1377 2209 88 112 in

506 2278 295 137 spirituali
738 2278 148 137 non
822 2278 190 137 arguo
949 2278 211 137 contra
1096 2278 190 137 ipsum
1223 2278 127 137 et
1286 2278 148 137 hoc
1371 2278 148 137 suf

489 2350 241 88 ficiant
665 2350 132 88 de
730 2350 175 88 toto
840 2350 285 88 articulio
1059 2350 219 88 quiato
1213 2350 110 88 ¶
1257 2350 110 88 5
1300 2350 110 88 2
1344 2350 154 88 vil

488 2421 235 106 terimo
652 2421 235 106 restat
816 2421 328 106 respondere
1074 2421 141 106 ad
1145 2421 258 106 obiecta
1332 2421 188 106 quae

499 2495 151 112 eo
574 2495 252 112 ordine
751 2495 176 112 quo
851 2495 227 112 facta
1003 2495 202 112 sunt
1129 2495 378 112 solverentur

499 2550 102 128 ¶
539 2550 122 128 ad
600 2550 204 128 primum
743 2550 204 128 contra
886 2550 367 128 notificationem
1191 2550 183 128 primi
1293 2550 163 128 trmini

481 2626 207 119 dico
610 2626 233 119 primo
765 2626 207 119 quod
895 2626 362 119 distinctio
1179 2626 207 119 data
1308 2626 181 119 est

494 2682 248 145 secundum
681 2682 331 145 conclusionem
950 2682 186 145 modum
1074 2682 248 145 loquendi
1260 2682 248 145 multorum

480 2767 177 121 nec
581 2767 278 121 nolebam
783 2767 202 121 plus
910 2767 253 121 dicere
1087 2767 177 121 eni
1188 2767 202 121 quod
1315 2767 177 121 tot

476 2830 255 129 modis
646 2830 368 129 contingit
929 2830 198 129 hoc
1042 2830 255 129 nomen
1212 2830 312 129 veritas

480 2920 154 102 in
557 2920 257 102 dictis
737 2920 309 102 doctorum
969 2920 180 102 uti
1072 2920 206 102 sine
1200 2920 206 102 vere
1329 2920 206 102 sive

490 2969 186 133 sale
606 2969 209 133 sicut
745 2969 209 133 patet
884 2969 139 133 ex
954 2969 186 133 modo
1070 2969 278 133 loquendi
1278 2969 232 133 ibidem

504 3062 107 118 ¶
546 3062 128 118 2o
611 3062 171 118 quod
718 3062 128 118 et
782 3062 128 118 si
846 3062 278 118 signibile
1060 3062 257 118 complexe
1253 3062 150 118 est
1339 3062 171 118 ipsa

501 3109 151 143 res
587 3109 301 143 incomplexa
823 3109 129 143 et
888 3109 280 143 econverso
1103 3109 194 143 tamen
1232 3109 215 143 aliter
1382 3109 129 143 et

489 3174 243 133 aliter
659 3174 291 133 connotur
877 3174 170 133 Cum
974 3174 364 133 signficatur
1266 3174 267 133 complex

493 3248 182 136 quam
607 3248 227 136 quando
766 3248 363 136 significatur
1061 3248 272 136 praecise
1242 3248 227 136 incomple

483 3315 157 146 xe
561 3315 157 146 et
640 3315 183 146 hoc
745 3315 314 146 sufficit
980 3315 183 146 pro
1085 3315 419 146 distinctione

1628 390 117 117 ¶
1674 390 141 117 4o
1745 390 188 117 dico
1862 390 188 117 quod
1980 390 164 117 pro
2074 390 211 117 eodem
2214 390 211 117 summo
2355 390 211 117 verum
2496 390 141 117 et
2543 390 94 117 vi

1598 476 183 115 tas
1703 476 419 115 veificabilis
2043 476 157 115 de
2122 476 315 115 pluribus
2358 476 210 115 quae
2489 476 183 115 non

1612 538 197 123 sunt
1736 538 246 123 enitia
1908 538 345 123 incomplexm
2179 538 345 123 signitaivi
2450 538 197 123 ideo
2548 538 99 123 po

1625 624 238 78 itum
1774 624 238 78 fuit
1923 624 179 78 2m
2012 624 298 78 mebrum
2221 624 506 78 distinctionis

1631 679 96 108 ¶
1669 679 115 108 ad
1727 679 115 108 2m
1784 679 134 108 cum
1861 679 230 108 arguitur
2034 679 153 108 quod
2129 679 115 108 si
2187 679 268 108 propositio
2398 679 153 108 vera
2494 679 134 108 sit
2551 679 77 108 in

1608 756 203 96 tsis
1734 756 177 96 etc
1836 756 304 96 Summendo
2063 756 304 96 terminos
2291 756 354 96 concretive
2544 756 127 96 con

1608 822 198 101 cedo
1732 822 347 101 consequens
2005 822 198 101 quia
2129 822 173 101 sic
2228 822 173 101 non
2327 822 223 101 valet
2475 822 198 101 plus

1618 903 124 122 quod
1695 903 216 122 propositio
1865 903 124 122 quod
1942 903 124 122 vera
2019 903 155 122 potest
2128 903 124 122 esse
2205 903 216 122 propositio
2375 903 139 122 falsa
2467 903 124 122 quod
2545 903 108 122 est

1608 972 195 92 verum
1738 972 130 92 ad
1803 972 130 92 4m
1868 972 217 92 ibidem
2020 972 152 92 cum
2107 972 260 92 arguitur
2301 972 173 92 quod
2410 972 173 92 omne
2518 972 173 92 quod

1625 1033 143 99 est
1706 1033 143 99 vel
1788 1033 184 99 omnis
1910 1033 143 99 res
1992 1033 143 99 etc
2074 1033 163 99 dico
2176 1033 163 99 quod
2278 1033 286 99 antecedens
2503 1033 204 99 potest

1608 1098 315 101 dupliciter
1855 1098 203 101 summi
1990 1098 158 101 uno
2080 1098 180 101 modo
2193 1098 180 101 quod
2305 1098 158 101 sit
2395 1098 315 101 incomplexe

1632 1161 329 112 significatiae
1902 1161 135 112 per
1980 1161 213 112 aliquem
2134 1161 232 112 terminum
2308 1161 135 112 non
2386 1161 290 112 transcendem

1605 1233 162 103 tem
1697 1233 162 103 Sed
1790 1233 139 103 de
1859 1233 300 103 trinitate
2090 1233 300 103 signitate
2321 1233 346 103 substantiam
2575 1233 69 103 a

1606 1308 214 100 liquam
1755 1308 150 100 vel
1841 1308 214 100 nturam
1991 1308 128 100 Et
2055 1308 150 100 sic
2140 1308 235 100 concedo
2311 1308 364 100 consequentiam

1607 1363 134 123 et
1674 1363 245 123 negmoio
1852 1363 312 123 antecedens
2097 1363 245 123 alimodo
2276 1363 223 123 potest
2432 1363 201 123 summm
2543 1363 134 123 assu

1618 1423 177 137 ptum
1729 1423 177 137 quod
1839 1423 155 137 sit
1928 1423 354 137 signiicibale
2215 1423 310 137 incomplexe
2459 1423 266 137 partivum

1611 1512 258 104 tantum
1792 1512 232 104 unuim
1946 1512 232 104 licet
2101 1512 464 104 transcendentem
2487 1512 180 104 sic

1616 1576 223 117 concedo
1778 1576 283 117 antecedens
2000 1576 121 117 et
2061 1576 202 117 nature
2202 1576 344 117 consequentiam
2486 1576 101 117 ¶
2526 1576 121 117 ad

1619 1649 267 116 rationes
1819 1649 222 116 contra
1974 1649 133 116 2m
2041 1649 267 116 terminum
2241 1649 133 116 et
2307 1649 200 116 primo
2441 1649 133 116 Ad
2507 1649 222 116 primam

1603 1721 356 110 rationem
1871 1721 208 110 pro
1989 1721 208 110 qua
2108 1721 475 110 distinctione
2494 1721 208 110 non

1609 1793 227 117 huius
1760 1793 227 117 nonis
1911 1793 202 117 Etia
2038 1793 202 117 quod
2164 1793 252 117 potest
2340 1793 378 117 tripliciter

1615 1859 236 118 summ
1763 1859 207 118 uno
1881 1859 236 118 modo
2029 1859 443 118 prosidelium
2353 1859 266 118 unusali

1604 1930 165 106 et
1686 1930 330 106 generali
1933 1930 165 106 co
2015 1930 384 106 gregatione
2317 1930 192 106 sic
2427 1930 275 106 sintur

1610 1999 134 115 de
1677 1999 381 115 confecratione
1990 1999 358 115 distinctione
2282 1999 202 115 prima
2416 1999 269 115 ecclesia

1601 2074 151 113 Alio
1696 2074 151 113 modo
1790 2074 284 113 promistitio
2017 2074 284 113 corollariae
2245 2074 227 113 christio
2415 2074 114 113 et
2472 2074 132 113 sic
2547 2074 151 113 sint

1588 2140 188 119 pro
1696 2140 295 119 christi
1910 2140 295 119 capitis
2125 2140 161 119 et
2206 2140 268 119 suorum
2367 2140 295 119 membrorum

1594 2219 218 98 ad
1703 2219 364 98 mnidem
1957 2219 473 98 compagine
2321 2219 218 98 et
2394 2219 291 98 vnione

1613 2294 119 110 Et
1673 2294 139 110 sic
1752 2294 219 110 sumitur
1911 2294 179 110 prima
2031 2294 278 110 quaestione
2249 2294 99 110 1
2289 2294 258 110 ecclesiae
2468 2294 179 110 4oodica

1615 2365 250 123 pitur
1782 2365 194 123 pro
1893 2365 388 123 prelatorum
2197 2365 388 123 thearchita
2502 2365 194 123 cum

1608 2434 169 122 ra
1692 2434 169 122 et
1777 2434 337 122 pastorum
2030 2434 366 122 ecclesiae
2311 2434 337 122 platione

1594 2511 217 108 sic
1718 2511 279 108 dixit
1904 2511 248 108 hrit
2059 2511 279 108 petro
2244 2511 186 108 ta
2337 2511 186 108 18
2430 2511 186 108 si
2523 2511 186 108 te

1614 2585 194 93 non
1725 2585 332 93 audierit
1974 2585 249 93 dicit
2140 2585 360 93 ecclesiae
2417 2585 166 93 Ex
2500 2585 194 93 hac

1615 2668 432 105 distinctione
1966 2668 243 105 patet
2128 2668 216 105 quod
2262 2668 189 105 non
2370 2668 324 105 obstante

1616 2721 161 117 quod
1717 2721 242 117 christus
1898 2721 141 117 est
1978 2721 242 117 menibrum
2160 2721 262 117 ecclesiae
2361 2721 121 117 2o
2422 2721 161 117 modo
2522 2721 141 117 est

1614 2785 169 129 tum
1710 2785 241 129 pastor
1879 2785 362 129 principalis
2169 2785 217 129 primo
2314 2785 169 129 vel
2411 2785 145 129 3o
2483 2785 217 129 modis

1620 2869 370 98 ecclesiam
1904 2869 370 98 summmendo
2189 2869 342 98 Qualiter
2446 2869 256 98 autem

1602 2928 292 118 christus
1821 2928 170 118 sit
1918 2928 219 118 caput
2064 2928 316 118 ecclesiae
2307 2928 316 118 tractatis
2526 2928 97 118 al

1600 3017 210 117 tissed
1747 3017 293 117 diffusiove
1977 3017 189 117 libro
2103 3017 126 117 3o
2166 3017 252 117 capitulo
2355 3017 126 117 49
2417 3017 252 117 plurubus

1613 3074 449 121 conclusionibus
1987 3074 125 121 ¶
2037 3074 399 121 prosolutione
2361 3074 274 121 eiusdem

1621 3134 280 131 rationis
1831 3134 234 131 potest
1994 3134 187 131 nori
2111 3134 327 131 distinctio
2368 3134 304 131 Ecclesiae

1609 3200 240 142 quam
1759 3200 270 142 ponit
1939 3200 390 142 aarsilius
2238 3200 180 142 de
2328 3200 210 142 per
2448 3200 240 142 adva

1619 3270 210 144 parte
1759 3270 163 144 2ae
1852 3270 140 144 et
1922 3270 163 144 ubi
2015 3270 210 144 dicit
2155 3270 186 144 quod
2271 3270 280 144 ecclesia
2481 3270 140 144 ex
2527 3270 117 144 usu
