2964 4161
338 405 280 116 graecorum
553 405 237 116 vocatur
725 405 301 116 cogregatio
961 405 280 116 propositi
1176 405 215 116 subcio

349 489 259 96 regume
531 489 311 96 contenti
764 489 181 96 sic
867 489 233 96 dicit
1023 489 259 96 artmum
1204 489 156 96 2o
1256 489 104 96 po

346 562 190 104 litris
479 562 228 104 capitulo
650 562 95 104 7
688 562 247 104 ecclesiae
879 562 171 104 autem
993 562 266 104 percipiant
1202 562 171 104 omnir

329 620 144 110 2o
401 620 193 110 aput
522 620 289 110 latiunos
738 620 169 110 uno
834 620 193 110 modo
955 620 265 110 votatur
1147 620 241 110 donius

329 709 156 97 in
407 709 182 97 qua
511 709 208 97 deus
641 709 390 97 afidelibust
953 709 286 97 colitur
1161 709 156 97 et
1239 709 182 97 ado

334 781 244 104 ratur
496 781 190 104 sic
605 781 298 104 dicebat
821 781 325 104 apostols
1065 781 244 104 primo
1228 781 162 104 ad
1282 781 108 104 co

342 843 156 101 11
420 843 182 101 aui
524 843 337 101 ecclesiam
783 843 182 101 dei
887 843 415 101 contempnitis
1224 843 208 101 adeu

333 905 138 102 dem
412 905 236 102 secundum
589 905 236 102 loquitur
767 905 197 102 glossa
905 905 256 102 augustini
1102 905 197 102 ibidem
1220 905 138 102 aliis

333 981 355 93 inportat
600 981 207 93 hoc
718 981 237 93 nomn
866 981 355 93 ecclesia
1132 981 296 93 omnies

329 1050 350 87 peresbros
599 1050 189 87 seu
706 1050 296 87 epostos
922 1050 162 87 et
1003 1050 323 87 reliquos
1218 1050 162 87 inii

341 1119 262 89 strantes
538 1119 131 89 in
603 1119 262 89 ecclesia
800 1119 262 89 secundum
997 1119 240 89 priorem
1171 1119 240 89 signtur

340 1166 110 96 ¶
384 1166 132 96 2o
450 1166 154 96 odo
539 1166 265 96 secundum
737 1166 243 96 aliquos
914 1166 265 96 inpertat
1112 1166 265 96 ecclesia
1289 1166 88 96 mi

324 1236 254 112 iustros
508 1236 207 112 illos
647 1236 392 112 praesbitrtios
969 1236 161 112 seu
1061 1236 230 112 eposos
1223 1236 161 112 qui

340 1302 221 108 mistunt
501 1302 121 108 et
561 1302 241 108 praesunt
742 1302 282 108 principali
964 1302 201 108 omnium
1104 1302 302 108 ecclesiarum

325 1376 325 104 ecclesiae
575 1376 150 104 si
650 1376 275 104 romanae
850 1376 225 104 sicut
1000 1376 200 104 sunt
1125 1376 275 104 propria

329 1439 145 118 et
401 1439 337 118 cardinales
666 1439 241 118 ipsius
835 1439 337 118 responrsum
1100 1439 289 118 secundum

324 1522 199 101 aliam
456 1522 419 101 significationem
809 1522 154 101 det
898 1522 177 101 haec
1008 1522 154 101 non
1096 1522 287 101 ecclesiae

315 1579 412 117 universitas
644 1579 330 117 fidelium
891 1579 384 117 credentium
1193 1579 165 117 et
1248 1579 110 117 in

329 1655 321 114 vocantium
577 1655 223 114 nomen
725 1655 272 114 christi
923 1655 148 114 et
997 1655 173 114 hoc
1096 1655 148 114 2m
1170 1655 223 114 ipsum

323 1725 213 118 sint
456 1725 240 118 prima
616 1725 346 118 inpositio
882 1725 240 118 huius
1042 1725 346 118 dictionis

332 1804 148 102 et
406 1804 321 102 consuetus
653 1804 198 102 usus
777 1804 198 102 eius
900 1804 198 102 aput
1024 1804 321 102 apostolos
1246 1804 99 102 in

330 1869 244 112 ecclesia
512 1869 284 112 praimitiva
736 1869 122 112 ut
797 1869 183 112 patet
918 1869 203 112 primae
1061 1869 122 112 ad
1121 1869 284 112 corollarum

338 1932 215 112 primo
481 1932 143 112 en
553 1932 215 112 detur
696 1932 310 112 ecclesiae
935 1932 191 112 quae
1054 1932 167 112 est
1125 1932 239 112 cornichi

330 2001 170 111 etc
427 2001 243 111 acteus
597 2001 146 111 20
670 2001 316 111 uttendite
913 2001 316 111 vluotalis
1156 2001 146 111 et
1204 2001 146 111 unum

338 2066 126 122 so
401 2066 252 122 gregorii
590 2066 147 122 etc
674 2066 168 122 Item
779 2066 126 122 ad
842 2066 357 122 philosophilis
1135 2066 105 122 1
1177 2066 168 122 viri
1261 2066 84 122 di

322 2148 232 92 ligite
484 2148 232 92 uxores
647 2148 209 92 sicud
786 2148 163 92 vit
879 2148 302 92 ecclesiam
1112 2148 279 92 Exquibet

320 2234 194 115 patet
450 2234 172 115 quod
557 2234 151 115 hoc
643 2234 172 115 noeu
751 2234 215 115 sumpta
902 2234 258 115 ecclesia
1095 2234 151 115 non
1181 2234 194 115 solum

327 2290 294 118 ificatur
548 2290 147 118 de
622 2290 368 118 universiate
916 2290 294 118 sidelium
1137 2290 172 118 sed
1235 2290 147 118 2o

330 2367 141 123 de
400 2367 211 123 parte
541 2367 164 123 vel
634 2367 281 123 partibus
846 2367 211 123 talis
986 2367 399 123 universitatis

330 2440 110 127 ad
385 2440 165 127 istum
495 2440 220 127 secundum
660 2440 220 127 loquitur
825 2440 147 127 ipse
917 2440 239 127 hugolinus
1100 2440 110 127 de
1155 2440 220 127 ecclesia

333 2519 167 117 libro
445 2519 111 117 2o
500 2519 167 117 parte
611 2519 111 117 et
667 2519 222 117 capitulo
833 2519 93 117 2
870 2519 130 117 non
944 2519 167 117 dicit
1055 2519 222 117 ecclesia
1203 2519 130 117 sacta

324 2605 242 107 corpus
493 2605 266 107 christi
686 2605 169 107 est
783 2605 169 107 uno
880 2605 266 107 spiritu
1073 2605 314 107 unificata

321 2666 150 118 et
396 2666 225 118 unita
546 2666 200 118 fide
671 2666 175 118 una
771 2666 150 118 et
846 2666 400 118 sanctificata
1171 2666 225 118 huius

306 2748 379 117 corporis
591 2748 316 117 membra
811 2748 442 117 singulique
1159 2748 253 117 fide

318 2822 203 114 lium
444 2822 304 114 existunt
673 2822 228 114 omnes
825 2822 254 114 corpus
1002 2822 203 114 unum
1129 2822 279 114 propter

299 2894 280 117 spiritum
509 2894 187 117 unum
625 2894 140 117 et
695 2894 303 117 concludit
928 2894 140 117 in
998 2894 187 117 fine
1115 2894 163 117 cap
1185 2894 140 117 quid

320 2969 151 108 est
407 2969 216 108 igitur
558 2969 259 108 ecclesia
752 2969 151 108 eni
838 2969 302 108 similitudo
1076 2969 259 108 fidelium
1248 2969 108 108 uni

323 3038 253 116 versitas
513 3038 338 116 christinorum
787 3038 127 116 Ex
850 3038 211 116 quibus
998 3038 190 116 patet
1125 3038 274 116 faciliter

321 3113 199 111 quod
446 3113 299 111 dicendum
670 3113 149 111 ad
744 3113 174 111 iam
844 3113 299 111 rationem
1068 3113 199 111 prim
1193 3113 125 111 ¶
1242 3113 149 111 ad

310 3189 161 117 2m
391 3189 161 117 et
471 3189 161 117 3m
552 3189 268 117 ibidem
740 3189 295 117 dicitur
954 3189 429 117 distinguendo

326 3258 268 129 consequens
536 3258 134 129 vel
613 3258 325 129 consequentiam
881 3258 115 129 eo
938 3258 153 129 quod
1034 3258 249 129 perceptum
1206 3258 153 129 nostre

1203 3336 186 86 sectae

1501 376 198 112 est
1614 376 283 112 duplex
1812 376 226 112 unum
1953 376 424 112 distinguens
2292 376 226 112 fide

1493 456 189 111 lem
1601 456 162 111 ab
1682 456 162 111 in
1763 456 270 111 fideli
1952 456 243 111 aliud
2115 456 297 111 fidelem
2331 456 243 111 bonum

1497 525 124 105 a
1547 525 173 105 non
1646 525 198 105 bono
1770 525 248 105 fideli
1943 525 149 105 de
2017 525 248 105 primis
2191 525 272 105 videtur
2364 525 99 105 de

1508 601 264 108 scriptio
1706 601 132 108 Et
1772 601 132 108 de
1838 601 264 108 secundus
2036 601 286 108 procedunt
2256 601 264 108 rationes

1505 655 242 127 quarum
1674 655 170 127 non
1771 655 242 127 valent
1941 655 121 127 ¶
1990 655 145 127 Ad
2062 655 291 127 rationes
2256 655 267 127 teratiaum

1502 730 207 112 termium
1653 730 113 112 ad
1709 730 188 112 primum
1841 730 132 112 cum
1917 730 207 112 decitur
2067 730 151 112 quod
2162 730 226 112 sequitur
2331 730 188 112 formam

1506 803 317 129 silogisticam
1763 803 138 129 etc
1843 803 178 129 negmo
1961 803 336 129 consequentiam
2238 803 119 129 et
2298 803 277 129 probatinum

1499 890 196 111 cum
1611 890 336 111 arguitur
1863 890 224 111 quia
2003 890 196 111 per
2116 890 280 111 formam
2284 890 224 111 silogi

1507 961 135 92 in
1574 961 270 92 notescit
1776 961 315 92 immediante
2024 961 157 92 etc
2114 961 180 92 dico
2226 961 202 92 primo
2361 961 180 92 quod

1496 1039 148 105 hoc
1580 1039 148 105 non
1665 1039 295 105 sufficiter
1897 1039 190 105 sicut
2024 1039 190 105 patet
2150 1039 127 105 ex
2214 1039 338 105 discriptione

1493 1110 183 118 2o
1584 1110 243 118 dico
1736 1110 243 118 quia
1888 1110 304 118 duplex
2101 1110 213 118 est
2223 1110 365 118 inediate

1492 1187 275 102 scilicet
1698 1187 298 102 llationis
1927 1187 137 102 et
1996 1187 137 102 ad
2065 1187 275 102 hesionis
2271 1187 183 102 modo
2386 1187 137 102 in
2431 1187 92 102 de

1490 1254 349 111 scriptione
1764 1254 299 111 terminum
1988 1254 174 111 non
2088 1254 249 111 loquor
2262 1254 149 111 de
2337 1254 224 111 prima

1504 1324 136 117 sed
1581 1324 117 117 de
1640 1324 117 117 2a
1698 1324 117 117 et
1757 1324 292 117 differentia
1990 1324 175 117 harum
2107 1324 175 117 satis
2224 1324 195 117 patere
2360 1324 195 117 potest

1499 1397 268 113 adverte
1694 1397 317 113 noluntati
1938 1397 171 113 cum
2035 1397 171 113 non
2133 1397 171 113 fit
2230 1397 220 113 nomen
2352 1397 98 113 ap

1506 1475 168 111 omnium
1624 1475 252 111 intellectum
1825 1475 218 111 quodlibet
1993 1475 235 111 consequens
2177 1475 134 111 quod
2261 1475 235 111 formaliter

1493 1542 199 124 sequitur
1642 1542 99 124 ad
1692 1542 182 124 aliquod
1824 1542 232 124 antecedens
2006 1542 149 124 ipsum
2106 1542 232 124 consequens
2287 1542 232 124 formalitur

1487 1622 213 126 sequi
1629 1622 142 126 ad
1700 1622 189 126 tale
1818 1622 331 126 antecedens
2078 1622 165 126 sed
2173 1622 213 126 sicut
2291 1622 165 126 ratio

1478 1701 363 143 sophistica
1763 1701 259 143 alicui
1945 1701 259 143 noster
2127 1701 441 143 demonstrativa

1489 1773 190 115 ita
1598 1773 163 115 et
1679 1773 462 115 demonstrativa
2059 1773 272 115 appere
2250 1773 272 115 posset

1491 1843 307 132 alicui
1706 1843 245 132 esse
1859 1843 429 132 sophistica
2197 1843 153 132 ¶
2258 1843 184 132 ad
2350 1843 184 132 2m

1479 1919 264 126 ibidem
1664 1919 211 126 dico
1796 1919 211 126 quod
1928 1919 185 126 dio
2033 1919 185 126 est
2139 1919 423 126 insufficiens

1497 2015 142 109 nam
1578 2015 202 109 potest
1719 2015 162 109 dici
1820 2015 162 109 quod
1922 2015 142 109 sit
2003 2015 263 109 naturalis
2205 2015 243 109 potentia
2367 2015 121 109 quan

1491 2075 255 118 philosophus
1695 2075 102 118 in
1746 2075 289 118 praescamentis
1984 2075 136 118 dict
2070 2075 136 118 esse
2155 2075 102 118 de
2206 2075 102 118 2a
2257 2075 170 118 specie
2376 2075 136 118 quae

1480 2146 265 119 titatis
1672 2146 144 119 ad
1745 2146 144 119 2m
1817 2146 241 119 ibidem
1985 2146 192 119 nego
2105 2146 409 119 consequentiam

1477 2224 125 116 et
1540 2224 125 116 ad
1602 2224 313 116 probationem
1852 2224 167 116 dico
1957 2224 167 116 quod
2061 2224 271 116 huiusmodo
2269 2224 250 116 pasiones

1478 2293 176 111 non
1578 2293 251 111 dicunt
1754 2293 376 111 intellectum
2055 2293 351 111 incognitio
2305 2293 176 111 matei

1478 2384 203 98 tatis
1614 2384 158 98 vel
1704 2384 271 98 falsitas
1908 2384 339 98 abstractive
2179 2384 158 98 sed
2270 2384 136 98 ex
2315 2384 158 98 parti

1483 2440 127 98 ne
1546 2440 148 98 sic
1631 2440 274 98 respondet
1842 2440 253 98 prrinkil
2032 2440 295 98 quaestione
2264 2440 106 98 1
2306 2440 253 98 articulo

1482 2516 205 112 primo
1619 2516 205 112 circa
1755 2516 205 112 finem
1892 2516 159 112 sed
1983 2516 159 112 per
2074 2516 159 112 hoc
2165 2516 159 112 non
2256 2516 273 112 solvitur

1475 2599 269 104 ratio
1655 2599 269 104 tendo
1834 2599 209 104 mam
1954 2599 239 104 quam
2103 2599 299 104 sequor
2313 2599 239 104 quia

1481 2659 233 114 ratio
1636 2659 181 114 non
1740 2659 388 114 abstractive
2050 2659 181 114 sed
2154 2659 155 114 et
2231 2659 285 114 deducti

1469 2750 299 78 neducit
1687 2750 163 78 in
1768 2750 327 78 notitiam
2013 2750 327 78 alicuius
2258 2750 218 78 ideo
2367 2750 109 78 di

1471 2813 135 108 co
1539 2813 180 108 quod
1652 2813 203 108 ratio
1787 2813 158 108 non
1877 2813 360 108 sufficienter
2170 2813 180 108 quia
2282 2813 203 108 huius
2395 2813 90 108 pa

1482 2882 182 102 nes
1586 2882 182 102 non
1690 2882 260 102 ducunt
1872 2882 573 102 intellectuabiliter
2367 2882 156 102 in

1480 2966 305 116 notitiam
1708 2966 178 116 sed
1810 2966 229 116 magis
1962 2966 152 116 ex
2039 2966 381 116 praesentiam
2318 2966 178 116 sensu

1469 3032 163 121 ali
1562 3032 140 121 et
1632 3032 140 121 de
1701 3032 186 121 illo
1818 3032 163 121 non
1911 3032 209 121 nitur
2050 3032 140 121 de
2120 3032 279 121 scriptio
2329 3032 209 121 supra

1476 3103 186 130 dicta
1600 3103 103 130 ¶
1642 3103 124 130 ad
1704 3103 248 130 rationes
1890 3103 207 130 contra
2035 3103 124 130 4m
2097 3103 248 130 terminum
2283 3103 124 130 ad
2345 3103 207 130 primum

1478 3183 151 116 cum
1565 3183 259 116 arguitur
1759 3183 194 116 primo
1889 3183 151 116 per
1975 3183 303 116 augustinum
2213 3183 259 116 dicentem
2386 3183 108 116 mul

1467 3264 273 125 quippere
1672 3264 205 125 aliud
1809 3264 159 125 est
1900 3264 205 125 areus
2036 3264 159 125 etc
2127 3264 182 125 dico
2241 3264 182 125 quod
2355 3264 205 125 areis
