2964 4193
494 388 295 167 naturaliter
730 388 137 167 sed
809 388 196 167 potius
946 388 177 167 annra
1064 388 137 167 ita
1142 388 137 167 per
1221 388 255 167 oppositum

493 496 322 133 illustratio
750 496 279 133 veritatis
965 496 129 133 et
1029 496 193 133 aliae
1158 496 343 133 perfectiones

497 580 170 110 in
582 580 283 110 quibus
779 580 226 110 homo
921 580 226 110 fuit
1062 580 198 110 Iun
1175 580 283 110 statum
1345 580 113 110 in

481 637 296 133 nocum
678 637 263 133 ante
843 637 329 133 lapsum
1073 637 263 133 sunt
1237 637 296 133 nobis

493 718 306 124 naturales
729 718 165 124 non
823 718 212 124 tamen
964 718 282 124 possumus
1176 718 212 124 tales
1293 718 165 124 atten

492 776 146 147 dere
583 776 109 147 ex
637 776 237 147 ntatentia
819 776 127 147 vel
892 776 200 147 anntora
1038 776 146 147 ideo
1129 776 255 147 dicerentur
1329 776 164 147 nobis

502 857 206 143 huius
639 857 229 143 formae
799 857 137 143 su
868 857 366 143 perfectiones
1165 857 366 143 supenatuales

510 955 168 111 non
606 955 192 111 quia
726 955 168 111 non
822 955 192 111 sunt
942 955 216 111 nobis
1085 955 312 111 naturales
1325 955 168 111 Sed

487 1007 213 129 quia
620 1007 239 129 annra
780 1007 186 129 vel
886 1007 160 129 ex
966 1007 266 129 natura
1152 1007 213 129 sunt
1285 1007 239 129 anobs

501 1096 148 122 in
575 1096 420 122 perceptibiles
921 1096 148 122 Et
995 1096 148 122 de
1069 1096 197 122 isto
1192 1096 197 122 modo
1291 1096 173 122 proli

487 1172 169 111 xe
571 1172 311 111 habetur
797 1172 169 111 ab
882 1172 395 111 heremitano
1193 1172 169 111 In
1277 1172 254 111 summa

502 1227 240 119 hemorum
677 1227 196 119 libro
808 1227 109 119 8
851 1227 131 119 76
917 1227 305 119 cripostolo
1157 1227 196 119 usque
1288 1227 131 119 ad
1353 1227 175 119 2oum

503 1298 186 117 trum
619 1298 303 117 inclusive
852 1298 140 117 in
922 1298 163 117 quo
1015 1298 280 117 ostendit
1225 1298 140 117 ex
1295 1298 210 117 sacra

512 1376 258 121 scriptua
705 1376 172 121 quod
812 1376 258 121 iustitia
1006 1376 236 121 deberet
1178 1376 172 121 esse
1285 1376 215 121 natura

506 1446 187 109 lis
613 1446 293 109 cunctis
826 1446 347 109 hominibus
1093 1446 160 109 de
1173 1446 213 109 hiis
1306 1446 160 109 in
1359 1446 107 109 de

497 1508 245 133 bitur
660 1508 300 133 plenius
878 1508 164 133 in
960 1508 164 133 2o
1042 1508 191 133 deo
1151 1508 245 133 dante
1315 1508 136 133 ¶
1342 1508 109 133 pr

507 1567 159 133 hoc
598 1567 227 133 potest
757 1567 318 133 responderi
1007 1567 136 133 ad
1075 1567 227 133 formas
1234 1567 136 133 ad
1302 1567 227 133 primam

503 1629 160 137 cum
595 1629 251 137 decitur
777 1629 229 137 nullus
937 1629 160 137 est
1029 1629 251 137 habitus
1212 1629 320 137 supernalis

500 1716 179 121 etc
603 1716 205 121 nego
731 1716 231 121 istam
885 1716 154 121 Et
962 1716 179 121 cum
1064 1716 308 121 probatur
1295 1716 205 121 quia

503 1780 138 137 si
572 1780 162 137 sic
664 1780 231 137 posset
826 1780 208 137 talis
964 1780 300 137 scientiae
1195 1780 185 137 etuc
1287 1780 185 137 posset

491 1859 176 114 hic
592 1859 227 114 primo
743 1859 328 114 distingui
995 1859 151 114 de
1071 1859 151 114 ly
1146 1859 252 114 posset
1323 1859 202 114 quia

499 1927 244 134 diceretur
687 1927 188 134 posset
818 1927 225 134 potentia
987 1927 206 134 propria
1137 1927 150 134 sibi
1231 1927 263 134 intrinseca

508 1996 113 141 et
565 1996 150 141 tunc
658 1996 300 141 consequentia
902 1996 131 141 non
977 1996 169 141 valet
1090 1996 281 141 generaliter
1315 1996 131 141 vel
1371 1996 75 141 de

502 2069 183 134 posse
624 2069 285 134 extrinseco
847 2069 122 134 et
908 2069 142 134 sic
989 2069 285 134 concederem
1213 2069 285 134 consequens

504 2146 161 122 et
585 2146 214 122 quia
718 2146 187 122 hic
825 2146 321 122 arguitur
1066 2146 161 122 de
1147 2146 348 122 habitibus

504 2215 253 141 congtinus
698 2215 214 141 concedo
854 2215 292 141 simpliciter
1088 2215 331 141 consequentiam
1361 2215 117 141 et

504 2276 155 149 cum
592 2276 265 149 arguitur
791 2276 177 149 quod
902 2276 155 149 non
991 2276 177 149 quia
1101 2276 177 149 tunc
1212 2276 221 149 posset
1344 2276 111 149 ali

488 2360 182 147 quis
602 2360 136 147 se
670 2360 204 147 scire
806 2360 227 147 habere
965 2360 295 147 articulum
1192 2360 204 147 fidei
1306 2360 159 147 conce

495 2433 135 144 do
563 2433 135 144 et
631 2433 158 144 cum
721 2433 135 144 de
789 2433 225 144 iuscit
946 2433 316 144 argumentum
1194 2433 203 144 fidei
1330 2433 180 144 esse

495 2520 212 129 verum
637 2520 259 129 negatur
825 2520 376 129 consequentia
1130 2520 141 129 de
1201 2520 212 129 forma
1342 2520 188 129 quia

504 2577 153 152 non
591 2577 196 152 valet
722 2577 153 152 sed
810 2577 196 152 super
940 2577 153 152 hoc
1028 2577 305 152 requiritur
1268 2577 175 152 quod
1377 2577 131 152 sa

502 2654 123 146 at
564 2654 164 146 hanc
667 2654 349 146 consequentiam
955 2654 164 146 esse
1057 2654 185 146 bonam
1181 2654 144 146 est
1263 2654 267 146 articenus

488 2733 225 140 fidei
638 2733 250 140 igitur
813 2733 175 140 est
913 2733 175 140 uns
1014 2733 175 140 sic
1114 2733 325 140 respondet
1339 2733 150 140 brin

504 2820 162 133 kil
596 2820 162 133 sed
689 2820 231 133 igitur
851 2820 139 133 ad
920 2820 278 133 spiritum
1129 2820 162 133 quo
1221 2820 185 133 quis
1337 2820 185 133 scit

510 2893 135 153 se
578 2893 225 153 habere
736 2893 293 153 articulum
961 2893 203 153 fidei
1097 2893 248 153 concedo
1277 2893 180 153 quod
1367 2893 113 153 ali

500 2974 240 139 qualiter
680 2974 260 139 scientiae
880 2974 280 139 communiter
1100 2974 220 139 accepto
1260 2974 200 139 potest
1380 2974 100 139 sci

508 3060 138 124 re
577 3060 298 124 articulum
806 3060 184 124 esse
921 3060 207 124 verum
1059 3060 138 124 Et
1128 3060 207 124 tamen
1265 3060 275 124 infertur

496 3135 214 145 igitur
645 3135 214 145 posset
795 3135 278 145 scientiae
1009 3135 193 145 omnia
1138 3135 257 145 neccessa
1309 3135 171 145 adnita

479 3220 353 139 nostrae
736 3220 289 139 secte
929 3220 289 139 Eodem
1121 3220 386 139 loquendo
1378 3220 129 139 de

491 3291 243 148 scientiae
678 3291 206 148 concedo
828 3291 262 148 consequens
1033 3291 131 148 nec
1108 3291 149 148 puto
1201 3291 131 148 ild
1276 3291 280 148 inconventis

1610 390 184 147 esse
1725 390 115 147 ¶
1771 390 138 147 Ad
1840 390 138 147 2m
1908 390 161 147 cum
2000 390 275 147 arguitur
2207 390 207 147 nulla
2345 390 253 147 veritas
2528 390 161 147 est

1606 479 303 116 supernalis
1844 479 238 116 naturae
2017 479 281 116 assumptum
2234 479 130 116 et
2299 479 130 116 ad
2364 479 325 116 probationem

1613 560 185 119 potens
1742 560 277 119 naturaliter
1964 560 259 119 cognoscere
2167 560 166 119 patet
2278 560 129 119 per
2351 560 277 119 philosophum
2573 560 111 119 2o

1604 637 344 106 metaphysicae
1884 637 172 106 quod
1992 637 280 106 assumptum
2207 637 151 106 est
2293 637 215 106 falsum
2444 637 129 106 Et
2508 637 129 106 ad
2551 637 108 106 ali

1592 708 118 99 a
1640 708 236 99 ibidem
1805 708 213 99 patet
1947 708 142 99 ex
2017 708 236 99 dictis
2183 708 189 99 quid
2301 708 283 99 dicendum
2513 708 118 99 ¶
2561 708 142 99 ad

1599 770 244 105 ultram
1770 770 244 105 ibidem
1941 770 195 105 dico
2063 770 195 105 quod
2185 770 293 105 diversas
2405 770 293 105 rationes

1603 839 222 119 fides
1751 839 370 119 diversimode
2047 839 247 119 potest
2220 839 148 119 de
2294 839 247 119 scribi
2466 839 222 119 sicut

1617 910 179 117 patet
1736 910 139 117 per
1816 910 218 117 dominum
1975 910 278 117 allsisenni
2193 910 179 117 libro
2312 910 119 117 3o
2372 910 258 117 tractatum
2571 910 119 117 de

1598 960 205 155 fide
1727 960 154 155 et
1803 960 179 155 hoc
1906 960 359 155 sufficiant
2188 960 333 155 determino
2444 960 256 155 quinto

1603 1043 149 111 Ad
1678 1043 298 111 rationes
1901 1043 248 111 contra
2075 1043 149 111 6m
2149 1043 298 111 terminum
2373 1043 149 111 ad
2447 1043 248 111 primum

1603 1110 169 123 cum
1700 1110 266 123 dieitur
1893 1110 194 123 quod
2014 1110 218 123 fides
2160 1110 291 123 includit
2377 1110 339 123 formidinem

1618 1188 218 99 negmo
1763 1188 218 99 illud
1909 1188 146 99 et
1982 1188 291 99 rationes
2200 1188 194 99 quae
2321 1188 170 99 pro
2418 1188 170 99 hoc
2515 1188 146 99 fi

1611 1247 267 142 possunt
1805 1247 388 142 sufficienter
2120 1247 315 142 solvuntur
2362 1247 145 142 ex
2435 1247 242 142 dictis

1592 1325 303 108 doctoris
1819 1325 354 108 signatorum
2097 1325 227 108 circa
2249 1325 303 108 rationem
2476 1325 126 108 ¶
2527 1325 152 108 ad

1612 1392 139 123 2m
1681 1392 162 123 cum
1774 1392 255 123 dicitur
1959 1392 185 123 quod
2075 1392 255 123 adhesio
2260 1392 208 123 fidei
2399 1392 162 123 etc
2491 1392 185 123 dico

1607 1472 194 121 quod
1728 1472 169 121 est
1825 1472 218 121 summa
1970 1472 314 121 certitudo
2212 1472 169 121 hoc
2308 1472 169 121 est
2405 1472 145 121 de
2453 1472 194 121 genere

1611 1538 208 129 trte
1741 1538 234 129 summe
1896 1538 415 129 certitudinis
2234 1538 156 129 Et
2312 1538 182 129 cum
2415 1538 285 129 dicitur

1594 1615 197 140 quod
1717 1615 345 140 principium
1988 1615 172 140 est
2087 1615 222 140 magis
2234 1615 246 140 certum
2407 1615 295 140 summendo

1598 1692 144 123 ly
1670 1692 216 123 magis
1814 1692 168 123 pro
1910 1692 168 123 non
2006 1692 264 123 speciei
2197 1692 144 123 in
2269 1692 240 123 genere
2437 1692 168 123 non
2509 1692 144 123 indi

1617 1758 248 114 vniduim
1798 1758 135 114 in
1866 1758 226 114 specie
2024 1758 248 114 negaoio
2204 1758 203 114 illud
2340 1758 158 114 nec
2430 1758 203 114 ratio
2543 1758 113 114 ibi

1603 1836 165 127 dem
1698 1836 165 127 pro
1792 1836 165 127 hoc
1886 1836 212 127 facta
2028 1836 212 127 ipsum
2169 1836 236 127 probat
2334 1836 118 127 ¶
2382 1836 141 127 ad
2452 1836 141 127 3m
2523 1836 165 127 neg

1595 1911 398 138 consequentiam
1922 1911 140 138 si
1993 1911 187 138 bene
2110 1911 281 138 sequitur
2320 1911 187 138 idem
2437 1911 140 138 2m
2508 1911 187 138 unam

1599 1971 334 141 rationem
1850 1971 306 141 excedit
2072 1971 167 141 se
2156 1971 167 141 et
2239 1971 167 141 2m
2323 1971 251 141 aliam
2490 1971 195 141 non

1602 2045 195 139 non
1713 2045 222 139 quid
1852 2045 389 139 entitative
2158 2045 195 139 sed
2270 2045 250 139 solum
2436 2045 167 139 de
2520 2045 167 139 no

1613 2121 263 126 iiative
1805 2121 216 126 sicud
1948 2121 240 126 abd3do
2116 2121 240 126 potest
2284 2121 192 126 esse
2403 2121 216 126 maior
2547 2121 144 126 si

1609 2200 357 115 militudo
1877 2200 238 115 quod
2026 2200 297 115 albedo
2234 2200 178 115 Et
2323 2200 238 115 haec
2472 2200 178 115 de
2531 2200 119 115 ob

1602 2270 343 121 iectionibus
1876 2270 228 121 contra
2036 2270 411 121 notificationes
2356 2270 274 121 terminorum

1598 2332 158 123 et
1677 2332 421 123 solutionibus
2018 2332 237 123 eorum
2176 2332 184 123 dee
2281 2332 131 123 ¶
2334 2332 158 123 ad
2413 2332 263 123 primam

1624 2404 243 114 rationem
1806 2404 202 114 contra
1948 2404 202 114 primam
2089 2404 324 114 conclusionem
2352 2404 162 114 dico
2453 2404 182 114 primo

1624 2487 200 101 negando
1769 2487 236 101 assumptum
1951 2487 145 101 quod
2042 2487 163 101 patet
2151 2487 182 101 falsum
2278 2487 127 101 per
2350 2487 163 101 illud
2459 2487 91 101 a
2478 2487 163 101 postoli

1619 2548 257 138 numquim
1805 2548 163 138 non
1899 2548 280 138 auditunt
2109 2548 140 138 Et
2179 2548 187 138 quid
2296 2548 140 138 in
2366 2548 187 138 omni
2482 2548 233 138 trmiam

1603 2623 267 136 exmntri
1797 2623 218 136 sonus
1942 2623 218 136 eorum
2088 2623 170 136 etc
2185 2623 146 136 ad
2258 2623 291 136 rationes
2476 2623 146 136 10
2549 2623 146 136 Et

1601 2688 183 140 cum
1706 2688 315 140 probatur
1942 2688 157 140 de
2020 2688 262 140 signis
2204 2688 315 140 adventus
2440 2688 236 140 chrit

1603 2759 193 142 dico
1723 2759 217 142 primo
1868 2759 193 142 quod
1989 2759 169 142 lyd
2085 2759 193 142 tunc
2206 2759 169 142 non
2302 2759 217 142 debet
2423 2759 193 142 teneri

1610 2850 327 103 inmediante
1867 2850 164 103 sub
1960 2850 304 103 sequenter
2194 2850 187 103 sine
2311 2850 280 103 temporis
2497 2850 164 103 inten

1611 2914 290 126 eplatione
1834 2914 156 126 sed
1923 2914 245 126 mediate
2101 2914 357 126 consequentis
2391 2914 312 126 successivo

1607 2977 230 118 ordine
1768 2977 138 118 ut
1837 2977 254 118 dicatur
2022 2977 184 118 tunc
2137 2977 138 118 id
2206 2977 161 118 est
2298 2977 184 118 post
2414 2977 161 118 hoc
2506 2977 115 118 ¶
2552 2977 138 118 2o

1603 3056 216 124 dico
1738 3056 243 124 sicut
1900 3056 324 124 iohannes
2143 3056 243 124 dicit
2305 3056 297 124 Clencok
2494 3056 162 124 inpo

1609 3125 249 130 stilla
1783 3125 224 130 super
1933 3125 224 130 actus
2082 3125 125 130 a
2132 3125 324 130 potolorum
2381 3125 149 130 in
2456 3125 199 130 illo
2555 3125 100 130 ca

1623 3198 226 126 super
1774 3198 201 126 illo
1899 3198 226 126 verbo
2050 3198 176 126 non
2150 3198 176 126 est
2251 3198 251 126 vatrum
2426 3198 226 126 nosse

1621 3275 308 126 tempores
1852 3275 180 126 etc
1955 3275 180 126 ubi
2058 3275 282 126 adducit
2263 3275 257 126 textum
2443 3275 257 126 istius
