2964 4161
349 407 252 129 eaneium
533 407 138 129 et
602 407 252 129 glossam
785 407 298 129 augustini
1015 407 321 129 concludens
1244 407 92 129 in

338 498 176 105 fine
448 498 176 105 quod
558 498 198 105 omnio
690 498 198 105 omnia
822 498 154 105 ibi
911 498 198 105 dicta
1043 498 132 105 ad
1109 498 264 105 litteram

341 564 264 100 debemus
533 564 360 100 intelligere
821 564 144 100 de
892 564 144 100 2o
964 564 144 100 et
1036 564 288 100 vueltimo
1252 564 144 100 ad

362 638 241 104 ventu
523 638 295 104 christi
737 638 161 104 ne
818 638 348 104 derisioni
1086 638 161 104 ex
1166 638 214 104 pona

355 695 106 108 ¶
397 695 128 108 3o
461 695 213 108 potest
610 695 298 108 responderi
844 695 128 108 ad
908 695 298 108 consequens
1142 695 213 108 istius

339 792 301 97 rationis
565 792 150 97 in
640 792 176 97 via
740 792 351 97 oppinionem
1016 792 176 97 hic
1116 792 276 97 hunitam

354 837 203 120 libro
490 837 113 120 8
535 837 203 120 summe
670 837 180 120 suae
782 837 135 120 de
850 837 383 120 quaestionibus
1165 837 225 120 hereme

353 917 200 104 norum
486 917 133 104 36
553 917 155 104 e2t
641 917 133 104 37
708 917 266 104 capituls
908 917 244 104 dicundo
1086 917 178 104 quod
1197 917 200 104 legem

325 985 202 119 non
441 985 231 119 esse
585 985 463 119 obligatoriam
961 985 231 119 hiis
1106 985 289 119 quibus

335 1059 197 103 non
447 1059 197 103 est
560 1059 225 103 data
700 1059 197 103 vel
812 1059 197 103 qui
925 1059 253 103 ipsam
1093 1059 169 103 in
1177 1059 225 103 vinc

333 1117 191 123 bilit
460 1117 255 123 ignorant
652 1117 213 123 potest
800 1117 170 123 esse
907 1117 298 123 dupliciter
1140 1117 149 123 uno
1225 1117 170 123 modo

328 1200 192 111 sic
437 1200 219 111 quod
574 1200 164 111 si
656 1200 192 111 non
766 1200 301 111 faciant
985 1200 301 111 peccant
1204 1200 192 111 non

320 1271 347 117 faciendo
580 1271 289 117 contra
782 1271 260 117 legem
956 1271 173 117 2c
1042 1271 202 117 qui
1158 1271 231 117 lege

337 1354 265 116 istam
513 1354 206 116 non
631 1354 324 116 audiunt
867 1354 177 116 2m
955 1354 206 116 eam
1073 1354 206 116 non
1161 1354 177 116 obli

310 1417 270 118 gantur
499 1417 135 118 ¶
553 1417 270 118 Aliter
742 1417 270 118 potest
930 1417 243 118 summi
1092 1417 189 118 eos
1173 1417 162 118 obli

328 1489 201 118 gari
454 1489 176 118 sic
554 1489 201 118 quod
680 1489 151 118 si
756 1489 176 118 non
857 1489 252 118 sevent
1033 1489 227 118 legem
1184 1489 201 118 quam

327 1556 148 116 non
411 1556 232 116 propter
580 1556 148 116 hoc
665 1556 169 116 fuit
771 1556 296 116 inpeccatis
1003 1556 148 116 e2a
1087 1556 148 116 est
1172 1556 211 116 falsum

330 1639 159 117 eos
421 1639 159 117 non
512 1639 273 117 obligari
717 1639 159 117 sed
808 1639 341 117 simpliciter
1081 1639 273 117 quilibet

318 1718 271 119 eorum
498 1718 181 119 ad
589 1718 211 119 eam
709 1718 211 119 sic
830 1718 391 119 obligatur
1130 1718 150 119 ¶
1191 1718 181 119 Ex

307 1796 194 116 quo
418 1796 250 116 patet
585 1796 250 116 sicut
752 1796 222 116 ipse
890 1796 278 116 infert
1085 1796 278 116 ibidem

317 1872 229 117 quod
461 1872 201 117 non
575 1872 258 117 omnis
747 1872 373 117 obligatus
1034 1872 172 117 ad
1120 1872 258 117 legem

325 1945 253 119 tetur
493 1945 281 119 facere
690 1945 197 119 2am
802 1945 197 119 eam
915 1945 197 119 nam
1027 1945 365 119 homincida

321 2021 355 120 obligatur
594 2021 164 120 ad
675 2021 246 120 legem
839 2021 300 120 iudicis
1057 2021 191 120 sui
1166 2021 164 120 et
1221 2021 109 120 ta

312 2111 194 95 men
423 2111 194 95 eam
534 2111 194 95 non
645 2111 305 95 tenetur
867 2111 277 95 facere
1061 2111 222 95 unde
1171 2111 139 95 ali

310 2150 192 116 est
419 2150 275 116 dicere
612 2150 357 116 obligatur
886 2150 165 116 ad
969 2150 220 116 lege
1106 2150 165 116 et
1161 2150 192 116 tenem

310 2217 249 125 facere
485 2217 224 125 legem
634 2217 150 125 de
709 2217 199 125 hiis
834 2217 274 125 plenius
1033 2217 150 125 in
1108 2217 299 125 debictur

320 2302 149 115 in
395 2302 149 115 4o
469 2302 223 115 circa
618 2302 372 115 sacrementum
915 2302 322 115 baptativa
1163 2302 173 115 ubi
1237 2302 99 115 in

306 2375 330 124 devbidetur
566 2375 212 124 utrum
708 2375 283 124 quilibet
920 2375 236 124 peccet
1085 2375 142 124 se
1156 2375 165 124 non
1227 2375 94 124 ba

311 2454 295 115 pturans
525 2454 187 115 vel
633 2454 348 115 procurans
900 2454 375 115 bapitatiri
1195 2454 187 115 cum

307 2536 225 113 possit
464 2536 112 113 ¶
509 2536 135 113 ad
576 2536 135 113 2m
643 2536 202 113 patet
778 2536 180 113 quid
890 2536 269 113 dicendum
1092 2536 135 113 2m
1160 2536 202 113 modum

322 2607 138 119 iam
401 2607 197 119 dictum
539 2607 158 119 quia
638 2607 158 119 haec
736 2607 315 119 consequentia
993 2607 138 119 non
1071 2607 177 119 valet
1190 2607 158 119 quod

309 2685 118 114 si
368 2685 255 114 conclusio
565 2685 137 114 sit
643 2685 157 114 vera
741 2685 157 114 quod
840 2685 157 114 tunc
938 2685 236 114 quilibet
1115 2685 137 114 non
1174 2685 137 114 serva

300 2759 210 111 us
405 2759 246 111 hac
545 2759 316 111 legem
756 2759 351 111 peccat
1001 2759 246 111 eam
1142 2759 246 111 non

309 2831 310 120 servando
541 2831 232 120 sicut
696 2831 232 120 patet
851 2831 155 120 ex
928 2831 258 120 dictis
1109 2831 129 120 ¶
1160 2831 155 120 ad
1238 2831 155 120 3m

306 2901 206 119 ibidem
451 2901 145 119 cum
533 2901 227 119 dieitur
699 2901 248 119 quilibet
884 2901 227 119 infidel
1050 2901 145 119 etc
1132 2901 227 119 negatur

312 2978 310 116 assumptum
550 2978 190 116 quia
669 2978 310 116 quandoque
907 2978 143 116 se
979 2978 167 116 sic
1074 2978 310 116 difformat

307 3046 174 111 quod
416 3046 282 111 difformat
633 3046 130 111 se
698 3046 174 111 legi
806 3046 239 111 naturae
980 3046 239 111 informa
1153 3046 130 111 et
1218 3046 130 111 ex

306 3116 219 119 presse
459 3116 131 119 et
525 3116 175 119 legi
635 3116 197 119 recte
766 3116 263 119 rationis
963 3116 285 119 quandoque
1183 3116 197 119 autem

306 3186 167 120 non
402 3186 167 120 sic
497 3186 334 120 actualiter
759 3186 143 120 et
831 3186 239 120 certum
998 3186 167 120 est
1093 3186 191 120 quod
1213 3186 167 120 hoc

295 3272 154 115 non
383 3272 154 115 est
471 3272 307 115 aequaliter
712 3272 132 115 se
778 3272 285 115 difformae
998 3272 176 115 quia
1107 3272 132 115 in
1173 3272 198 115 prima

1472 400 251 130 semper
1648 400 251 130 peccat
1824 400 151 130 2m
1899 400 226 130 omnes
2050 400 176 130 sed
2150 400 176 130 non
2251 400 151 130 in
2326 400 151 130 2a
2402 400 151 130 2m

1475 494 300 109 quosdam
1693 494 246 109 sicut
1857 494 246 109 patet
2020 494 164 109 ex
2102 494 273 109 dictis
2293 494 246 109 quare

1485 557 174 115 ille
1594 557 392 115 difformationes
1921 557 196 115 patet
2051 557 152 115 non
2138 557 174 115 esse
2247 557 261 115 aequiles

1487 634 115 113 ¶
1533 634 137 113 ad
1602 634 275 113 rationes
1808 634 229 113 contra
1968 634 160 113 2am
2060 634 137 113 ad
2128 634 229 113 primam
2289 634 229 113 partem

1476 698 164 109 cum
1569 698 304 109 dicebatur
1803 698 234 109 regula
1967 698 211 109 legis
2108 698 234 109 nostre
2272 698 234 109 potest

1483 786 201 92 primo
1617 786 179 92 dici
1728 786 246 92 negando
1907 786 379 92 consequentiam
2219 786 179 92 quia
2331 786 201 92 minor

1489 837 218 122 regula
1642 837 261 122 sufficit
1838 837 283 122 ostendere
2056 837 131 122 de
2121 837 218 122 sactum
2274 837 218 122 contra

1484 921 374 89 reamquandoque
1792 921 242 89 maiorem
1968 921 110 89 ¶
2013 921 132 89 2o
2079 921 220 89 potest
2233 921 176 89 dici
2343 921 176 89 quod

1499 982 221 105 sicet
1647 982 172 105 non
1745 982 172 105 fit
1843 982 197 105 sibi
1966 982 319 105 adaequata
2187 982 295 105 formaliter

1480 1046 142 114 et
1551 1046 309 114 distincte
1789 1046 214 114 tamen
1931 1046 166 114 est
2026 1046 190 114 sibi
2145 1046 404 114 proportionata

1479 1116 234 115 polit
1635 1116 156 115 et
1713 1116 390 115 virtualiter
2025 1116 416 115 interptative
2337 1116 130 115 sen

1484 1187 257 80 reductive
1682 1187 178 80 patet
1800 1187 138 80 cum
1879 1187 138 80 per
1958 1187 217 80 regulas
2116 1187 316 80 conclusiones
2353 1187 118 80 prae

1470 1247 258 100 cipiat
1651 1247 336 100 declinare
1909 1247 232 100 amalo
2064 1247 155 100 et
2142 1247 258 100 facere
2322 1247 232 100 bonum

1485 1316 135 78 in
1553 1316 158 78 quo
1643 1316 315 78 cuiuslibet
1891 1316 203 78 legis
2026 1316 135 78 de
2093 1316 225 78 factus
2251 1316 135 78 et
2318 1316 203 78 error

1471 1384 186 108 sectae
1602 1384 149 108 dici
1695 1384 186 108 potest
1825 1384 260 108 consistere
2029 1384 93 108 ¶
2066 1384 112 108 3o
2122 1384 186 108 potest
2252 1384 149 108 dici
2345 1384 149 108 quod

1476 1453 259 111 conclusio
1676 1453 240 111 loquitur
1855 1453 120 111 de
1915 1453 220 111 legibus
2075 1453 200 111 quibus
2215 1453 279 111 actualiter

1472 1516 272 112 erratur
1670 1516 198 112 quae
1793 1516 222 112 tamen
1941 1516 173 112 non
2040 1516 222 112 leges
2188 1516 173 112 sed
2287 1516 222 112 statu

1455 1588 186 95 ta
1548 1588 341 95 erronea
1796 1588 372 95 sectarum
2076 1588 248 95 dici
2231 1588 310 95 debent

1476 1670 121 96 non
1545 1670 155 96 autem
1648 1670 258 96 inteligitur
1855 1670 224 96 conclusio
2027 1670 103 96 de
2078 1670 172 96 omnium
2199 1670 172 96 specie
2319 1670 172 96 sectae

1459 1721 171 98 qua
1556 1721 317 98 possibile
1800 1721 171 98 est
1897 1721 244 98 contra
2068 1721 219 98 legem
2214 1721 268 98 divinam

1480 1796 191 109 errare
1614 1796 96 109 ¶
1652 1796 115 109 Ad
1709 1796 229 109 rationes
1881 1796 191 109 contra
2015 1796 287 109 corollariia
2244 1796 115 109 et
2302 1796 172 109 primo
2416 1796 134 109 pro

1460 1859 154 115 ad
1537 1859 232 115 istam
1692 1859 257 115 contra
1872 1859 206 115 quia
2001 1859 309 115 infertur
2233 1859 206 115 quod
2336 1859 154 115 damp

1467 1933 183 106 nati
1582 1933 321 106 contirinae
1834 1933 252 106 fienter
2017 1933 252 106 peiores
2200 1933 252 106 diceret

1476 1985 224 125 fastius
1638 1985 183 125 libro
1760 1985 102 125 3
1801 1985 122 125 in
1862 1985 305 125 conclusione
2106 1985 183 125 utrum
2228 1985 264 125 perceptum

1456 2071 302 110 iusti
1658 2071 235 110 dei
1792 2071 235 110 nas
1926 2071 436 110 dampnatas
2262 2071 268 110 vale

1447 2141 131 95 at
1513 2141 261 95 obligare
1708 2141 218 95 condio
1861 2141 305 95 consequens
2100 2141 131 95 Et
2165 2141 152 95 cum
2252 2141 261 95 arguitur

1463 2211 224 109 contra
1619 2211 134 109 ex
1687 2211 157 109 hoc
1776 2211 179 109 quod
1888 2211 202 109 beati
2022 2211 157 109 non
2112 2211 179 109 sint
2224 2211 269 109 melioris

1452 2279 123 112 ne
1513 2279 348 112 consequentiam
1800 2279 205 112 aliter
1943 2279 102 112 a
1984 2279 225 112 ppatret
2147 2279 184 112 michi
2270 2279 246 112 dicendum

1452 2355 192 111 negando
1591 2355 157 111 primo
1696 2355 296 111 consequentiam
1940 2355 105 111 et
1992 2355 105 111 si
2044 2355 209 111 probatur
2201 2355 209 111 contriae
2358 2355 122 111 non

1451 2447 293 95 facuunt
1664 2447 160 95 ad
1744 2447 213 95 quod
1877 2447 372 95 obligantur
2170 2447 186 95 sed
2276 2447 266 95 arguit

1453 2501 294 101 oppositum
1679 2501 294 101 elicituve
1905 2501 181 101 dico
2019 2501 181 101 quod
2132 2501 158 101 non
2222 2501 271 101 obligant

1460 2571 191 114 sub
1569 2571 245 114 poena
1732 2571 436 114 peiorationis
2086 2571 381 114 culpatitis

1439 2647 259 117 quamvis
1628 2647 282 117 contriae
1840 2647 377 117 obligerentur
2146 2647 282 117 subpoena
2357 2647 165 117 cum

1448 2719 268 110 tempre
1636 2719 134 110 ¶
1690 2719 161 110 ad
1770 2719 161 110 2m
1851 2719 268 110 ibidem
2039 2719 295 110 diceret
2253 2719 215 110 idem
2361 2719 107 110 fa

1456 2790 151 122 cuus
1551 2790 132 122 ubi
1626 2790 264 122 contlasdio
1834 2790 264 122 consequens
2042 2790 132 122 pro
2117 2790 170 122 prima
2230 2790 151 122 eius
2325 2790 170 122 parte

1442 2884 240 106 scilicet
1622 2884 160 106 quod
1722 2884 240 106 continae
1902 2884 220 106 noviter
2061 2884 220 106 peccant
2221 2884 200 106 dampti
2361 2884 140 106 sed

1449 2949 224 99 negat
1598 2949 199 99 quod
1723 2949 299 99 contriae
1947 2949 149 99 de
2021 2949 274 99 meantur
2220 2949 124 99 ¶
2270 2949 249 99 Aliter

1440 3009 206 119 apparet
1590 3009 169 119 michi
1703 3009 225 119 dicendum
1872 3009 225 119 scilicet
2041 3009 150 119 quod
2134 3009 169 119 ipsos
2247 3009 206 119 contrae
2378 3009 94 119 pec

1444 3098 171 91 care
1551 3098 235 91 noverit
1722 3098 214 91 potest
1872 3098 278 91 intelligi
2086 3098 300 91 dupliciter
2321 3098 193 91 primo

1434 3156 194 116 sic
1545 3156 221 116 quod
1683 3156 166 116 ly
1766 3156 249 116 novit
1932 3156 194 116 vel
2043 3156 304 116 novicas
2265 3156 277 116 habeat

1442 3244 123 130 se
1503 3244 225 130 respetu
1667 3244 287 130 tempororum
1892 3244 143 130 vel
1974 3244 266 130 successus
2179 3244 164 130 sive
2282 3244 225 130 eliciti

2309 3325 207 94 actus
