2964 4181
501 411 104 133 ¶
543 411 146 133 lio
626 411 125 133 mo
689 411 167 133 quod
793 411 250 133 respectu
981 411 230 133 obiecti
1148 411 167 133 sive
1253 411 292 133 contemptus

506 491 228 118 volo
649 491 285 118 dicere
849 491 228 118 quod
991 491 257 118 primo
1162 491 371 118 dampnatum

521 561 296 114 peccatare
749 561 205 114 novit
885 561 137 114 2m
954 561 273 114 temporis
1158 561 296 114 successum
1386 561 137 114 et

495 626 235 108 verum
652 626 209 108 quia
782 626 209 108 novi
913 626 235 108 actum
1070 626 157 108 et
1148 626 235 108 alium
1305 626 209 108 quam

517 695 194 114 prius
647 695 172 114 sine
754 695 172 114 alio
862 695 237 114 tempore
1034 695 215 114 elicit
1185 695 129 114 et
1249 695 151 114 sic
1335 695 194 114 primo

498 768 339 104 noviter
744 768 308 104 peccat
960 768 246 104 Stum
1114 768 215 104 non
1237 768 154 104 2
1298 768 246 104 quia

507 823 196 99 eod
619 823 391 99 contemptum
926 823 251 99 circa
1094 823 224 99 idem
1206 823 279 99 obiectum

505 893 141 103 et
575 893 141 103 2m
645 893 188 103 eand
763 893 376 103 obligationem
1068 893 188 103 ideo
1186 893 188 103 idem
1303 893 141 103 et
1374 893 164 103 non

503 985 207 95 novui
641 985 323 95 potestatia
895 985 184 95 quam
1010 985 138 95 ad
1079 985 392 95 difformitatem
1379 985 115 95 rea

507 1036 165 106 tus
602 1036 142 106 et
673 1036 213 106 actus
815 1036 213 106 licet
956 1036 213 106 forte
1098 1036 236 106 aliter
1263 1036 165 106 sic
1358 1036 165 106 qui

510 1110 134 113 ad
577 1110 291 113 scientiam
800 1110 134 113 et
868 1110 268 113 entitate
1069 1110 201 113 actus
1203 1110 134 113 ad
1270 1110 268 113 rationem

423 1174 141 101 non
503 1174 202 101 contra
645 1174 121 101 3m
705 1174 302 101 corollarium
947 1174 141 101 Cum
1027 1174 242 101 arguitur
1209 1174 161 101 quod
1310 1174 121 101 si
1350 1174 141 101 esset

530 1242 149 92 verum
630 1242 249 92 philosophia
829 1242 116 92 non
896 1242 149 92 esset
995 1242 199 92 scientia
1144 1242 149 92 negao
1244 1242 282 92 consequentiam

523 1306 116 121 et
581 1306 116 121 ad
638 1306 289 121 probationem
870 1306 135 121 cum
947 1306 231 121 diecitur
1120 1306 154 121 quia
1216 1306 173 121 docet
1332 1306 193 121 contra

509 1388 167 98 ria
604 1388 262 98 nostrae
795 1388 238 98 sectae
962 1388 214 98 nulle
1105 1388 167 98 hoc
1200 1388 310 98 similiter

517 1447 128 122 et
581 1447 149 122 cum
666 1447 234 122 dicitur
836 1447 170 122 quod
942 1447 191 122 ponit
1070 1447 170 122 indi
1176 1447 340 122 aeternitatem

512 1520 123 115 et
573 1520 164 115 alia
675 1520 225 115 similia
839 1520 164 115 quae
941 1520 245 115 veritati
1125 1520 225 115 nostrae
1288 1520 204 115 sectae

509 1582 334 120 obecivare
766 1582 309 120 videntur
998 1582 437 120 proevidentiam
1358 1582 154 120 in

516 1643 172 114 noto
624 1643 194 114 sicut
753 1643 215 114 potest
904 1643 215 114 haberi
1055 1643 194 114 parte
1184 1643 129 114 id
1249 1643 151 114 est
1335 1643 194 114 summe

504 1720 245 125 doctoris
687 1720 286 125 sollempnis
912 1720 245 125 articulo
1096 1720 102 125 1
1137 1720 286 125 quaestione
1361 1720 123 125 12
1422 1720 123 125 et

504 1785 216 130 articulo
666 1785 108 130 10
720 1785 253 130 quaestione
919 1785 90 130 3
955 1785 144 130 quod
1045 1785 216 130 scientia
1207 1785 180 130 aliqua
1334 1785 180 130 posset

502 1847 305 154 dupliciter
742 1847 327 154 considerari
1003 1847 196 154 primo
1134 1847 174 154 enim
1243 1847 240 154 quantum
1417 1847 131 154 ad

511 1931 136 123 se
579 1931 136 123 et
648 1931 136 123 in
716 1931 136 123 se
784 1931 114 123 ¶
830 1931 136 123 2o
898 1931 250 123 quantum
1080 1931 136 123 ad
1148 1931 205 123 ipsum
1284 1931 250 123 sciente

532 2007 208 135 primo
670 2007 162 135 cum
763 2007 138 135 de
832 2007 208 135 nullo
970 2007 162 135 fit
1063 2007 254 135 proprie
1247 2007 277 135 scientia

532 2067 165 130 nisi
635 2067 124 130 de
697 2067 165 130 vero
800 2067 185 130 patet
924 2067 165 130 quod
1027 2067 185 130 nulla
1151 2067 247 130 scientia
1336 2067 206 130 alteri

510 2151 236 134 contra
676 2151 212 134 dicit
817 2151 212 134 sicut
959 2151 165 134 nec
1053 2151 260 134 veritas
1242 2151 283 134 veritati

513 2222 122 116 ¶
561 2222 171 116 Sed
659 2222 146 116 2o
732 2222 195 116 modo
854 2222 342 116 recipiendo
1123 2222 171 116 vel
1220 2222 317 116 considera

508 2280 142 133 do
579 2280 308 133 scientiam
816 2280 166 133 sic
911 2280 308 133 contingit
1148 2280 213 133 ipsos
1291 2280 261 133 paritos

510 2368 145 136 in
582 2368 266 136 sanctus
776 2368 242 136 errare
945 2368 145 136 si
1017 2368 145 136 ad
1089 2368 145 136 in
1162 2368 217 136 vicem
1307 2368 242 136 contra

507 2451 243 114 dicere
677 2451 146 114 et
750 2451 146 114 si
823 2451 195 114 illi
945 2451 146 114 ex
1018 2451 243 114 defctu
1188 2451 219 114 eorum
1334 2451 146 114 et
1383 2451 97 114 er

513 2496 180 141 rore
625 2496 224 141 contra
782 2496 224 141 dicant
939 2496 269 141 veritati
1141 2496 247 141 nostrae
1320 2496 224 141 seccae

516 2577 116 132 ex
574 2577 135 132 hoc
651 2577 173 132 tamen
766 2577 135 132 non
843 2577 135 132 est
920 2577 231 132 dicendum
1094 2577 250 132 scientiam
1286 2577 250 132 scientiae

515 2652 338 141 contrariari
786 2652 135 141 ni
853 2652 315 141 recipietur
1101 2652 270 141 scientia
1303 2652 203 141 valde
1416 2652 90 141 in

512 2723 231 143 eptae
666 2723 179 143 pro
769 2723 333 143 quocumque
1025 2723 282 143 scripto
1230 2723 154 143 ab
1307 2723 256 143 aliquo

507 2804 129 132 in
571 2804 172 132 tali
678 2804 258 132 scientia
871 2804 150 132 vel
957 2804 172 132 arte
1065 2804 172 132 quod
1172 2804 215 132 facere
1322 2804 150 132 non
1408 2804 129 132 ex

509 2891 231 128 pedit
663 2891 180 128 nec
766 2891 180 128 est
869 2891 308 128 neccesse
1100 2891 128 128 ¶
1151 2891 154 128 Ex
1228 2891 180 128 quo
1331 2891 231 128 primo

511 2950 158 154 patet
617 2950 140 154 quod
704 2950 210 154 hugolius
862 2950 245 154 quaestione
1055 2950 88 154 1
1090 2950 210 154 prologis
1247 2950 210 154 articulo
1405 2950 105 154 3o

516 3036 311 142 conclusione
765 3036 187 142 prima
890 3036 187 142 minus
1015 3036 228 142 proprie
1181 3036 249 142 accipiat
1347 3036 166 142 phsoph

514 3105 233 147 cusam
669 3105 336 147 scientiam
928 3105 207 147 quia
1057 3105 233 147 solum
1212 3105 336 147 scriptuam

506 3181 147 131 ab
580 3181 245 131 aritle
752 3181 147 131 de
825 3181 172 131 hac
923 3181 294 131 scientia
1144 3181 270 131 tradita
1340 3181 123 131 ¶
1389 3181 147 131 2o

517 3248 229 137 sequitur
689 3248 115 137 ex
746 3248 153 137 hiis
842 3248 153 137 quod
937 3248 210 137 nullius
1090 3248 248 137 scientiae
1281 3248 248 137 principia

519 3313 313 149 principiis
764 3313 223 149 nostre
921 3313 223 149 sectae
1077 3313 179 149 sunt
1189 3313 290 149 contraria
1412 3313 112 149 ¶

1618 403 130 130 3o
1683 403 174 130 quod
1792 403 152 130 tam
1879 403 217 130 doctor
2031 403 239 130 sanctus
2205 403 174 130 quam
2314 403 217 130 tnmnis
2466 403 239 130 Egidium

1617 472 313 119 ehomas
1836 472 188 119 de
1930 472 407 119 argentina
2242 472 188 119 in
2336 472 375 119 pluribus

1625 547 208 115 eorum
1764 547 231 115 dictis
1925 547 208 115 minus
2064 547 185 115 bene
2180 547 254 115 glosant
2365 547 301 115 arguiulis

1620 611 134 88 in
1687 611 314 88 rationibus
1933 611 269 88 quilibet
2135 611 224 88 meriti
2292 611 247 88 probare
2471 611 202 88 mundi

1622 688 361 102 aeternitate
1911 688 289 102 dicentes
2127 688 192 102 quod
2247 688 240 102 arguat
2416 688 168 102 ibi
2512 688 144 102 2m
2560 688 96 102 vi

1632 761 129 101 am
1697 761 280 101 naturalis
1913 761 280 101 plosopiae
2128 761 194 101 patet
2257 761 151 101 hoc
2344 761 151 101 non
2430 761 151 101 est
2516 761 194 101 verum

1626 827 192 106 aliter
1760 827 250 106 naturalis
1952 827 288 106 philosophia
2183 827 192 106 nostre
2317 827 231 106 veritati
2490 827 192 106 contra

1620 892 238 108 diceret
1794 892 173 108 quod
1902 892 152 108 est
1988 892 217 108 contra
2140 892 281 108 praemissa
2357 892 173 108 ideo
2465 892 217 108 potius

1626 962 164 109 est
1719 962 280 109 dicendum
1929 962 234 109 ibidem
2093 962 210 109 ipsum
2233 962 210 109 argue
2373 962 140 109 2m
2443 962 280 109 proprium

1629 1033 285 117 errorem
1836 1033 155 117 et
1914 1033 388 117 ignorantiam
2224 1033 310 117 propriam
2457 1033 181 117 qua
2561 1033 155 117 2m

1637 1102 272 111 naturalem
1847 1102 335 111 philosophiam
2119 1102 168 111 quod
2224 1102 126 111 ut
2287 1102 231 111 clarius
2454 1102 252 111 pateatur

1619 1186 262 115 arguo
1793 1186 378 115 aliquibus
2084 1186 291 115 mediis
2288 1186 291 115 contra
2492 1186 204 115 tam

1612 1242 212 130 dicta
1754 1242 212 130 primo
1896 1242 165 130 sic
1990 1242 165 130 tam
2084 1242 307 130 contraria
2320 1242 165 130 est
2391 1242 236 130 scientia

1636 1309 278 136 naturalis
1849 1309 213 136 nostre
1999 1309 256 136 veritati
2191 1309 171 136 quod
2297 1309 278 136 contraria
2511 1309 171 136 fuit

1633 1384 144 118 et
1705 1384 168 118 est
1801 1384 264 118 christo
1993 1384 168 118 sed
2089 1384 192 118 illi
2208 1384 168 118 est
2304 1384 144 118 et
2376 1384 192 118 fuit
2472 1384 192 118 gratia

1622 1463 193 116 igitur
1757 1463 116 116 et
1814 1463 231 116 veritati
1988 1463 193 116 nostre
2123 1463 173 116 maior
2238 1463 173 116 patet
2354 1463 173 116 minor
2469 1463 231 116 probatur

1616 1517 178 134 per
1717 1517 254 134 glosam
1895 1517 229 134 supra
2048 1517 203 134 illo
2175 1517 229 134 verbo
2328 1517 229 134 paris
2455 1517 178 134 unisi

1618 1600 283 120 cavit
1806 1600 252 120 deus
1964 1600 346 120 nimeram
2216 1600 252 120 suam
2373 1600 189 120 in
2436 1600 189 120 cuiu

1606 1667 272 100 muta
1776 1667 238 100 ubi
1912 1667 340 100 glossa
2151 1667 340 100 mundus
2389 1667 204 100 de
2457 1667 170 100 Cui

1608 1758 216 100 tas
1731 1758 277 100 imnta
1916 1758 246 100 quia
2070 1758 400 100 sapientia
2347 1758 308 100 carnalia

1617 1821 176 119 et
1705 1821 323 119 physica
1939 1821 411 119 traditione
2262 1821 323 119 armatus
2496 1821 205 119 eat

1609 1889 244 114 contra
1779 1889 219 114 domum
1926 1889 195 114 suum
2047 1889 122 114 ¶
2096 1889 146 114 2o
2169 1889 219 114 arguo
2316 1889 171 114 per
2413 1889 244 114 glossa
2559 1889 98 114 su

1619 1966 219 115 perius
1772 1966 131 115 ad
1838 1966 329 115 corollariuo
2101 1966 197 115 primo
2233 1966 153 115 non
2320 1966 197 115 misit
2452 1966 153 115 per
2518 1966 153 115 bapie

1623 2039 159 111 Sed
1714 2039 342 111 evanglatere
1988 2039 159 111 non
2079 2039 137 111 in
2147 2039 296 111 sapientia
2375 2039 159 111 ubi
2466 2039 137 111 ut
2534 2039 137 111 es

1609 2105 355 112 vacuetur
1876 2105 207 112 cix
1994 2105 325 112 christi
2230 2105 207 112 ubi
2349 2105 266 112 gloss
2497 2105 177 112 Sapi

1619 2171 201 119 entia
1753 2171 156 119 ubi
1842 2171 156 119 est
1931 2171 290 119 sapientia
2154 2171 380 119 philosophorum
2467 2171 179 119 quae

1610 2243 352 130 sapientia
1881 2243 190 130 ubi
1989 2243 163 130 de
2071 2243 217 130 quia
2206 2243 325 130 verbosos
2450 2243 244 130 facit

1613 2327 186 122 per
1720 2327 240 122 istam
1880 2327 213 122 enim
2013 2327 373 122 sapientiam
2306 2327 293 122 evacuat
2519 2327 213 122 Trux

1616 2390 132 109 hri
1691 2390 113 109 id
1767 2390 150 109 mors
1861 2390 207 109 christi
2011 2390 113 109 et
2067 2390 282 109 inpossibile
2293 2390 244 109 iudicatur
2481 2390 188 109 contra

1597 2461 223 122 nam
1725 2461 191 122 ut
1820 2461 255 122 deus
1980 2461 447 122 inmortalis
2331 2461 383 122 moriatur

1610 2533 161 132 igitur
1723 2533 178 132 videtur
1852 2533 129 132 quod
1933 2533 194 132 iudicium
2078 2533 178 132 natuere
2207 2533 97 132 et
2255 2533 113 132 per
2320 2533 226 132 consequens
2497 2533 210 132 naturalis

1627 2612 253 104 sciectiae
1821 2612 194 104 contra
1957 2612 175 104 dicat
2073 2612 233 104 veritati
2248 2612 194 104 nostre
2384 2612 194 104 sectae
2520 2612 155 104 quod

1618 2691 190 122 erat
1737 2691 308 122 probandum
1974 2691 118 122 ¶
2021 2691 142 122 3o
2092 2691 166 122 sic
2187 2691 166 122 nam
2282 2691 284 122 scientia
2471 2691 190 122 natura

1618 2759 142 141 li
1689 2759 236 141 potest
1855 2759 189 141 quis
1973 2759 142 141 ve
2044 2759 284 141 iudicare
2257 2759 307 141 oppositum
2493 2759 236 141 illius

1630 2835 184 129 quod
1745 2835 253 129 iudicat
1929 2835 253 129 veritas
2113 2835 230 129 nostra
2274 2835 230 129 igitur
2435 2835 207 129 tales
2550 2835 92 129 re

1622 2905 217 134 pugunt
1774 2905 348 134 consequentia
2057 2905 196 134 mtria
2188 2905 152 134 non
2275 2905 261 134 Iohannes
2470 2905 152 134 xit
2536 2905 130 134 dela

1610 2979 246 139 3ari
1764 2979 554 139 refuscitatione
2226 2979 185 139 et
2318 2979 185 139 de
2411 2979 308 139 eechia

1608 3048 199 140 ysa
1721 3048 171 140 38
1807 3048 171 140 et
1892 3048 171 140 4o
1977 3048 256 140 Segis
2148 3048 199 140 sic
2261 3048 199 140 tam
2375 3048 398 140 repsuengat

1609 3118 252 134 scientia
1798 3118 273 134 naturalis
2008 3118 210 134 nostre
2156 3118 252 134 veritati
2345 3118 168 134 quod
2450 3118 210 134 nostra
2597 3118 126 134 vi

1611 3183 168 131 tas
1707 3183 288 131 repugnat
1923 3183 288 131 humanere
2139 3183 168 131 vel
2234 3183 288 131 naturali
2426 3183 216 131 rationi

1618 3246 183 143 sed
1722 3246 261 143 nostra
1905 3246 287 143 veritas
2114 3246 313 143 repugnat
2349 3246 261 143 igitur
2532 3246 157 143 et
