2964 4224
409 402 276 161 nostrae
610 402 452 161 glrificationis
986 402 201 161 nisi
1112 402 201 161 deus
1212 402 201 161 infini

394 524 194 121 tus
505 524 167 121 2m
589 524 222 121 quod
728 524 306 121 dominus
950 524 306 121 Egidius
1172 524 306 121 pulchre

397 595 284 116 deducit
604 595 310 116 pluribus
837 595 362 116 rationibus
1121 595 362 116 deintracta

395 667 172 119 tum
494 667 393 119 deinfluentia
813 667 172 119 dei
911 667 295 119 iubeatos
1132 667 344 119 antecedens

412 740 160 138 est
503 740 137 138 es
572 740 251 138 eiusdem
754 740 228 138 domini
914 740 228 138 Egidii
1074 740 251 138 praeter
1256 740 205 138 prolo

402 817 187 132 igitur
533 817 262 132 quaestione
739 817 93 132 1
776 817 93 132 ¶
814 817 168 132 verem
926 817 168 132 tamen
1038 817 224 132 sciendum
1206 817 150 132 quod
1300 817 131 132 non

410 897 298 118 multalit
633 897 223 118 curat
782 897 322 118 denominae
1030 897 223 118 huius
1179 897 298 118 rationis

420 965 246 135 dummodo
599 965 157 135 sit
688 965 201 135 ratio
822 965 291 135 contracta
1046 965 157 135 sed
1136 965 179 135 ipse
1248 965 157 135 met
1315 965 134 135 dict

418 1047 358 122 intractatum
704 1047 191 122 quam
824 1047 215 122 fecit
967 1047 143 122 de
1038 1047 310 122 substecto
1277 1047 191 122 theg

422 1127 137 125 ¶
476 1127 164 125 Ex
558 1127 192 125 quo
668 1127 246 125 patet
832 1127 219 125 quod
969 1127 328 125 aureolus
1215 1127 219 125 plus
1325 1127 109 125 ar

412 1200 238 111 contra
579 1200 214 111 verba
721 1200 190 111 quam
840 1200 285 111 doctoris
1054 1200 333 111 sententiam
1315 1200 143 111 et

405 1270 203 119 hoc
521 1270 174 119 de
608 1270 174 119 2o
694 1270 260 119 huius
868 1270 260 119 dubii
1042 1270 145 119 ¶
1100 1270 174 119 Ex
1186 1270 289 119 quibus

406 1352 227 129 patet
557 1352 201 129 quod
683 1352 227 129 satis
834 1352 302 129 probatur
1060 1352 176 129 ymo
1161 1352 151 129 ut
1237 1352 227 129 putio

410 1413 242 129 veracit
586 1413 176 129 teni
696 1413 220 129 potest
850 1413 176 129 quod
959 1413 132 129 in
1025 1413 176 129 omni
1135 1413 308 129 theologias

395 1491 319 113 discteu
627 1491 174 113 in
714 1491 203 113 quo
830 1491 203 113 vel
945 1491 261 113 cuius
1119 1491 232 113 deus
1264 1491 203 113 est

416 1566 282 150 subitectum
638 1566 141 150 est
718 1566 262 150 subiectum
920 1566 222 150 subtali
1081 1566 222 150 ratione
1243 1566 222 150 inperta

401 1647 207 119 ci
504 1647 310 119 bonum
711 1647 276 119 tale
883 1647 241 119 quo
1021 1647 276 119 mais
1158 1647 276 119 cogita

405 1706 143 145 ri
477 1706 167 145 non
572 1706 239 145 potest
739 1706 119 145 ¶
787 1706 167 145 Sed
883 1706 191 145 nunc
1002 1706 143 145 3o
1074 1706 191 145 pona
1193 1706 287 145 rationes

397 1783 203 135 horum
533 1783 271 135 doctorum
736 1783 135 135 et
804 1783 203 135 earum
939 1783 293 135 soltiones
1165 1783 113 135 ¶
1210 1783 135 135 Et
1278 1783 181 135 quia

410 1855 254 142 articulo
601 1855 275 142 gregorius
812 1855 212 142 ducunt
961 1855 127 142 ad
1024 1855 170 142 idem
1130 1855 339 142 inconveniens

414 1914 159 140 vel
505 1914 204 140 eadem
641 1914 408 140 inconvenientia
982 1914 136 140 ad
1050 1914 182 140 quod
1163 1914 159 140 vel
1254 1914 182 140 quae

411 2011 321 133 rationes
652 2011 268 133 Agidii
839 2011 161 133 et
920 2011 268 133 thomae
1107 2011 214 133 ideo
1241 2011 214 133 ipsa

421 2084 309 123 recitabo
653 2084 154 123 et
730 2084 180 123 eis
833 2084 283 123 solutis
1039 2084 206 123 quid
1167 2084 154 123 ad
1245 2084 206 123 argu

422 2167 212 112 aliorum
576 2167 135 112 est
653 2167 231 112 dicendum
826 2167 192 112 arguit
961 2167 192 112 igitur
1095 2167 192 112 primus
1230 2167 135 112 sic
1307 2167 115 112 si

401 2235 217 108 deus
537 2235 190 108 sub
645 2235 299 108 ratione
862 2235 353 108 deritatis
1134 2235 326 108 absolute

411 2316 194 119 esset
540 2316 280 119 subiectum
755 2316 301 119 theologiae
991 2316 215 119 nostre
1142 2316 172 119 deus
1228 2316 151 119 repre

406 2386 329 116 hensibilis
664 2386 165 116 per
758 2386 306 116 theologia
993 2386 259 116 nostram
1181 2386 188 116 actu
1275 2386 141 116 habi

418 2453 103 132 tam
477 2453 103 132 vel
536 2453 235 132 potentialbes
727 2453 147 132 haberi
829 2453 205 132 consequens
991 2453 147 132 falsum
1093 2453 235 132 consequentia
1284 2453 176 132 probatur

407 2532 188 127 quia
524 2532 141 127 ad
594 2532 235 127 habitu
758 2532 258 127 habente
946 2532 258 127 aliquod
1134 2532 305 127 subiectum

406 2615 188 130 sub
514 2615 269 130 aliqua
702 2615 296 130 ratione
917 2615 350 130 absolutae
1186 2615 269 130 spitat

408 2686 370 138 considerare
704 2686 345 138 quaecumque
976 2686 197 138 illi
1099 2686 296 138 convenit
1321 2686 148 138 2m

429 2758 179 139 illam
549 2758 239 139 rationem
728 2758 199 139 probat
867 2758 139 139 hoc
947 2758 299 139 auctoritate
1166 2758 259 139 philosophis

410 2838 127 120 ¶
460 2838 152 120 2a
537 2838 280 120 ratione
740 2838 203 120 quia
867 2838 178 120 non
969 2838 178 120 est
1070 2838 229 120 ratio
1223 2838 254 120 quares

411 2917 300 116 potius
621 2917 180 116 de
711 2917 210 116 uno
831 2917 240 116 quam
980 2917 180 116 de
1070 2917 330 116 reliquo
1280 2917 150 116 con

421 2992 230 130 sideret
588 2992 209 130 igitur
734 2992 125 130 de
797 2992 230 130 omnibus
964 2992 104 130 ¶
1005 2992 125 130 3o
1068 2992 146 130 sic
1152 2992 125 130 si
1214 2992 230 130 aliquam

402 3072 310 120 haberet
627 3072 423 120 considerare
966 3072 169 120 et
1051 3072 282 120 aliqua
1248 3072 197 120 non

417 3129 190 125 igitur
550 3129 133 125 non
626 3129 133 125 est
702 3129 247 125 subiectum
892 3129 133 125 sub
969 3129 228 125 absoluta
1140 3129 209 125 ratione
1292 3129 133 125 sed

422 3201 255 103 contracta
618 3201 235 103 scilicet
795 3201 118 103 ad
854 3201 157 103 illa
952 3201 157 103 quae
1050 3201 118 103 de
1109 3201 157 103 ipso
1207 3201 196 103 inquam
1344 3201 137 103 ita

410 3280 170 101 le
495 3280 481 101 considereatur
891 3280 141 101 ¶
947 3280 170 101 Sd
1032 3280 198 101 sic
1145 3280 226 101 deus
1287 3280 198 101 non

421 3344 141 145 est
501 3344 262 145 subiectum
703 3344 282 145 theologiae
925 3344 242 145 beatorum
1106 3344 262 145 inquantum
1308 3344 161 145 deus

1554 391 149 126 igitur
1659 391 105 126 nec
1718 391 209 126 theologiae
1883 391 149 126 nastre
1987 391 239 126 consequentia
2181 391 134 126 patet
2271 391 90 126 et
2315 391 194 126 asseundum
2465 391 179 126 arguitur

1558 490 183 111 quia
1673 490 229 111 aliter
1833 490 183 111 deus
1948 490 275 111 scientia
2154 490 229 111 creata
2314 490 321 111 comprehete

1559 553 197 131 detur
1690 553 109 131 ¶
1734 553 131 131 3o
1799 553 218 131 potest
1952 553 197 131 argui
2083 553 131 131 ex
2149 553 240 131 ratione
2324 553 218 131 Egidii
2477 553 131 131 et

1569 634 257 125 theologiae
1770 634 147 125 quia
1862 634 110 125 si
1917 634 147 125 haec
2009 634 238 125 conclusio
2192 634 165 125 esset
2302 634 147 125 vera
2394 634 220 125 sequitur

1570 729 154 104 quod
1666 729 231 104 scientia
1839 729 192 104 nostra
1973 729 269 104 aequaretur
2185 729 250 104 scientiae
2377 729 135 104 dei
2454 729 135 104 sed

1560 785 144 125 hoc
1643 785 144 125 est
1725 785 205 125 falsum
1868 785 205 125 igitur
2012 785 123 125 ex
2074 785 164 125 hiis
2176 785 185 125 aliis
2300 785 185 125 eorum
2423 785 205 125 dictis

1574 862 157 115 patet
1678 862 140 115 quod
1765 862 157 115 habii
1870 862 262 115 venerabilis
2080 862 209 115 doctores
2237 862 279 115 conclusionem
2463 862 122 115 eis
2516 862 52 115 o

1570 924 292 137 pposita
1783 924 159 137 ad
1862 924 159 137 3a
1942 924 451 137 inconvenienti
2313 924 318 137 deducere

1575 998 279 119 conantur
1784 998 233 119 primum
1947 998 163 119 est
2040 998 279 119 scientia
2249 998 233 119 nostra
2412 998 209 119 esset

1558 1061 342 143 infinitoris
1831 1061 342 143 simpliciter
2105 1061 114 143 ¶
2150 1061 137 143 2m
2218 1061 159 143 est
2310 1061 182 143 quod
2423 1061 182 143 deus

1567 1132 230 155 scientia
1739 1132 192 155 creata
1874 1132 383 155 comprehenderetur
2199 1132 96 155 ¶
2238 1132 115 155 3m
2295 1132 153 155 quod
2391 1132 249 155 theologia

1583 1211 228 129 nostra
1743 1211 320 129 theologiae
1994 1211 160 129 dei
2086 1211 365 129 adaequaretur
2383 1211 183 129 quae
2474 1211 137 129 tria

1577 1295 209 121 satis
1716 1295 301 121 manifeste
1948 1295 255 121 possunt
2133 1295 186 121 esse
2249 1295 209 121 falsa
2388 1295 162 121 sed
2458 1295 116 121 cau

1554 1365 260 119 toris
1727 1365 347 119 doctorum
1987 1365 347 119 reventia
2247 1365 260 119 salva
2421 1365 202 119 non

1547 1447 281 91 video
1734 1447 219 91 hoc
1859 1447 562 91 inconvenientia
2327 1447 187 91 ad
2421 1447 219 91 hac

1560 1516 449 117 conclusionem
1925 1516 224 117 plus
2065 1516 253 117 sequi
2233 1516 196 117 qua
2346 1516 168 117 ad
2430 1516 224 117 suam

1555 1603 222 99 unde
1694 1603 250 99 primo
1861 1603 250 99 arguo
2027 1603 278 99 contra
2222 1603 194 99 eos
2333 1603 194 99 sic
2444 1603 250 99 omnis

1558 1666 169 110 de
1642 1666 366 110 nominatio
1924 1666 197 110 deo
2037 1666 394 110 intrinseca
2347 1666 197 110 est
2459 1666 169 110 in

1559 1731 167 121 suo
1654 1731 238 121 genere
1821 1731 357 121 simpliciter
2107 1731 286 121 infinita
2322 1731 167 121 sed
2417 1731 191 121 omni

1556 1803 215 138 ratio
1699 1803 191 138 quod
1818 1803 238 138 ponunt
1985 1803 238 138 subqua
2152 1803 191 138 deus
2271 1803 167 138 sic
2367 1803 310 138 subiectum

1564 1881 244 121 nostrae
1742 1881 289 121 theologia
1964 1881 156 121 est
2053 1881 156 121 deo
2141 1881 311 121 intrinseca
2386 1881 222 121 igitur
2519 1881 89 121 in

1555 1961 249 108 finite
1729 1961 373 108 simpliciter
2028 1961 473 108 considerationis
2426 1961 199 108 erit

1561 2035 254 111 maior
1730 2035 197 111 est
1843 2035 366 111 manifesta
2124 2035 225 111 quia
2265 2035 366 111 quidlibet

1565 2106 210 129 talis
1705 2106 163 129 est
1798 2106 280 129 essentia
2008 2106 233 129 divina
2171 2106 303 129 perfectio
2404 2106 233 129 simple

1561 2189 299 111 infinita
1785 2189 150 111 et
1860 2189 274 111 inmensa
2060 2189 224 111 minor
2209 2189 224 111 patet
2359 2189 150 111 ex
2434 2189 224 111 eorum

1557 2243 231 89 dictis
1719 2243 185 89 quia
1834 2243 300 89 quaelibet
2065 2243 208 89 ratio
2203 2243 139 89 ab
2273 2243 208 89 ipsis
2411 2243 231 89 posita

1571 2331 206 97 dicit
1709 2331 252 97 aliquam
1892 2331 413 97 denominationem
2236 2331 161 97 deo
2328 2331 321 97 formaliter

1572 2383 301 111 intrinsecam
1813 2383 100 111 ¶
1853 2383 120 111 2o
1913 2383 181 111 arguo
2034 2383 201 111 contra
2174 2383 141 111 eos
2255 2383 141 111 sic
2335 2383 141 111 per
2415 2383 241 111 rationes

1563 2460 235 97 eorum
1720 2460 262 97 nullus
1903 2460 262 97 potest
2086 2460 392 97 considerare
2400 2460 235 97 omnia

1550 2526 229 101 quae
1693 2526 200 101 deo
1808 2526 400 101 conveniunt
2122 2526 172 101 2m
2208 2526 229 101 quod
2323 2526 257 101 glifica

1550 2587 164 97 tor
1643 2587 164 97 vel
1737 2587 188 97 quod
1855 2587 211 97 verum
1996 2587 211 97 summe
2137 2587 329 97 diligibile
2395 2587 235 97 igitur

1551 2672 174 94 deus
1660 2672 153 94 non
1747 2672 153 94 est
1835 2672 283 94 subiectum
2053 2672 240 94 nostrae
2227 2672 305 94 theologiae
2467 2672 153 94 sub

1555 2721 146 114 tali
1646 2721 201 114 ratione
1792 2721 292 114 consequentia
2030 2721 128 114 est
2103 2721 165 114 eorum
2213 2721 110 114 et
2268 2721 219 114 assernum
2432 2721 165 114 patet

1561 2790 204 117 quia
1688 2790 255 117 nullus
1866 2790 178 117 tot
1968 2790 382 117 considerare
2273 2790 255 117 potest
2426 2790 178 117 tione

1567 2863 266 118 mentia
1753 2863 345 118 glificari
2019 2863 186 118 vel
2125 2863 239 118 summo
2285 2863 345 118 diligbili

1572 2930 247 133 quoin
1736 2930 247 133 plura
1901 2930 385 133 convenieni
2204 2930 220 133 sibi
2341 2930 275 133 posset
2506 2930 110 133 de

1565 3010 211 147 ipso
1696 3010 395 147 considerare
2013 3010 132 147 ¶
2065 3010 158 147 3o
2144 3010 184 147 sic
2250 3010 237 147 nulla
2382 3010 184 147 ratio

1561 3076 147 119 deo
1645 3076 294 119 intrinseca
1876 3076 147 119 est
1960 3076 252 119 limitati
2149 3076 147 119 vel
2233 3076 357 119 contratatilis

1565 3110 291 167 nulla
1759 3110 291 167 talis
1953 3110 227 167 est
2083 3110 194 167 in
2180 3110 227 167 deo
2310 3110 356 167 ponenda

1583 3228 266 119 consequentia
1800 3228 183 119 videtur
1933 3228 150 119 satis
2033 3228 133 119 nota
2116 3228 100 119 et
2166 3228 100 119 ex
2216 3228 250 119 consequenti
2416 3228 200 119 sequitur

1574 3293 193 120 quod
1695 3293 169 120 sub
1791 3293 218 120 nulla
1936 3293 193 120 tali
2057 3293 266 120 ratione
2251 3293 266 120 sequitr
2444 3293 193 120 quod
