2964 4224
435 425 143 132 sed
516 425 285 132 neuntirius
740 425 163 132 quia
842 425 224 132 neutrum
1005 425 326 132 praedictorum
1250 425 163 132 sancti

437 515 221 122 bilium
592 515 155 122 vel
680 515 244 122 satorum
858 515 177 122 ipsa
968 515 155 122 est
1057 515 133 122 ut
1123 515 199 122 patet
1256 515 133 122 ex
1322 515 133 122 2a

420 598 110 109 et
475 598 110 109 3a
529 598 292 109 suppositione
767 598 91 109 ¶
803 598 128 109 2am
877 598 292 109 conclusionem
1114 598 164 109 probo
1224 598 164 109 primo
1333 598 146 109 quia

422 651 124 135 si
484 651 145 135 res
567 651 124 135 ex
630 651 187 135 esset
754 651 249 135 obiectum
940 651 187 135 multe
1065 651 269 135 scientiae
1272 651 187 135 esset

436 721 235 116 derebus
606 721 299 116 continibus
841 721 213 116 aliter
991 721 128 116 se
1055 721 213 116 habere
1204 721 235 116 tamquam

429 802 110 110 de
484 802 220 110 obiectis
649 802 257 110 consequens
851 802 129 110 est
925 802 184 110 falsum
1053 802 257 110 accipiendo
1255 802 220 110 scientia

401 869 280 113 proprie
604 869 254 113 natura
782 869 153 113 ut
858 869 178 113 ait
960 869 229 113 apous
1112 869 127 113 ¶
1138 869 254 113 ethyorum

428 942 221 106 ginis
576 942 393 106 siuspicantur
896 942 197 106 quod
1018 942 246 106 scimus
1191 942 172 106 non
1264 942 197 106 contin

422 1004 167 123 gere
526 1004 208 123 aliter
672 1004 125 123 se
735 1004 208 123 habere
880 1004 125 123 et
943 1004 125 123 ex
1005 1004 146 123 hoc
1089 1004 271 123 concludit
1297 1004 167 123 quod

437 1083 215 116 scbile
588 1083 151 116 est
674 1083 258 116 aeternum
868 1083 129 116 et
933 1083 345 116 exuctoritate
1213 1083 129 116 et
1277 1083 194 116 eadem

441 1149 253 125 sententiam
640 1149 163 125 ponit
748 1149 163 125 primo
856 1149 271 125 posteriorum
1073 1149 289 125 consequentia
1308 1149 163 125 patet

420 1217 173 134 nam
519 1217 223 134 omnis
668 1217 173 134 res
767 1217 322 134 corumpiel
1015 1217 248 134 potest
1188 1217 248 134 aliter
1337 1217 99 134 se

423 1299 189 116 habere
555 1299 227 116 secundum
726 1299 284 116 philosophum
952 1299 113 116 et
1009 1299 113 116 2m
1066 1299 227 116 veritate
1236 1299 170 116 omnis
1349 1299 132 116 res

435 1365 183 120 potest
563 1365 201 120 praeter
709 1365 147 120 deum
801 1365 128 120 est
874 1365 256 120 contingens
1076 1365 110 120 et
1131 1365 128 120 non
1204 1365 275 120 neccessaria

447 1461 124 99 si
509 1461 186 99 autem
633 1461 145 99 res
716 1461 186 99 extra
840 1461 165 99 sunt
943 1461 248 99 obiectia
1129 1461 310 99 scientiarum

428 1514 194 130 multe
558 1514 280 130 scientiae
773 1514 129 130 et
837 1514 258 130 physoice
1031 1514 129 130 et
1095 1514 301 130 geomedtate
1332 1514 129 130 et

418 1580 257 131 aliae
590 1580 286 131 plures
790 1580 286 131 essent
990 1580 172 131 de
1076 1580 257 131 rebus
1219 1580 200 131 aliis

431 1658 125 112 a
481 1658 175 112 deo
581 1658 150 112 et
656 1658 450 112 contingentibus
1031 1658 150 112 Et
1106 1658 300 112 procerto
1331 1658 150 112 ad

442 1731 173 126 nullum
563 1731 156 126 verum
667 1731 208 126 secundum
822 1731 190 126 salvari
961 1731 173 126 posset
1082 1731 138 126 quod
1168 1731 121 126 hus
1238 1731 225 126 scientiae

438 1802 218 110 essent
591 1802 131 110 de
656 1802 240 110 neccsis
831 1802 131 110 et
897 1802 349 110 inpossibilus
1180 1802 218 110 aliter
1333 1802 131 110 se
1377 1802 87 110 ha

422 1877 182 93 bere
536 1877 137 93 Et
604 1877 273 93 aeternis
809 1877 137 93 et
877 1877 182 93 alia
991 1877 182 93 hiis
1105 1877 250 93 similia
1287 1877 205 93 dicta

438 1961 343 120 philosophorum
720 1961 121 120 si
781 1961 141 120 res
861 1961 182 120 extra
982 1961 262 120 scienteur
1184 1961 141 120 seu
1265 1961 202 120 essent

447 2018 206 128 obiecta
597 2018 281 128 scientiarum
822 2018 94 128 ¶
860 2018 206 128 praetea
1010 2018 112 128 si
1066 2018 131 128 res
1141 2018 169 128 extra
1235 2018 187 128 obiectum

418 2084 242 127 tottale
594 2084 286 127 scientiae
814 2084 132 127 ut
880 2084 176 127 nunc
991 2084 132 127 de
1057 2084 220 127 obecto
1211 2084 264 127 loquitur

428 2154 211 116 eadem
568 2154 258 116 ratione
756 2154 164 116 res
850 2154 211 116 extra
991 2154 235 116 essent
1155 2154 282 116 obiectum
1343 2154 70 116 o

436 2227 243 133 prpiniis
618 2227 122 133 et
679 2227 182 133 fidei
800 2227 122 133 et
861 2227 223 133 erroris
1023 2227 122 133 et
1084 2227 142 133 per
1165 2227 284 133 consequens

432 2293 329 118 contingeret
695 2293 175 118 quod
805 2293 175 118 idem
915 2293 132 118 ho
980 2293 175 118 idem
1090 2293 219 118 sciret
1244 2293 132 118 et
1287 2293 154 118 oppin

422 2377 293 107 naretur
636 2377 320 107 crederet
876 2377 160 107 et
955 2377 347 107 ignoraret
1222 2377 293 107 ignoram

428 2440 164 129 tia
521 2440 329 129 dispositis
780 2440 164 129 qui
874 2440 211 129 error
1014 2440 305 129 nominatur
1249 2440 188 129 quai

441 2510 174 129 anima
557 2510 155 129 sunt
654 2510 213 129 absunda
808 2510 174 129 patet
924 2510 310 129 consequentia
1176 2510 213 129 naturam
1312 2510 135 129 conti

426 2587 145 133 git
509 2587 207 133 eundem
654 2587 269 133 scientiae
861 2587 166 133 quod
965 2587 166 133 deus
1068 2587 145 133 est
1151 2587 248 133 aeternus
1337 2587 124 133 et

423 2664 324 129 oppinari
666 2664 216 129 quod
801 2664 243 129 solus
964 2664 162 129 et
1045 2664 351 129 inmediate
1288 2664 108 129 mo

434 2726 199 124 neat
559 2726 224 124 celum
708 2726 274 124 Eredere
908 2726 199 124 quod
1032 2726 174 124 sit
1132 2726 299 124 terminus
1331 2726 100 124 in

424 2802 315 132 personis
660 2802 262 132 errare
843 2802 262 132 putans
1027 2802 210 132 quod
1158 2802 183 132 sit
1263 2802 236 132 fitus

434 2876 131 130 in
500 2876 218 130 vigore
652 2876 109 130 ¶
696 2876 131 130 3o
762 2876 131 130 si
827 2876 153 130 res
914 2876 196 130 extra
1045 2876 196 130 esset
1176 2876 262 130 obiectum
1351 2876 109 130 sci

426 2956 233 109 entiae
589 2956 210 109 esset
729 2956 140 109 2o
799 2956 280 109 obiectum
1009 2956 280 109 assensus
1219 2956 280 109 sctutrum

415 3025 202 121 nam
531 3025 260 121 eidem
704 3025 404 121 assentimus
1021 3025 173 121 et
1108 3025 289 121 scimus
1310 3025 173 121 Et

437 3088 206 136 simili
582 3088 226 136 ratione
746 3088 185 136 esset
870 3088 247 136 obiectum
1055 3088 185 136 fidei
1178 3088 124 136 et
1240 3088 247 136 ulterius

427 3158 265 159 sequitur
626 3158 133 159 ex
692 3158 155 159 hoc
781 3158 177 159 quod
891 3158 243 159 aliquis
1068 3158 243 159 fidelis
1245 3158 221 159 licite

437 3242 179 150 ita
539 3242 281 150 finiter
743 3242 306 150 crederet
972 3242 255 150 dyalio
1151 3242 230 150 sicut
1304 3242 179 150 deo

427 3315 186 158 nam
534 3315 292 158 fidelis
746 3315 266 158 licite
933 3315 372 158 aequfinter
1225 3315 239 158 cedit

1558 393 177 136 quod
1668 393 199 136 dyaus
1801 393 154 136 non
1889 393 287 136 operateus
2110 393 199 136 sicut
2242 393 177 136 quod
2352 393 177 136 deus
2463 393 154 136 est

1567 480 224 110 operis
1723 480 269 110 sequitur
1925 480 201 110 etiam
2059 480 179 110 quod
2171 480 201 110 eidem
2305 480 313 110 assentiret

1559 542 161 136 et
1640 542 401 136 dissentiret
1961 542 241 136 sicut
2121 542 161 136 in
2202 542 455 136 confirmatione

1560 627 173 110 3ae
1659 627 296 110 rationis
1881 627 346 110 oppinionis
2153 627 296 110 recitate
2376 627 148 110 de
2425 627 173 110 clara

1558 697 259 109 batur
1731 697 259 109 omnia
1903 697 259 109 autem
2075 697 230 109 haec
2219 697 230 109 sunt
2363 697 316 109 absunda

1571 764 201 114 quares
1711 764 141 114 etc
1792 764 100 114 ¶
1832 764 120 114 3a
1892 764 261 114 conclusio
2093 764 241 114 probatur
2274 764 181 114 primo
2394 764 161 114 quia
2495 764 141 114 vel

1561 822 267 125 obiectum
1761 822 289 125 scientiae
1984 822 223 125 totale
2139 822 156 125 est
2228 822 289 125 conclusio
2451 822 156 125 vel

1567 904 224 112 tota
1707 904 364 112 demonstro
1987 904 196 112 vel
2099 904 196 112 res
2211 904 252 112 extra
2379 904 196 112 vel
2463 904 140 112 sig

1588 973 229 107 ficatum
1755 973 208 107 totale
1900 973 354 107 propositionis
2191 973 146 107 vel
2275 973 312 107 conclusioni

1574 1038 143 132 sed
1655 1038 143 132 non
1737 1038 265 132 conclusio
1941 1038 122 132 ut
2002 1038 183 132 prius
2124 1038 245 132 probatum
2308 1038 143 132 est
2389 1038 143 132 nec
2471 1038 163 132 tota

1570 1102 275 129 demonstro
1782 1102 191 129 sicut
1909 1102 254 129 aequidem
2099 1102 233 129 probari
2268 1102 212 129 potest
2417 1102 148 129 nec
2501 1102 127 129 et

1572 1189 133 99 res
1648 1189 172 99 extra
1763 1189 114 99 ut
1820 1189 172 99 patet
1934 1189 114 99 ex
1991 1189 114 99 2a
2048 1189 286 99 conclusione
2277 1189 152 99 neco
2372 1189 267 99 sigficater

1574 1268 243 110 omnium
1744 1268 365 110 proposionum
2036 1268 146 110 de
2109 1268 340 110 mosttionis
2376 1268 195 110 quia
2498 1268 146 110 ut

1568 1325 241 122 infra
1729 1325 375 122 praetelunt
2023 1325 187 122 non
2130 1325 241 122 eodem
2291 1325 214 122 actu
2398 1325 187 122 cogno

1585 1388 195 124 scimur
1722 1388 176 124 omnia
1840 1388 156 124 ergo
1937 1388 313 124 significatum
2191 1388 195 124 totale
2328 1388 313 124 conclusionis

1581 1470 109 127 ¶
1625 1470 131 127 2o
1690 1470 174 127 idem
1799 1470 152 127 est
1886 1470 261 127 obiectum
2082 1470 283 127 scientiae
2299 1470 131 127 et
2364 1470 261 127 assensus

1578 1544 385 115 scientialis
1886 1544 205 115 sive
2014 1544 308 115 assensus
2245 1544 179 115 sic
2348 1544 308 115 scientia

1577 1622 211 111 sive
1708 1622 421 111 distinguatur
2051 1622 184 111 nam
2156 1622 237 111 eidem
2314 1622 211 111 quod
2446 1622 211 111 quis

1566 1696 202 111 scit
1692 1696 304 111 assentit
1920 1696 177 111 sed
2021 1696 304 111 obiectum
2249 1696 278 111 assesus
2426 1696 177 111 scien

1577 1793 189 99 tialis
1709 1793 132 99 est
1785 1793 303 99 significatum
2031 1793 303 99 conclusionis
2277 1793 113 99 ei
2333 1793 151 99 enim
2428 1793 227 99 assentit

1574 1849 147 117 quis
1666 1849 166 117 hbens
1776 1849 110 117 de
1831 1849 295 117 mostrationem
2071 1849 147 117 quod
2163 1849 258 117 significat
2365 1849 239 117 conclusio

1562 1919 330 96 demronis
1809 1919 220 96 unde
1946 1919 275 96 habens
2138 1919 522 96 demonstrationem

1562 1994 216 119 quod
1697 1994 243 119 super
1860 1994 271 119 lineam
2049 1994 298 119 finitam
2265 1994 162 119 et
2346 1994 189 119 cum
2428 1994 189 119 assen

1577 2071 143 87 su
1649 2071 382 87 scntientiali
1959 2071 286 87 assentit
2173 2071 143 87 et
2245 2071 239 87 credit
2412 2071 215 87 ipsum

1576 2147 149 114 quod
1669 2147 241 114 significa
1855 2147 241 114 conclusio
2041 2147 149 114 ista
2133 2147 111 114 et
2189 2147 149 114 idem
2282 2147 130 114 est
2356 2147 111 114 de
2412 2147 241 114 quocumque

1555 2229 219 110 alio
1692 2229 247 110 asses
1856 2229 219 110 sive
1993 2229 247 110 fidei
2158 2229 219 110 sive
2295 2229 357 110 opinionis

1577 2299 150 108 per
1662 2299 171 108 ilum
1769 2299 171 108 enim
1877 2299 257 108 creditur
2069 2299 193 108 illud
2198 2299 171 108 quod
2305 2299 343 108 percomplexum

1558 2376 294 111 conforme
1779 2376 368 111 signficatur
2073 2376 196 111 unde
2196 2376 221 111 sicut
2343 2376 172 111 per
2441 2376 221 111 istam

1569 2445 183 105 deus
1684 2445 160 105 est
1775 2445 321 105 omnipotens
2027 2445 344 105 signifiatur
2302 2445 183 105 deum
2417 2445 183 105 esse
2509 2445 137 105 omni

1561 2528 371 91 potentem
1840 2528 217 91 sic
1963 2528 340 91 fidelis
2211 2528 309 91 credit
2427 2528 248 91 deum

1568 2579 221 83 esse
1706 2579 442 83 omnipotentem
2065 2579 166 83 et
2148 2579 193 83 ita
2259 2579 166 83 de
2342 2579 249 83 aliis
2480 2579 110 83 co

1572 2642 283 106 similiter
1790 2642 131 106 et
1855 2642 131 106 ex
1920 2642 152 106 hoc
2007 2642 152 106 vul
2095 2642 218 106 terius
2247 2642 196 106 patet
2377 2642 174 106 quid
2486 2642 152 106 est

1576 2715 290 106 obiectum
1793 2715 314 106 theogacum
2035 2715 169 106 nam
2132 2715 218 106 illud
2277 2715 218 106 ipsum
2422 2715 193 106 quod

1579 2783 126 127 est
1651 2783 289 127 significatum
1886 2783 180 127 totale
2012 2783 271 127 theologicae
2228 2783 307 127 propositionis
2481 2783 144 127 haec

1580 2858 212 113 sunt
1712 2858 238 113 verba
1871 2858 318 113 formalia
2109 2858 265 113 istius
2294 2858 371 113 oppinionis

1570 2935 132 120 ¶
1622 2935 185 120 Sed
1728 2935 291 120 quamvis
1939 2935 211 120 ista
2072 2935 291 120 oppinio
2283 2935 185 120 sit
2389 2935 264 120 multum

1573 3004 223 124 famosa
1729 3004 201 124 ienri
1863 3004 201 124 tamen
1997 3004 156 124 non
2086 3004 268 124 appatret
2287 3004 179 124 vera
2398 3004 223 124 tantum

1598 3071 212 122 propter
1752 3071 174 122 dicta
1868 3071 116 122 in
1926 3071 116 122 se
1984 3071 232 122 potsibia
2157 3071 174 122 tamen
2273 3071 212 122 propter
2428 3071 251 122 inplicata

1583 3141 177 104 cum
1684 3141 151 104 2t
1759 3141 278 104 propter
1961 3141 227 104 multa
2113 3141 454 104 inconvenientia
2491 3141 151 104 ad

1571 3222 246 113 ipsam
1734 3222 355 113 sequentia
2007 3222 191 113 nec
2116 3222 327 113 rationes
2362 3222 218 113 eius
2471 3222 109 113 co

1576 3274 259 138 cludunt
1765 3274 259 138 pronera
1953 3274 165 138 sua
2047 3274 353 138 conclusione
2330 3274 165 138 non
2424 3274 235 138 quidem
