2964 4344
557 411 770 105 editlilbuligiltd
1212 411 423 105 deltris

531 478 197 117 o
610 478 434 117 begdnda
926 478 197 117 l
1005 478 316 117 gade
1202 478 197 117 ¶
1281 478 355 117 Eitra

533 549 412 124 3o
739 549 619 124 ntlis
1152 549 344 124 ¶
1289 549 344 124 E

511 620 183 110 aum
615 620 157 110 et
694 620 157 110 3o
772 620 288 110 ndogtus
982 620 262 110 nlilis
1165 620 262 110 itatis
1348 620 131 110 ¶
1400 620 131 110 ¶
1452 620 131 110 o
1505 620 131 110 m

511 699 144 103 /
569 699 289 103 Snorum
771 699 144 103 3
829 699 260 103 inanl
1002 699 144 103 d
1060 699 144 103 a
1118 699 376 103 graditata
1407 699 231 103 giti

535 754 113 111 t
580 754 248 111 ooninum
760 754 113 111 /
806 754 135 111 am
873 754 180 111 dnta
986 754 158 111 itu
1076 754 316 111 hitaliaris
1324 754 113 111 ¶
1369 754 113 111 E
1414 754 158 111 tii
1482 754 90 111 un

506 811 430 123 llbiboit
864 811 358 123 untnde
1115 811 215 123 ls
1222 811 179 123 d
1294 811 215 123 do
1401 811 179 123 ¶
1437 811 143 123 Ad

512 896 339 98 prosioem
766 896 170 98 nh
851 896 311 98 derilum
1077 896 283 98 dventa
1275 896 141 98 ¶
1332 896 198 98 lqr
1445 896 170 98 ta

508 966 243 98 nayx
660 966 334 98 feruide
872 966 152 98 ips

644 1022 147 79 itus
736 1022 295 79 sententiarum
975 1022 129 79 tam

493 1092 189 117 ri
587 1092 283 117 optim
776 1092 189 117 ut
870 1092 315 117 fliuum

527 1167 207 99 mus
646 1167 325 99 quatuor
882 1167 237 99 adei
1030 1167 266 99 mnaum

500 1256 327 68 pamari
729 1256 327 68 intime
957 1256 196 68 ut
1055 1256 163 68 ¶
1121 1256 229 68 oni

528 1293 135 94 1s
595 1293 135 94 3o
662 1293 157 94 lis
752 1293 135 94 de
819 1293 292 94 clarativa
1043 1293 157 94 uti
1133 1293 202 94 patet

515 1363 206 105 lari
644 1363 231 105 ferum
798 1363 154 105 de
875 1363 180 105 utm
978 1363 283 105 sdeptus
1183 1363 154 105 3m

504 1449 317 73 pamari
726 1449 348 73 intinie
979 1449 253 73 utrm
1137 1449 285 73 tonum

516 1492 301 111 morari
726 1492 361 111 opertime
997 1492 301 111 iuteru
1208 1492 150 111 ¶
1268 1492 180 111 qd

516 1571 236 99 itatis
682 1571 236 99 dicend
847 1571 212 99 sibis
989 1571 212 99 verba
1130 1571 354 99 propositams

543 1629 230 126 perse
696 1629 179 126 uda
799 1629 230 126 vltum
952 1629 307 126 terminum
1182 1629 153 126 de
1259 1629 230 126 paens

504 1691 165 108 es
586 1691 137 108 2
641 1691 165 108 In
723 1691 302 108 queibus
943 1691 275 108 verbis
1135 1691 385 108 dignitauem

491 1756 172 121 libr
599 1756 129 121 et
664 1756 215 121 textus
815 1756 345 121 sentetiarius
1095 1756 237 121 tangrur
1267 1756 237 121 quibues
1418 1756 86 121 ad

490 1829 160 116 e
554 1829 288 116 atuor
746 1829 320 116 causas
970 1829 224 116 nam
1098 1829 448 116 trageotius

607 1892 442 105 declarativa
961 1892 177 105 ut
1049 1892 265 105 ymago
1226 1892 324 105 priorum

563 1960 144 107 3d
635 1960 168 107 quo
731 1960 144 107 ad
803 1960 240 107 primum
971 1960 192 107 quia
1091 1960 240 107 vultum
1259 1960 216 107 vidit

589 2012 201 125 nam
704 2012 317 125 quastur
934 2012 288 125 dultum
1136 2012 201 125 dei
1251 2012 288 125 mpeitr

505 2045 314 163 distinctiones
763 2045 222 163 aesmalis
929 2045 92 163 /
966 2045 240 163 effectiva
1151 2045 111 163 ut
1206 2045 203 163 oligios
1354 2045 240 163 pecectasi

489 2149 220 127 quni
626 2149 137 127 /
681 2149 137 127 m
736 2149 192 127 quo
846 2149 165 127 ad
928 2149 165 127 2m
1011 2149 192 127 nos
1120 2149 220 127 enim
1230 2149 330 127 propriilis

501 2239 221 97 quis
640 2239 166 97 et
723 2239 249 97 omnes
889 2239 277 97 pastis
1082 2239 166 97 2t
1165 2239 221 97 pars
1303 2239 332 97 Abapatia

514 2297 423 103 pibiectiva
846 2297 181 103 ut
937 2297 393 103 comperago
1239 2297 302 103 unitas
1421 2297 151 103 gda

502 2364 345 89 abuntur
752 2364 313 89 faciem
972 2364 251 89 tuam
1128 2364 345 89 Iohanes
1379 2364 188 89 2a
1442 2364 125 89 fi

496 2416 277 101 nalis
681 2416 185 101 et
773 2416 400 101 commetata
1081 2416 185 101 ut
1174 2416 369 101 vamigons
1420 2416 123 101 bo

505 2500 168 94 1
573 2500 168 94 5
640 2500 269 94 quia
808 2500 303 94 omnes
1010 2500 236 94 quo
1145 2500 202 94 ad
1246 2500 370 94 quartum

497 2547 288 117 illinabo
713 2547 216 117 omnes
857 2547 360 117 specriantes
1144 2547 144 117 in
1216 2547 264 117 dominuo
1384 2547 96 117 Ec

529 2625 170 107 Ex
614 2625 227 107 illo
756 2625 199 107 est
869 2625 142 107 ¶
926 2625 397 107 processium
1238 2625 340 107 sligoris

519 2691 254 113 ultrum
697 2691 254 113 gereus
875 2691 483 113 venerendissimum
1282 2691 153 113 in
1358 2691 229 113 primo

479 2753 269 107 libro
658 2753 269 107 prima
837 2753 298 107 vultum
1046 2753 209 107 lux
1166 2753 298 107 vultus
1345 2753 149 107 mei

497 2823 173 104 nde
596 2823 223 104 cadet
745 2823 273 104 quaobes
943 2823 198 104 dxiu
1067 2823 149 104 Ex
1141 2823 149 104 2o
1216 2823 124 104 1
1265 2823 124 104 ¶
1315 2823 248 104 factum

466 2889 311 101 ligois
684 2889 280 101 actum
870 2889 342 101 fundens
1088 2889 404 101 dignissimui

484 2977 115 94 in
541 2977 115 94 2o
599 2977 230 94 terminum
772 2977 249 94 regnaniur
963 2977 211 94 omnrium
1117 2977 269 94 saeculorum
1328 2977 153 94 pars
1424 2977 153 94 ieus

543 3029 113 108 3
589 3029 159 108 est
679 3029 340 108 ensformatis
951 3029 113 108 /
997 3029 249 108 AEdoris
1178 3029 249 108 electum
1360 3029 227 108 habens

617 3098 292 109 ctissiumum
868 3098 125 109 3o
930 3098 125 109 se
993 3098 125 109 re
1056 3098 209 109 reutur
1202 3098 188 109 ipsum
1327 3098 209 109 gentes

528 3165 295 105 poteatur
750 3165 270 105 syssuus
946 3165 148 105 25
1020 3165 148 105 ex
1094 3165 123 105 4
1143 3165 172 105 est
1242 3165 270 105 Supatio
1414 3165 98 105 va

455 3225 229 121 loris
607 3225 229 121 ferem
759 3225 254 121 ferens
937 3225 330 121 pigissium
1191 3225 152 121 in
1267 3225 152 121 eo
1343 3225 229 121 omnes

464 3292 237 122 iusti
621 3292 210 122 sint
753 3292 237 122 omnes
911 3292 263 122 proben
1094 3292 131 122 6
1147 3292 289 122 inprimo
1357 3292 210 122 rese

468 3371 178 111 rat
569 3371 152 111 ut
645 3371 228 111 loyca
798 3371 355 111 claritatis
1077 3371 355 111 veritatate
1356 3371 203 111 quia

520 3436 235 133 uiltumd
691 3436 257 133 taptilus
883 3436 235 133 hominis
1054 3436 192 133 licet
1182 3436 128 133 in
1246 3436 214 133 vultum
1375 3436 128 133 eius

1873 381 127 153 ¶
1923 381 127 153 n
1974 381 153 153 2o
2051 381 280 153 explica
2254 381 153 153 ut
2331 381 356 153 philosopha
2610 381 254 153 evcius

1725 483 291 107 proprie
1936 483 238 107 rimum
2095 483 291 107 terminu
2307 483 212 107 tibi
2439 483 318 107 maneorit
2651 483 106 107 da

1714 546 269 87 melis
1893 546 299 87 quarto
2102 546 239 87 neum
2252 546 328 87 regulat
2490 546 179 87 ut
2580 546 239 87 etum

1715 610 182 103 ca
1806 610 545 103 morihomestatem
2260 610 515 103 depercabuntur
2654 610 121 103 de

1715 680 405 112 praecaventurm
2049 680 238 112 vultum
2216 680 167 112 dei
2335 680 262 112 alatcis
2526 680 143 112 il
2597 680 143 112 no
2669 680 143 112 mo

1706 748 292 117 fhediat
1919 748 159 117 ut
1999 748 345 117 theologia
2264 748 292 117 hominum
2476 748 319 117 solicita
2715 748 133 117 /

1704 820 293 110 prmens
1909 820 146 110 m
1967 820 322 110 grnetes
2202 820 410 110 planditate
2524 820 293 110 mailis

1708 891 243 112 sncens
1878 891 146 112 4¶
1950 891 243 112 Eribus
2120 891 243 112 igitur
2290 891 267 112 ultinis
2484 891 340 112 reservatis

1692 981 151 93 de
1767 981 251 93 primmo
1943 981 151 93 ad
2019 981 277 93 praesns
2220 981 277 93 modicum
2421 981 226 93 dicam
2572 981 151 93 in
2647 981 176 93 quo

1712 1031 295 116 peaugotinis
1948 1031 256 116 ilitandem
2145 1031 138 116 lib
2224 1031 315 116 sententiarum
2479 1031 177 116 causa
2597 1031 236 116 formalis

1687 1105 471 115 declaratia
2058 1105 202 115 ut
2159 1105 269 115 mago
2327 1105 438 115 deritatis
2630 1105 135 115 ex

1720 1177 237 116 sintra
1886 1177 119 116 ¶
1934 1177 285 116 iligoris
2148 1177 237 116 vultum
2314 1177 237 116 gerens
2480 1177 332 116 Rreverendi

1701 1247 260 115 ssium
1874 1247 173 115 ex
1961 1247 202 115 quo
2077 1247 318 115 referat
2308 1247 173 115 ut
2394 1247 260 115 loyca
2539 1247 231 115 verita

1690 1317 373 114 tibclaitante
1993 1317 140 114 et
2063 1317 163 114 hoc
2156 1317 163 114 cum
2249 1317 256 114 dicitur
2435 1317 233 114 vultum
2599 1317 140 114 et
2668 1317 163 114 hoc

1693 1389 190 116 Seo
1801 1389 244 116 quiam
1964 1389 352 116 yapientia
2234 1389 298 116 hominis
2451 1389 190 116 luc
2559 1389 162 116 in
2641 1389 217 116 ului

1701 1456 253 99 erminus
1885 1456 115 99 /
1931 1456 184 99 Sooi
2047 1456 346 99 advertendum
2323 1456 184 99 quam
2438 1456 138 99 in
2507 1456 207 99 libro
2646 1456 184 99 suum

1690 1520 166 115 rum
1785 1520 213 115 ¶ioem
1927 1520 308 115 sapientia
2164 1520 284 115 amagitri
2376 1520 213 115 peter
2518 1520 213 115 doiui
2660 1520 142 115 et

1694 1588 192 120 ¶us
1803 1588 165 120 pr
1886 1588 302 120 amensus
2105 1588 302 120 tamquam
2324 1588 247 120 meius
2489 1588 274 120 vultum
2653 1588 110 120 un

1702 1657 111 112 ¶
1746 1657 156 112 Sri
1835 1657 289 112 benedunte
2057 1657 222 112 potest
2213 1657 244 112 maister
2391 1657 156 112 mea
2479 1657 156 112 hoc
2568 1657 222 112 sacrae

1695 1729 292 115 factau
1899 1729 408 115 vnivisitas
2220 1729 204 115 vir
2337 1729 204 115 dei
2453 1729 263 115 venit
2628 1729 175 115 ad

1702 1783 189 127 sme
1810 1783 243 127 Rltus
1972 1783 270 127 habens
2161 1783 351 127 angelitum
2431 1783 297 127 Iudicum
2647 1783 162 127 13

1688 1854 291 128 Senea
1882 1854 324 128 vultus
2108 1854 226 128 hic
2238 1854 226 128 non
2367 1854 226 128 est
2497 1854 291 128 hbena

1687 1937 185 126 sed
1792 1937 369 126 angelitens
2082 1937 211 126 quia
2214 1937 237 126 ipsum
2372 1937 264 126 facere
2557 1937 185 126 est
2636 1937 79 126 a

1657 2010 284 108 diviuta
1864 2010 129 108 ¶
1915 2010 309 108 cuandere
2147 2010 155 108 ad
2225 2010 206 108 opus
2353 2010 232 108 ultra
2508 2010 232 108 vires
2663 2010 155 108 et

1690 2080 324 126 aceipement
1944 2080 139 126 in
2013 2080 162 126 suo
2106 2080 254 126 prologo
2291 2080 347 126 testimoniti
2568 2080 208 126 licet

1680 2152 216 116 tris
1815 2152 270 116 tondus
2004 2152 270 116 vultus
2193 2152 216 116 dici
2327 2152 270 116 posset
2516 2152 270 116 regine
2678 2152 81 116 ¶

1690 2224 121 127 ¶
1738 2224 217 127 unter
1883 2224 169 127 soe
1979 2224 338 127 scripturae
2245 2224 193 127 quam
2365 2224 193 127 amai
2486 2224 217 127 omnis
2606 2224 169 127 haere

1669 2305 249 117 ticus
1835 2305 249 117 eunie
2001 2305 194 117 non
2112 2305 332 117 sustinet
2361 2305 277 117 hostem
2555 2305 138 117 1
2610 2305 166 117 et
2665 2305 111 117 ia

1665 2377 187 125 de
1758 2377 249 125 opro
1914 2377 312 125 posset
2133 2377 187 125 ex
2226 2377 249 125 poni
2382 2377 281 125 illud
2569 2377 156 125 e
2631 2377 156 125 4

1681 2459 235 106 faties
1845 2459 164 106 uni
1939 2459 211 106 tamen
2079 2459 328 106 sunfcunter
2337 2459 235 106 primus
2501 2459 188 106 libr
2619 2459 164 106 est

1668 2532 287 120 Sultus
1869 2532 258 120 reseo
2041 2532 287 120 cotore
2241 2532 344 120 perfusus
2499 2532 258 120 haest

1659 2606 134 109 Se
1726 2606 156 109 hod
1815 2606 223 109 vultum
1971 2606 290 109 scribitur
2194 2606 156 109 pro
2284 2606 179 109 enim
2395 2606 134 109 2i
2462 2606 312 109 diligerent

1672 2665 337 93 lignoscere
1936 2665 240 93 vultum
2105 2665 144 93 et
2177 2665 168 93 hoc
2273 2665 192 93 ideo
2393 2665 192 93 quia
2490 2665 216 93 tempore

1679 2754 261 105 SGeonta
1869 2754 380 105 repraesentat
2178 2754 380 105 idemptitatem
2487 2754 309 105 naturalem

1668 2811 277 115 Suam
1841 2811 519 115 emanationem
2256 2811 173 115 a
2325 2811 277 115 pima
2498 2811 311 115 usque

1655 2883 159 107 ¶
1719 2883 191 107 gm
1814 2883 476 107 tavidentiam
2195 2883 254 107 prie
2354 2883 445 107 cordinabem

1658 2958 209 103 udr
1778 2958 597 103 sanctificationem
2285 2958 149 103 7
2345 2958 179 103 14
2434 2958 269 103 usque
2614 2958 179 103 ad

1666 3018 139 111 ¶
1722 3018 167 111 Ad
1805 3018 444 111 Eeunalitatem
2166 3018 333 111 divinale
2416 3018 250 111 inime
2555 3018 111 111 an

1659 3086 126 118 ¶
1709 3086 151 118 em
1785 3086 126 118 a
1835 3086 202 118 ilus
1961 3086 227 118 usque
2113 3086 151 118 ad
2188 3086 151 118 et
2264 3086 177 118 2am
2365 3086 404 118 proprietatem

1641 3158 264 120 cots
1806 3158 165 120 ¶
1872 3158 429 120 ¶rdeariam
2202 3158 561 120 applicationem

1642 3230 242 128 anae
1793 3230 303 128 gusque
2005 3230 182 128 ad
2096 3230 212 128 3am
2217 3230 484 128 profunditate
2580 3230 151 128 ibi

1651 3308 292 124 ssante
1855 3308 175 124 pr
1943 3308 292 124 spicua
2148 3308 438 124 cognitionem
2498 3308 146 124 a
2557 3308 175 124 35
2615 3308 117 124 uf

1640 3374 174 114 qu
1727 3374 174 114 ad
1814 3374 319 114 gregore
2046 3374 435 114 Inmensitate
2393 3374 377 114 vigoralem

1646 3432 293 110 effictia
1865 3432 122 110 s
1939 3432 342 110 volutionem
2208 3432 220 110 usque
2354 3432 147 110 ad
2427 3432 220 110 finem
2574 3432 147 110 In
2623 3432 122 110 pri
