2964 4166
382 370 173 145 non
481 370 247 145 quodem
654 370 173 145 pro
753 370 223 145 prima
902 370 124 145 ¶
951 370 198 145 umem
1075 370 173 145 cum
1174 370 247 145 arguit

374 473 104 110 si
426 473 173 110 contra
547 473 156 110 esset
651 473 208 110 obiectum
807 473 225 110 scientiae
980 473 173 110 epitur
1101 473 208 110 quilibet
1240 473 104 110 actu

385 542 201 95 sciens
526 542 121 95 et
586 542 181 95 critu
707 542 161 95 acum
808 542 342 95 apprehenderet
1090 542 322 95 conclusionem

388 618 204 102 suae
515 618 153 102 de
591 618 408 102 mostrationis
922 618 255 102 posset
1101 618 153 102 un
1177 618 204 102 modo
1279 618 102 102 di

390 681 100 106 ci
440 681 184 106 negando
574 681 284 106 consequentiam
808 681 134 106 quia
891 681 134 106 iste
974 681 200 106 terminus
1125 681 217 106 contrusio
1292 681 117 106 est

382 760 263 105 trinus
566 760 368 105 connotivus
855 760 158 105 et
934 760 210 105 quia
1065 760 289 105 ponitur
1275 760 131 105 a

391 836 226 104 parte
542 836 226 104 parti
692 836 251 104 connot
868 836 226 104 sicut
1019 836 176 104 non
1120 836 302 104 sequitur

372 890 234 118 iste
518 890 438 118 apprehendit
868 890 234 118 actu
1014 890 292 118 petrum
1219 890 204 118 qui

376 968 173 106 est
475 968 272 106 propria
673 968 198 106 ergo
797 968 371 106 apprehendit
1094 968 297 106 propriam

380 1041 146 107 sic
464 1041 146 107 non
547 1041 250 107 sequitur
735 1041 146 107 hic
818 1041 167 107 iste
922 1041 188 107 habet
1047 1041 334 107 conclusionem

385 1112 151 107 actu
480 1112 132 107 pro
555 1112 208 107 obiecto
706 1112 189 107 igitur
838 1112 151 107 actu
933 1112 283 107 apprehendit
1159 1112 245 107 contrusio

382 1184 194 96 potest
518 1184 175 96 patet
634 1184 311 96 consequentia
887 1184 156 96 nona
984 1184 194 96 valere
1120 1184 97 96 ¶
1159 1184 156 96 Alio
1256 1184 156 96 modo

383 1254 173 115 potest
504 1254 138 115 dici
590 1254 190 115 concedo
728 1254 242 115 consequens
919 1254 207 115 scilicet
1074 1254 138 115 quod
1161 1254 138 115 actu
1230 1254 138 115 sciens

373 1313 131 128 et
439 1313 175 128 ctra
548 1313 175 128 actu
658 1313 328 128 apprehendit
920 1313 175 128 suam
1030 1313 350 128 conclusionem

368 1393 144 118 Et
440 1393 144 118 ad
512 1393 144 118 in
584 1393 361 118 probationes
873 1393 265 118 dicitur
1065 1393 192 118 quod
1186 1393 168 118 non
1258 1393 96 118 va

371 1469 214 119 libet
514 1469 357 119 consequntia
800 1469 190 119 iste
919 1469 167 119 non
1014 1469 262 119 cogitat
1204 1469 190 119 suam

371 1531 289 132 conclusionem
606 1531 145 132 esse
697 1531 289 132 conclusionem
932 1531 181 132 igitur
1058 1531 127 132 non
1131 1531 181 132 cogita
1257 1531 109 132 de
1294 1531 72 132 fu

359 1608 96 121 a
397 1608 288 121 conclusione
628 1608 135 121 vel
705 1608 115 121 in
762 1608 211 121 terinis
916 1608 231 121 propriis
1089 1608 135 121 non
1166 1608 231 121 sequitur

358 1670 169 130 iste
463 1670 148 130 non
548 1670 316 130 apprehendit
801 1670 337 130 conclusionem
1075 1670 169 130 quod
1180 1670 148 130 sic
1244 1670 84 130 co

353 1754 205 129 igitur
497 1754 144 129 non
579 1754 308 129 apprehendit
825 1754 164 129 suam
928 1754 328 129 conclusionem
1194 1754 185 129 patet

350 1830 297 108 expresse
573 1830 173 108 nam
672 1830 297 108 arguitur
894 1830 148 108 ab
968 1830 321 108 inferiori
1215 1830 148 108 ad

359 1904 326 99 superius
604 1904 354 99 negatione
876 1904 299 99 pposita
1093 1904 190 99 ubi
1202 1904 190 99 non

340 1973 199 117 valet
472 1973 353 117 consequentia
759 1973 154 117 nam
847 1973 132 117 in
914 1973 177 117 plus
1024 1973 132 117 se
1090 1973 199 117 habet
1201 1973 154 117 aprae

359 2039 248 119 preheudere
554 2039 284 119 conclusionem
785 2039 142 119 quom
873 2039 284 119 apprehendere
1104 2039 266 119 conclusionm

343 2117 169 107 esse
449 2117 339 107 conclusionem
724 2117 275 107 similiter
936 2117 148 107 non
1020 2117 254 107 sequitur
1211 2117 169 107 iste

353 2187 323 124 apprehendit
611 2187 172 124 suam
718 2187 344 124 conclusionem
998 2187 215 124 igitur
1148 2187 258 124 apprehen

342 2250 159 112 dit
433 2250 159 112 eam
524 2250 182 112 esse
638 2250 364 112 conclusionem
933 2250 182 112 quia
1047 2250 273 112 arguitur
1252 2250 114 112 a

347 2317 303 133 superiori
580 2317 140 133 ad
650 2317 280 133 inferius
860 2317 350 133 affirmative
1139 2317 187 133 sive
1233 2317 93 133 di

336 2388 282 121 stributione
562 2388 132 121 ubi
637 2388 301 121 consequentia
882 2388 169 121 valet
995 2388 132 121 nam
1070 2388 132 121 non
1146 2388 226 121 sequitur

355 2474 137 88 al
424 2474 251 88 eigitur
606 2474 228 88 igitur
766 2474 182 88 homo
880 2474 205 88 citur
1017 2474 160 88 Cum
1108 2474 274 88 confirma

348 2536 207 117 ratio
486 2536 138 117 si
555 2536 391 117 apprehendatur
878 2536 161 117 vel
970 2536 414 117 appreohendetur

319 2613 197 107 etc
431 2613 225 107 dico
572 2613 225 107 quod
712 2613 422 107 apprehendit
1050 2613 253 107 eodem
1190 2613 169 107 actu

339 2679 180 127 quo
442 2679 257 127 format
622 2679 180 127 eam
725 2679 128 127 ¶
776 2679 231 127 utrum
930 2679 180 127 aut
1033 2679 231 127 talis
1187 2679 231 127 sicud

316 2751 219 112 sic
441 2751 439 112 intellecti
786 2751 407 112 intelligu
1099 2751 219 112 vel
1193 2751 125 112 no

326 2830 245 115 titia
489 2830 381 115 iudiciaria
788 2830 190 115 non
897 2830 218 115 curo
1033 2830 190 115 pro
1142 2830 218 115 nunc

328 2916 135 97 et
395 2916 157 97 per
485 2916 157 97 hoc
574 2916 202 97 patet
709 2916 180 97 quod
821 2916 157 97 non
911 2916 180 97 bene
1023 2916 247 97 dicitur
1203 2916 157 97 Cum

322 2968 225 119 dicit
472 2968 150 119 si
547 2968 175 119 sit
648 2968 351 119 iudiciaria
923 2968 200 119 quod
1048 2968 200 119 tunc
1174 2968 225 119 nulla

325 3039 185 126 sit
430 3039 212 126 alia
563 3039 265 126 enismi
748 3039 212 126 alia
881 3039 185 126 qua
987 3039 397 126 cognoscitur

322 3118 272 114 conclusio
531 3118 167 114 esse
636 3118 272 114 conformis
845 3118 146 114 rei
929 3118 146 114 seu
1012 3118 167 114 esse
1117 3118 167 114 vera
1222 3118 167 114 quia

318 3188 231 131 dico
463 3188 231 131 quod
607 3188 231 131 illa
752 3188 260 131 eadem
925 3188 463 131 apprhensione

313 3267 216 135 qua
437 3267 463 135 apprehendit
807 3267 401 135 fortionem
1115 3267 278 135 talis

1511 389 381 133 conclusionis
1820 389 214 133 eadem
1963 389 428 133 apprehensionem
2320 389 285 133 apprehen

1518 461 147 143 dit
1602 461 337 143 conclusionem
1876 461 147 143 per
1960 461 147 143 hoc
2044 461 189 143 patet
2170 461 442 143 satissufficienter

1519 537 141 122 ad
1589 537 234 122 primum
1753 537 164 122 vel
1847 537 211 122 etiam
1987 537 234 122 posset
2151 537 188 122 dici
2269 537 188 122 quod
2386 537 211 122 eadem

1514 606 265 110 esset
1690 606 441 110 approhensio
2043 606 206 110 qua
2161 606 441 110 cognoscitur

1524 700 138 94 vel
1603 700 336 94 apprehenditur
1880 700 158 94 ista
1979 700 257 94 conclusio
2176 700 158 94 esse
2275 700 257 94 conformis

1516 750 156 119 rei
1605 750 134 119 Et
1672 750 156 119 cum
1761 750 245 119 dicitur
1939 750 178 119 quod
2050 750 223 119 certum
2206 750 156 119 sit
2295 750 178 119 quod
2407 750 156 119 non

1515 817 314 102 quilibet
1750 817 157 102 de
1829 817 340 102 monstrans
2091 817 236 102 habet
2248 817 236 102 talem
2405 817 183 102 non

1514 883 233 105 titiam
1677 883 140 105 de
1747 883 163 105 sua
1840 883 350 105 conclusione
2121 883 140 105 ut
2191 883 210 105 patet
2331 883 210 105 degeo

1523 950 175 115 metur
1639 950 117 115 et
1698 950 214 115 meditio
1853 950 156 115 dico
1950 950 156 115 quod
2048 950 233 115 quilibet
2223 950 117 115 de
2281 950 292 115 conclusione

1506 1029 226 102 talem
1656 1029 226 102 habet
1807 1029 301 102 notitiam
2033 1029 226 102 licet
2183 1029 176 102 non
2283 1029 251 102 habeat

1498 1082 197 119 tale
1622 1082 148 119 de
1696 1082 173 119 sua
1794 1082 370 119 conclusione
2090 1082 197 119 quia
2214 1082 173 119 nec
2312 1082 148 119 ad
2362 1082 123 119 geo

1511 1150 277 121 metum
1696 1150 216 121 nec
1819 1150 185 121 ad
1912 1150 339 121 medicum
2158 1150 308 121 sprtat
2343 1150 154 121 con

1512 1218 277 109 siderare
1720 1218 139 109 de
1789 1218 346 109 conclusione
2066 1218 139 109 ut
2136 1218 162 109 sic
2228 1218 162 109 sed
2320 1218 139 109 ad
2367 1218 115 109 loy

1506 1280 159 119 cum
1597 1280 205 119 licet
1734 1280 136 119 ad
1802 1280 296 119 quodlibet
2029 1280 296 119 artificem
2257 1280 227 119 spitet
2393 1280 91 119 de

1511 1355 169 101 sua
1608 1355 363 101 conclusione
1898 1355 363 101 considerare
2188 1355 145 101 Et
2261 1355 169 101 hoc
2358 1355 218 101 indut

1494 1419 269 93 velle
1674 1419 329 93 antiqui
1913 1419 269 93 loyca
2093 1419 180 93 et
2183 1419 359 93 doctores

1498 1492 500 103 distinguentes
1910 1492 177 103 de
1998 1492 324 103 duplici
2234 1492 265 103 loyca
2381 1492 88 103 u

1492 1557 239 107 nam
1628 1557 409 107 vocabant
1935 1557 443 107 virtentem
2276 1557 307 107 aliam

1497 1632 318 102 scientem
1736 1632 186 102 vel
1842 1632 239 102 etiam
2002 1632 186 102 una
2108 1632 186 102 est
2214 1632 345 102 naturalis

1507 1717 175 94 alia
1617 1717 351 94 artificialis
1901 1717 153 94 per
1989 1717 153 94 hoc
2077 1717 219 94 iterum
2230 1717 197 94 patet
2362 1717 175 94 quid

1503 1770 292 127 dicendum
1721 1770 146 127 ad
1794 1770 146 127 2m
1867 1770 340 127 principale
2134 1770 170 127 cum
2231 1770 219 127 primo
2353 1770 170 127 super

1503 1836 252 116 ponitur
1687 1836 183 116 quod
1801 1836 161 116 sic
1893 1836 183 116 esse
2008 1836 161 116 vel
2099 1836 161 116 non
2191 1836 161 116 sic
2283 1836 183 116 esse
2397 1836 161 116 etc

1498 1908 193 103 patet
1626 1908 171 103 quod
1733 1908 128 103 si
1797 1908 171 103 illa
1904 1908 299 103 suppositio
2139 1908 406 103 convertibiliter

1492 1997 273 97 ponitur
1691 1997 323 97 negativae
1939 1997 199 97 quod
2063 1997 199 97 ipsa
2187 1997 248 97 omnino
2361 1997 174 97 est

1500 2059 178 119 falsa
1619 2059 158 119 quia
1718 2059 158 119 tunc
1817 2059 277 119 opporteret
2035 2059 158 119 dici
2134 2059 158 119 quod
2213 2059 297 119 propositionem

1499 2121 189 110 esse
1617 2121 212 110 veram
1759 2121 165 110 non
1854 2121 212 110 esset
1995 2121 165 110 sic
2090 2121 189 110 esse
2208 2121 165 110 vel
2302 2121 165 110 non
2373 2121 118 110 sic

1492 2188 218 103 esse
1628 2188 164 103 Si
1710 2188 245 103 autem
1873 2188 300 103 ponitur
2091 2188 191 103 non
2200 2188 218 103 esse
2309 2188 191 103 conti

1488 2252 316 114 biliter
1718 2252 230 114 tunc
1862 2252 230 114 male
2006 2252 173 114 ex
2092 2252 230 114 ipsa
2236 2252 345 114 arguitur

1489 2314 195 128 sic
1601 2314 223 128 enim
1740 2314 362 128 similiter
2019 2314 279 128 arguem
2214 2314 223 128 esse
2326 2314 139 128 ali

1476 2385 197 115 vel
1588 2385 197 115 non
1701 2385 225 115 esse
1841 2385 169 115 al
1926 2385 197 115 non
2038 2385 197 115 est
2150 2385 225 115 esse
2291 2385 309 115 hominem

1480 2452 182 126 vel
1584 2452 182 126 non
1688 2452 208 126 esse
1818 2452 286 126 hominem
2026 2452 234 126 patet
2182 2452 208 126 quia
2312 2452 208 126 esse

1473 2532 131 115 a
1525 2532 210 115 simi
1656 2532 184 115 vel
1761 2532 184 115 non
1866 2532 210 115 esse
1998 2532 131 115 a
2050 2532 210 115 simm
2181 2532 184 115 est
2286 2532 210 115 esse
2391 2532 105 115 al

1482 2596 167 104 non
1578 2596 191 104 esse
1697 2596 143 104 al
1769 2596 239 104 igitur
1936 2596 191 104 esse
2055 2596 263 104 hominem
2246 2596 167 104 vel
2342 2596 167 104 non

1485 2663 199 123 esse
1609 2663 273 123 hominem
1808 2663 248 123 potest
1982 2663 199 123 esse
2106 2663 199 123 sine
2230 2663 149 123 eo
2304 2663 199 123 quod
2404 2663 99 123 al

1499 2738 138 106 it
1568 2738 207 106 patet
1706 2738 230 106 igitur
1866 2738 161 106 vel
1958 2738 161 106 quo
2050 2738 184 106 male
2165 2738 275 106 arguitur
2371 2738 138 106 ex

1481 2806 340 119 suppositone
1753 2806 159 119 vel
1844 2806 181 119 quod
1957 2806 181 119 ipsa
2070 2806 159 119 est
2161 2806 204 119 falsa
2297 2806 113 119 ¶
2342 2806 136 119 ad
2410 2806 136 119 2a

1479 2887 169 108 cum
1575 2887 338 108 supponitur
1841 2887 193 108 quod
1962 2887 169 108 sic
2058 2887 193 108 esse
2179 2887 169 108 vel
2276 2887 169 108 non
2372 2887 169 108 sic

1486 2960 186 112 esse
1602 2960 163 112 non
1695 2960 163 112 est
1789 2960 186 112 ipsa
1905 2960 326 112 propositio
2161 2960 303 112 enuctians
2394 2960 163 112 sic

1481 3021 197 116 esse
1604 3021 172 116 vel
1703 3021 172 116 non
1801 3021 172 116 sic
1899 3021 197 116 esse
2022 3021 197 116 dico
2145 3021 197 116 quod
2267 3021 147 116 ly
2341 3021 172 116 sic

1475 3091 168 108 esse
1580 3091 147 108 vel
1664 3091 147 108 non
1748 3091 147 108 sic
1832 3091 168 108 esse
1937 3091 210 108 potest
2085 3091 210 108 accipi
2232 3091 147 108 pro
2316 3091 210 108 dictio

1469 3152 169 123 vel
1565 3152 169 123 pro
1662 3152 145 123 re
1734 3152 313 123 significa
1975 3152 217 123 dicto
2120 3152 145 123 si
2192 3152 217 123 primo
2336 3152 193 123 modo

1464 3231 181 95 sic
1568 3231 207 95 nego
1697 3231 155 95 si
1775 3231 155 95 2o
1853 3231 207 95 modo
1982 3231 207 95 quod
2112 3231 233 95 magis
2267 3231 285 95 indetur

1480 3296 271 119 concedo
1677 3296 148 119 et
1751 3296 197 119 dico
1874 3296 197 119 quod
1997 3296 221 119 illud
2145 3296 172 119 sic
2243 3296 197 119 esse
2366 3296 172 119 non
