2964 4224
499 472 213 142 patet
641 472 166 142 hoc
736 472 237 142 natura
902 472 166 142 non
997 472 284 142 sequitur
1210 472 355 142 ymaginabile

499 555 165 114 est
594 555 118 114 a
641 555 189 114 esse
759 555 189 114 igit
877 555 165 114 est
971 555 118 114 a
1019 555 189 114 esse
1137 555 165 114 nec
1231 555 283 114 sequitur

501 617 271 131 anechristus
718 617 181 131 potest
844 617 145 131 esse
935 617 145 131 alis
1025 617 181 131 igitur
1152 617 271 131 antchristus
1368 617 127 131 est
1423 617 72 131 al

462 696 196 124 Tunc
584 696 196 124 pono
706 696 391 124 conclusiones
1024 696 220 124 prima
1170 696 171 124 est
1268 696 196 124 ista
1390 696 147 124 st

508 772 105 125 at
561 772 193 125 aliquem
702 772 211 125 terminum
860 772 123 125 vel
930 772 299 125 propositionem
1176 772 211 125 sigifiae
1334 772 105 125 et
1387 772 141 125 eius

505 847 368 126 signficatum
800 847 246 126 omnino
972 847 246 126 nichil
1144 847 196 126 esse
1267 847 295 126 probatur

486 926 166 127 nam
581 926 284 127 terminis
794 926 189 127 sive
912 926 331 127 propositio
1172 926 213 127 senet
1314 926 189 127 sine
1408 926 95 127 co

491 986 220 140 ceptum
645 986 242 140 proprio
821 986 286 140 Conceptum
1042 986 352 140 antichristus
1328 986 220 140 potest

501 1075 154 103 ad
578 1075 256 103 mentem
757 1075 307 103 alicuius
988 1075 307 103 reducere
1218 1075 333 103 annuchrit

506 1137 179 117 omnino
631 1137 179 117 nichil
757 1137 233 117 existente
936 1137 179 117 igitur
1061 1137 233 117 conclusio
1240 1137 143 117 vera
1330 1137 215 117 anteceds

500 1229 151 96 est
587 1229 302 96 manifestum
824 1229 130 96 et
889 1229 345 96 consequentia
1170 1229 194 96 tenet
1299 1229 130 96 ex
1364 1229 194 96 prima

501 1293 291 119 suppositione
737 1293 91 119 ¶
774 1293 109 119 2a
828 1293 236 119 conclusio
1010 1293 145 119 stat
1101 1293 200 119 aliquam
1246 1293 291 119 conclusionem

492 1362 309 131 scientiae
730 1362 166 131 vel
825 1362 214 131 sciri
968 1362 143 131 et
1039 1362 238 131 nullam
1206 1362 166 131 rem
1301 1362 238 131 omnino

495 1414 177 154 nec
596 1414 328 154 complexam
848 1414 177 154 nec
949 1414 379 154 incomplexam
1252 1414 177 154 per
1353 1414 227 154 ipsam

480 1524 394 125 signficari
790 1524 338 125 probatur
1043 1524 169 125 ex
1128 1524 254 125 prima
1297 1524 225 125 nram
1409 1524 85 125 o

502 1588 192 141 vinis
630 1588 299 141 propositio
865 1588 171 141 vere
971 1588 299 141 signficans
1206 1588 213 141 potest
1356 1588 192 141 sciri

491 1656 127 152 sed
564 1656 109 152 ex
618 1656 164 152 prima
727 1656 273 152 conclusione
945 1656 182 152 aliqua
1073 1656 182 152 potest
1200 1656 145 152 esse
1291 1656 255 152 propositio

508 1736 267 134 significus
718 1736 153 134 vere
813 1736 191 134 igitur
947 1736 134 134 etc
1024 1736 95 134 ¶
1062 1736 115 134 3a
1119 1736 248 134 conclusio
1291 1736 210 134 inpossibi

492 1817 133 127 le
558 1817 155 127 est
647 1817 377 127 propositionem
958 1817 310 127 signficare
1202 1817 133 127 et
1268 1817 200 127 ipsam
1401 1817 155 127 non

507 1882 352 154 significare
788 1882 258 154 aliquid
976 1882 211 154 patet
1117 1882 141 154 ex
1187 1882 141 154 2a
1257 1882 329 154 suppositio

500 1968 146 141 et
573 1968 292 141 probatur
792 1968 268 141 ratione
986 1968 195 141 vera
1108 1968 195 141 omne
1229 1968 195 141 quod
1351 1968 146 141 ve
1400 1968 97 141 si

498 2030 258 151 guificat
691 2030 236 151 tamquam
863 2030 301 151 propositio
1099 2030 215 151 potest
1250 2030 172 151 scri
1357 2030 150 151 sed
1422 2030 107 151 sci

488 2116 163 148 re
569 2116 190 148 est
678 2116 190 148 per
786 2116 271 148 causam
976 2116 380 148 cognoscere
1275 2116 271 148 patrem

493 2182 209 133 aliquod
645 2182 190 133 igitur
779 2182 248 133 conclusio
969 2182 152 133 vera
1064 2182 95 133 ¶
1102 2182 133 133 vel
1178 2182 133 133 sic
1255 2182 114 133 et
1312 2182 171 133 unius
1407 2182 76 133 in

497 2266 253 148 possibile
691 2266 136 148 est
769 2266 214 148 aliquam
925 2266 331 148 propositionem
1197 2266 175 148 sciri
1314 2266 117 148 et
1373 2266 175 148 ipsam

501 2332 150 145 non
586 2332 300 145 signficare
822 2332 236 145 aliquid
993 2332 214 145 igitur
1143 2332 278 145 conclusio
1357 2332 171 145 vera

506 2410 255 149 consequentia
713 2410 143 149 patet
809 2410 96 149 ex
857 2410 175 149 ratione
984 2410 143 149 facta
1080 2410 96 149 et
1128 2410 223 149 antecedens
1303 2410 143 149 patet
1398 2410 96 149 ex
1446 2410 96 149 2a

489 2502 327 139 suppositione
754 2502 102 139 ¶
795 2502 123 139 4o
856 2502 265 139 conclusio
1060 2502 327 139 significatum
1326 2502 204 139 totius

491 2574 309 134 conclusionis
742 2574 135 134 per
819 2574 174 134 ipsam
935 2574 270 134 inportatum
1147 2574 135 134 est
1225 2574 309 134 conclusionis

490 2640 187 155 scite
615 2640 146 155 vel
698 2640 270 155 scientiae
906 2640 250 155 obiectum
1093 2640 291 155 adaequatum
1322 2640 250 155 probatur

483 2725 161 139 nam
575 2725 161 139 hoc
667 2725 184 139 vere
782 2725 184 139 sigi
897 2725 138 139 et
966 2725 161 139 per
1059 2725 207 139 ipsam
1197 2725 230 139 scitur
1358 2725 184 139 Item

494 2792 118 158 si
553 2792 157 158 ipsa
651 2792 274 158 propositio
867 2792 118 158 et
925 2792 137 158 non
1004 2792 333 158 propositionis
1278 2792 274 158 significam

488 2880 171 140 esset
602 2880 228 140 obiectum
774 2880 133 140 cum
850 2880 209 140 aequaem
1002 2880 209 140 sciatur
1154 2880 267 140 propositio
1364 2880 171 140 falsa

481 2946 189 141 sicut
607 2946 168 141 vera
712 2946 253 141 aequalis
902 2946 168 141 esse
1007 2946 253 141 scientia
1196 2946 253 141 respectu
1386 2946 126 141 ut

502 3017 92 144 us
548 3017 122 144 quod
624 3017 76 144 ¶
654 3017 92 144 5o
700 3017 198 144 conclusio
853 3017 107 144 non
914 3017 183 144 sequitur
1051 3017 122 144 haec
1127 3017 214 144 propositio
1295 3017 214 144 significat

479 3104 244 130 aliquid
656 3104 222 130 igitur
811 3104 244 130 aliquid
989 3104 155 130 est
1078 3104 177 130 eius
1189 3104 355 130 significatum

477 3163 190 161 patet
604 3163 127 161 ex
667 3163 127 161 5a
730 3163 148 161 e2t
815 3163 127 161 6a
878 3163 380 161 conclusionibus
1195 3163 338 161 supposionbus

480 3237 119 143 ¶
528 3237 143 143 6o
599 3237 166 143 non
694 3237 285 143 sequitur
908 3237 238 143 istius
1075 3237 380 143 conclusionis
1360 3237 119 143 sig

478 3317 303 160 ficatum
698 3317 193 160 est
808 3317 303 160 aliquid
1028 3317 193 160 vel
1138 3317 413 160 aliqualiter

1649 457 166 111 igitur
1766 457 116 111 est
1832 457 266 111 significatum
2048 457 166 111 istius
2164 457 266 111 conclusionis
2380 457 149 111 patet
2480 457 100 111 ex
2530 457 183 111 praedic

1622 538 179 118 tis
1725 538 153 118 Ex
1801 538 205 118 hiis
1929 538 230 118 patet
2083 538 256 118 aliqua
2262 538 230 118 primo
2415 538 230 118 huius
2543 538 128 118 poo

1630 619 312 126 sitionis
1864 619 364 126 sufficiete
2150 619 208 126 nram
2280 619 182 126 non
2384 619 286 126 poterit
2566 619 104 126 re

1638 694 215 121 dargni
1788 694 172 121 quin
1896 694 366 121 propositionis
2197 694 258 121 negative
2390 694 151 121 det
2476 694 258 121 obiectum

1643 750 177 139 quia
1754 750 377 139 propositionis
2064 750 355 139 significatum
2352 750 111 139 ¶
2396 750 133 139 2o
2463 750 199 139 huius
2574 750 66 139 o

1628 833 343 126 pinionis
1886 833 143 126 a
1943 833 200 126 iam
2057 833 343 126 recitata
2315 833 400 126 difectione

1637 917 338 100 mentia
1874 917 271 100 quia
2043 917 271 100 ipsa
2212 917 304 100 ponit
2381 917 271 100 semper

1645 982 263 114 aliquid
1836 982 167 114 vel
1932 982 359 114 aliqualiter
2219 982 191 114 esse
2338 982 215 114 ipsum
2482 982 215 114 ipsum

1648 1048 291 115 obiectum
1866 1048 194 115 quod
1987 1048 194 115 aput
2109 1048 146 115 me
2181 1048 170 115 est
2278 1048 291 115 negandum
2497 1048 121 115 ¶
2545 1048 146 115 3o

1624 1146 235 99 huius
1781 1146 366 99 oppinionis
2068 1146 183 99 cum
2173 1146 288 99 veitate
2382 1146 157 99 et
2435 1146 235 99 oppinio

1639 1200 138 111 ne
1708 1200 276 111 magearia
1915 1200 276 111 conuneni
2122 1200 230 111 natura
2282 1200 276 111 convenit
2489 1200 138 111 in
2558 1200 161 111 hoc

1645 1257 148 124 cum
1729 1257 169 124 ipsa
1835 1257 127 124 et
1898 1257 253 124 veritate
2088 1257 169 124 quod
2194 1257 359 124 propositionis
2489 1257 211 124 totale

1651 1329 270 124 significaum
1867 1329 126 124 est
1939 1329 234 124 scientiae
2119 1329 216 124 obiectum
2280 1329 90 124 ¶
2316 1329 126 124 Sed
2388 1329 180 124 contra
2514 1329 234 124 praedicta

1629 1414 268 120 potest
1817 1414 242 120 primo
1978 1414 188 120 sic
2086 1414 242 120 argui
2247 1414 188 120 nam
2354 1414 215 120 ista
2488 1414 268 120 opinio

1639 1472 118 126 a
1687 1472 213 126 prima
1828 1472 165 126 non
1923 1472 260 126 videtur
2112 1472 260 126 differe
2301 1472 165 126 sed
2396 1472 213 126 prima
2538 1472 213 126 siint

1642 1556 139 102 in
1711 1556 254 102 probata
1896 1556 162 102 per
1989 1556 162 102 2am
2081 1556 231 102 igitur
2243 1556 139 102 in
2313 1556 231 102 probat
2475 1556 139 102 se
2544 1556 208 102 ipsam

1644 1619 126 116 ¶
1694 1619 151 116 2o
1770 1619 252 116 contra
1946 1619 252 116 primam
2123 1619 428 116 suppositionem
2475 1619 176 116 nam
2576 1619 151 116 ex

1620 1690 182 116 ipsa
1734 1690 295 116 secuintur
1961 1690 159 116 tra
2051 1690 204 116 falsa
2188 1690 204 116 primo
2324 1690 182 116 quod
2437 1690 272 116 quilibet

1629 1759 244 113 terminus
1812 1759 224 113 proprie
1975 1759 306 113 signficaret
2219 1759 122 113 se
2281 1759 183 113 ipsum
2403 1759 163 113 quod
2505 1759 224 113 videtur

1622 1828 219 120 falsum
1775 1828 110 120 ¶
1819 1828 131 120 2o
1885 1828 175 120 quod
1995 1828 153 120 res
2082 1828 197 120 extra
2214 1828 307 120 aequaliter
2455 1828 263 120 sigficet

1636 1904 296 117 terminos
1858 1904 222 117 sicut
2006 1904 296 117 terminus
2228 1904 173 117 rem
2326 1904 222 117 patet
2474 1904 197 117 quia
2573 1904 123 117 con

1629 1987 315 85 ceptus
1849 1987 220 85 rei
1975 1987 409 85 conceptum
2289 1987 346 85 terminu
2541 1987 189 85 ad

1643 2050 241 114 mentem
1812 2050 289 114 reducere
2028 2050 241 114 potest
2197 2050 120 114 ¶
2245 2050 145 114 3o
2318 2050 193 114 quod
2438 2050 313 114 quaelibet

1632 2128 167 120 res
1728 2128 335 120 cuiuslibet
1991 2128 167 120 rei
2086 2128 167 120 est
2182 2128 335 120 signitiona
2445 2128 191 120 quod
2564 2128 167 120 est

1644 2200 228 127 contra
1804 2200 342 127 philosophum
2078 2200 205 127 libro
2215 2200 205 127 peris
2352 2200 160 127 ubi
2443 2200 205 127 dicit
2557 2200 137 127 quas

1622 2278 233 110 dam
1755 2278 300 110 voces
1955 2278 567 110 signficativas
2422 2278 334 110 quasda

1613 2349 188 118 non
1721 2349 134 118 ¶
1774 2349 269 118 Contra
1962 2349 188 118 2am
2070 2349 457 118 suppositionem
2446 2349 269 118 arguit

1621 2419 361 114 expositione
1910 2419 144 114 in
1982 2419 144 114 se
2054 2419 144 114 et
2126 2419 144 114 ex
2198 2419 337 114 suppositio
2463 2419 240 114 contra

1624 2493 396 94 oppinionem
1935 2493 226 94 unde
2076 2493 255 94 arguo
2246 2493 198 94 sic
2359 2493 226 94 omne
2500 2493 226 94 quod

1651 2551 201 131 satur
1785 2551 156 131 per
1874 2551 223 131 causas
2030 2551 134 131 et
2097 2551 335 131 cognoscitur
2364 2551 156 131 sed
2454 2551 223 131 partem

1653 2624 273 128 significatum
1875 2624 290 128 propositionis
2113 2624 205 128 negative
2267 2624 171 128 scitur
2386 2624 171 128 igitur
2505 2624 119 128 per
2574 2624 136 128 eius

1632 2709 216 116 causas
1784 2709 324 116 cognoscitur
2043 2709 216 116 igitur
2194 2709 195 116 habet
2324 2709 216 116 causas
2475 2709 151 116 sed
2540 2709 130 116 omne

1643 2788 149 123 quod
1736 2788 167 123 habet
1848 2788 186 123 causas
1978 2788 130 123 est
2053 2788 186 123 igitur
2183 2788 167 123 ipsum
2294 2788 130 123 est
2369 2788 149 123 quod
2462 2788 186 123 contra
2573 2788 112 123 poio

1649 2856 233 130 sitionem
1823 2856 97 130 ¶
1862 2856 117 130 4o
1921 2856 175 130 arguo
2037 2856 330 130 principaliter
2309 2856 194 130 contra
2445 2856 136 130 hac
2523 2856 214 130 oppinio

1636 2924 151 105 nem
1723 2924 129 105 ex
1787 2924 129 105 2a
1852 2924 129 105 et
1917 2924 151 105 4ta
2003 2924 324 105 conclusione
2262 2924 216 105 contra
2413 2924 173 105 55ta
2521 2924 129 105 et
2586 2924 173 105 6tam

1640 2990 176 138 sic
1740 2990 251 138 nullum
1916 2990 276 138 hominem
2117 2990 201 138 esse
2242 2990 251 138 asimum
2418 2990 176 138 est
2518 2990 226 138 verum

1643 3059 197 129 igitur
1781 3059 177 129 verum
1900 3059 138 129 est
1978 3059 197 129 nullum
2116 3059 217 129 hominem
2274 3059 158 129 esse
2373 3059 99 129 a
2412 3059 177 129 simum
2530 3059 197 129 igitur

1627 3139 269 99 aliquid
1822 3139 171 99 vel
1920 3139 367 99 aliqualiter
2214 3139 171 99 est
2312 3139 245 99 nullum
2484 3139 269 99 hominem

1635 3198 199 164 esse
1760 3198 125 164 a
1809 3198 224 164 sumum
1959 3198 199 164 quia
2083 3198 199 164 omne
2208 3198 224 164 verum
2357 3198 174 164 est
2457 3198 274 164 aliquid

1642 3283 117 124 in
1701 3283 293 124 aliqualiter
1935 3283 117 124 et
1994 3283 312 124 consequentia
2247 3283 176 124 prima
2364 3283 215 124 videtur
2520 3283 176 124 satis
