2964 4166
312 459 232 123 bona
457 459 232 123 quia
602 459 203 123 non
718 459 319 123 videtur
949 459 261 123 causa
1123 459 261 123 quare

333 552 286 117 antecedens
557 552 143 117 sit
639 552 184 117 verum
761 552 163 117 sive
863 552 306 117 consequente
1108 552 102 117 ¶
1148 552 122 117 Ad
1210 552 163 117 idem

317 633 164 113 sic
410 633 188 113 quod
528 633 375 113 signisicitur
833 633 164 113 per
927 633 188 113 hanc
1044 633 235 113 nullus
1208 633 188 113 homo

336 703 118 120 est
404 703 84 120 a
437 703 152 120 suius
538 703 168 120 scitur
656 703 168 120 igitur
774 703 135 120 quod
858 703 168 120 scitur
976 703 118 120 per
1043 703 135 120 hanc
1127 703 269 120 propositioem

331 779 181 87 est
435 779 207 87 quia
564 779 181 87 non
667 779 181 87 ens
771 779 181 87 non
874 779 259 87 scitur
1056 779 155 87 ex
1133 779 155 87 2a
1211 779 207 87 supr

322 837 303 122 psitione
549 837 253 122 igitur
726 837 253 122 nullum
903 837 278 122 hominem
1105 837 202 122 esse
1206 837 126 122 asi

323 914 190 104 num
431 914 190 104 est
540 914 298 104 aliquid
757 914 190 104 vel
865 914 407 104 aliqualiter
1190 914 217 104 quia

324 978 186 117 omne
440 978 186 117 quod
556 978 163 117 est
649 978 163 117 est
742 978 256 117 aliquid
928 978 163 117 vel
1021 978 349 117 aliqualiter

319 1051 125 116 ¶
369 1051 150 116 5o
444 1051 225 116 arguo
594 1051 425 116 principaliter
943 1051 250 116 contra
1118 1051 225 116 istam

306 1122 313 122 positionem
551 1122 179 122 quia
663 1122 223 122 staret
819 1122 246 122 aliquam
998 1122 380 122 propositionem

315 1205 195 102 esse
437 1205 219 102 veram
583 1205 146 102 et
656 1205 171 102 non
753 1205 171 102 ita
851 1205 171 102 sed
949 1205 195 102 ipsa
1070 1205 341 102 ngoficaret

319 1266 164 102 quod
422 1266 144 102 est
504 1266 205 102 contra
648 1266 308 102 philosophum
895 1266 247 102 dicentem
1080 1266 123 102 ab
1141 1266 123 102 eo
1203 1266 164 102 quod

300 1339 162 107 res
392 1339 162 107 est
485 1339 162 107 vel
578 1339 162 107 etc
670 1339 116 107 ¶
716 1339 139 107 6o
786 1339 139 107 et
855 1339 231 107 ultimo
1017 1339 185 107 haec
1133 1339 255 107 positio

302 1401 257 114 adhuc
474 1401 200 114 est
588 1401 456 114 insufficiens
958 1401 200 114 nam
1072 1401 257 114 licet
1215 1401 114 114 di

321 1485 114 109 cat
386 1485 130 109 quod
467 1485 261 109 significatum
679 1485 277 109 propositionis
907 1485 114 109 sit
972 1485 195 109 obiectum
1119 1485 261 109 conclusionis

313 1546 301 125 secundum
539 1546 351 125 oppinionem
814 1546 150 125 in
890 1546 276 125 probata
1090 1546 176 125 non
1165 1546 176 125 tamen

311 1609 184 135 dicit
433 1609 163 135 quid
535 1609 143 135 sit
617 1609 326 135 significatum
882 1609 347 135 propositionis
1167 1609 184 135 utrum

305 1681 154 137 res
393 1681 154 137 vel
481 1681 175 137 ipsa
590 1681 307 137 propositio
831 1681 154 137 vel
919 1681 219 137 aliqud
1073 1681 285 137 signibale

312 1757 222 132 complexe
478 1757 148 132 quod
571 1757 130 132 sit
645 1757 204 132 neutrum
793 1757 204 132 istorum
941 1757 185 132 igitur
1070 1757 204 132 videtur
1218 1757 148 132 quod

322 1835 192 128 minus
450 1835 320 128 sufficiente
705 1835 192 128 dixis
833 1835 170 128 quid
940 1835 149 128 sit
1025 1835 341 128 conclusionis

306 1902 331 128 obiectum
555 1902 165 128 de
637 1902 193 128 quo
748 1902 193 128 nos
858 1902 276 128 loquum
1051 1902 138 128 ¶
1106 1902 165 128 Ad
1189 1902 221 128 ista

295 1979 169 127 pro
392 1979 266 127 ordinem
585 1979 194 127 dico
706 1979 194 127 quod
827 1979 194 127 haec
948 1979 266 127 oppinio
1141 1979 242 127 multum

298 2054 307 121 diffenter
535 2054 142 121 ab
605 2054 189 121 illa
724 2054 142 121 in
794 2054 260 121 probata
983 2054 213 121 primo
1125 2054 142 121 in
1196 2054 165 121 hoc

308 2140 179 108 quod
420 2140 179 108 icit
531 2140 157 108 non
621 2140 157 108 ita
711 2140 179 108 esse
823 2140 201 108 sicut
957 2140 313 108 propositio
1181 2140 134 108 pura

310 2191 225 128 negativa
479 2191 150 128 vera
573 2191 338 128 significiliter
855 2191 150 128 quod
949 2191 150 128 alia
1042 2191 225 128 concedit
1211 2191 94 128 ¶
1249 2191 113 128 2o

299 2279 127 106 ut
362 2279 234 106 videtur
532 2279 170 106 quod
638 2279 170 106 ipsa
745 2279 234 106 signium
914 2279 297 106 cuiuslibet
1148 2279 234 106 propris

302 2342 206 118 ponit
439 2342 183 118 esse
554 2342 206 118 aliud
691 2342 114 118 a
737 2342 343 118 significato
1012 2342 160 118 per
1103 2342 252 118 alterum

304 2391 153 122 ex
380 2391 356 122 terminorum
660 2391 203 122 quod
787 2391 178 122 hoc
889 2391 254 122 ponere
1067 2391 305 122 abhorret

312 2456 115 137 ¶
358 2456 138 137 3o
427 2456 183 137 quod
541 2456 344 137 significata
817 2456 390 137 propositionem
1115 2456 206 137 necessa

309 2548 215 99 riarum
459 2548 193 99 dicit
588 2548 172 99 esse
695 2548 322 99 neccessaita
953 2548 129 99 et
1017 2548 236 99 aeterna
1189 2548 172 99 quod

304 2599 151 122 haec
398 2599 188 122 maxime
530 2599 320 122 universaliter
794 2599 264 122 sustinendo
1001 2599 301 122 intelligitur
1227 2599 94 122 evi

309 2676 191 111 tare
429 2676 167 111 per
524 2676 167 111 hoc
620 2676 215 111 patet
764 2676 144 111 ad
835 2676 239 111 primum
1003 2676 144 111 ad
1075 2676 239 111 eandem

300 2733 259 114 rationem
495 2733 194 114 patet
624 2733 130 114 ex
689 2733 130 114 5o
754 2733 130 114 et
818 2733 130 114 6o
883 2733 345 114 suppositione
1164 2733 108 114 ¶
1207 2733 130 114 ad
1272 2733 130 114 2m

314 2812 320 112 principale
565 2812 297 112 respondet
794 2812 320 112 tholinoton
1045 2812 206 112 prima
1182 2812 206 112 parte

304 2874 225 130 summe
454 2874 200 130 suae
579 2874 150 130 2o
654 2874 250 130 dicens
829 2874 200 130 quod
954 2874 275 130 proprie
1129 2874 200 130 loquen

301 2956 127 110 do
364 2956 253 110 terminus
554 2956 148 110 non
639 2956 274 110 signifita
850 2956 127 110 se
913 2956 190 110 ipsum
1040 2956 148 110 sed
1103 2956 190 110 iiropre

297 3018 212 110 bene
430 3018 186 110 nec
536 3018 186 110 hoc
642 3018 239 110 debet
802 3018 239 110 iudei
961 3018 265 110 falsum
1147 3018 133 110 ¶
1200 3018 159 110 ad

293 3090 121 103 2m
353 3090 202 103 posset
495 3090 283 103 responderi
717 3090 141 103 per
798 3090 202 103 eundem
939 3090 162 103 quod
1040 3090 121 103 in
1101 3090 222 103 proprie
1242 3090 81 103 lo

295 3141 260 120 querendo
490 3141 130 120 de
555 3141 195 120 signi
685 3141 303 120 consequens
923 3141 238 120 concedo
1096 3141 281 120 similiter

292 3217 115 115 et
349 3217 115 115 3m
407 3217 134 115 sed
483 3217 210 115 proprie
636 3217 210 115 neratur
789 3217 115 115 et
846 3217 134 115 sic
923 3217 268 115 intelligit
1114 3217 229 115 philosophs

286 3286 212 116 suam
419 3286 451 116 distinctionem
791 3286 266 116 quares
977 3286 239 116 autem
1136 3286 239 116 voces

1458 403 163 130 et
1539 403 300 130 scripta
1757 403 409 130 significare
2084 403 272 130 potius
2275 403 272 130 dicant

1468 500 190 114 quam
1587 500 214 114 aliae
1730 500 333 114 qualitates
1991 500 190 114 haec
2110 500 285 114 declarat
2324 500 190 114 idem

1473 570 220 110 eadem
1619 570 220 110 parte
1765 570 293 110 capitulo
1985 570 146 110 4o
2058 570 122 110 ¶
2107 570 146 110 Ad
2180 570 146 110 4m
2253 570 293 110 principa

1458 640 167 105 le
1542 640 363 105 respondet
1821 640 307 105 firbich
2044 640 167 105 in
2128 640 251 105 loyca
2295 640 195 105 sua

1465 712 249 101 neando
1639 712 224 101 istam
1788 712 422 101 consequentiam
2136 712 273 101 hominem
2335 712 199 101 esse

1470 773 105 103 a
1512 773 189 103 simum
1638 773 147 103 est
1722 773 189 103 verum
1848 773 210 103 igitur
1995 773 189 103 verum
2121 773 147 103 est
2205 773 231 103 hominem
2373 773 168 103 esse

1471 836 120 115 a
1519 836 215 115 sumum
1662 836 215 115 sicut
1806 836 167 115 non
1901 836 287 115 sequitur
2116 836 263 115 thymera
2308 836 167 115 est
2379 836 96 115 in

1470 900 283 120 tellecta
1683 900 236 120 igitur
1848 900 259 120 thymera
2036 900 165 120 est
2131 900 165 120 vel
2225 900 259 120 aliquid

1450 976 406 123 intellectum
1775 976 190 123 est
1883 976 298 123 thymera
2100 976 217 123 unde
2235 976 217 123 ipse
2344 976 135 123 poo

1464 1052 197 97 tales
1596 1052 351 97 conclusiones
1881 1052 219 97 nullum
2034 1052 241 97 hominem
2210 1052 175 97 esse
2319 1052 110 97 a
2341 1052 132 97 simu

1471 1114 161 97 est
1563 1114 207 97 verum
1701 1114 138 97 et
1770 1114 161 97 non
1862 1114 161 97 est
1954 1114 207 97 verum
2093 1114 230 97 nullum
2254 1114 253 97 hominem

1471 1176 176 128 esse
1581 1176 110 128 a
1625 1176 198 128 simum
1756 1176 110 128 ¶
1800 1176 132 128 Ee
1866 1176 176 128 esse
1976 1176 263 128 rationie
2174 1176 154 128 est
2261 1176 285 128 possibile

1470 1253 155 115 et
1548 1253 181 115 non
1651 1253 337 115 possibile
1910 1253 181 115 est
2014 1253 155 115 te
2092 1253 207 115 esse
2221 1253 207 115 iome
2351 1253 181 115 cum

1462 1316 188 111 nec
1570 1316 322 111 aliquale
1811 1316 188 111 nec
1919 1316 296 111 aliquid
2134 1316 188 111 nec
2241 1316 296 111 aliquam

1468 1395 208 111 liter
1607 1395 162 111 est
1699 1395 139 111 te
1769 1395 185 111 esse
1885 1395 278 111 rationie
2093 1395 139 111 ¶e
2163 1395 185 111 esse
2278 1395 116 111 a
2325 1395 232 111 sumium

1465 1457 151 123 est
1552 1457 323 123 inpossibile
1810 1457 129 123 et
1875 1457 151 123 non
1961 1457 323 123 inpossibile
2220 1457 151 123 est
2306 1457 129 123 te
2371 1457 172 123 esse

1446 1536 132 102 a
1498 1536 212 102 simm
1631 1536 238 102 Cadem
1790 1536 291 102 ratione
2001 1536 212 102 unde
2134 1536 185 102 sic
2240 1536 132 102 a
2293 1536 238 102 parte

1452 1605 263 79 parti
1627 1605 292 79 debent
1832 1605 380 79 intelligi
2124 1605 263 79 omnes
2300 1605 234 79 moda

1460 1675 148 110 les
1545 1675 212 110 positi
1693 1675 233 110 terminu
1862 1675 127 110 ab
1926 1675 275 110 argusinle
2138 1675 127 110 2o
2202 1675 148 110 per
2286 1675 191 110 yeris
2413 1675 106 110 ¶

1442 1746 218 109 unde
1578 1746 164 109 si
1660 1746 327 109 arguatur
1905 1746 273 109 contra
2096 1746 218 109 unam
2233 1746 300 109 illarum

1456 1831 160 101 sic
1548 1831 160 101 non
1639 1831 297 101 possibile
1868 1831 160 101 est
1959 1831 137 101 te
2028 1831 183 101 esse
2142 1831 274 101 rationie
2325 1831 137 101 igia

1448 1891 398 114 impossibile
1767 1891 186 114 est
1873 1891 159 114 te
1953 1891 212 114 esse
2085 1891 265 114 rionie
2245 1891 212 114 neanda

1462 1953 128 111 est
1535 1953 293 111 consequentia
1773 1953 110 111 et
1828 1953 110 111 si
1883 1953 238 111 allegatur
2066 1953 201 111 aruorum
2231 1953 110 111 2o
2286 1953 275 111 peaevenitis

1437 2024 161 119 ubi
1529 2024 207 119 dicit
1667 2024 184 119 illo
1783 2024 207 119 conti
1921 2024 161 119 non
2013 2024 300 119 possibile
2244 2024 161 119 est
2336 2024 184 119 esse

1448 2090 124 116 et
1510 2090 310 116 inpossibile
1758 2090 145 116 est
1841 2090 165 116 esse
1944 2090 248 116 dicendum
2131 2090 145 116 est
2213 2090 165 116 quod
2296 2090 186 116 intelli

1450 2190 244 86 guntur
1620 2190 219 86 omnes
1766 2190 414 86 propositiones
2107 2190 244 86 humoni
2278 2190 122 86 a
2327 2190 219 86 parte

1463 2244 315 96 praeti
1684 2244 284 96 conti
1873 2244 189 96 am
1968 2244 189 96 2m
2063 2244 221 96 eum
2189 2244 315 96 ibidem

1464 2299 259 111 terinum
1653 2299 259 111 modales
1841 2299 188 111 sunt
1959 2299 377 111 appositiones
2265 2299 141 111 et
2335 2299 165 111 non

1448 2371 352 106 subiecta
1712 2371 235 106 unde
1859 2371 264 106 verum
2035 2371 205 106 est
2152 2371 176 106 in
2240 2371 294 106 quibus

1448 2446 306 129 sumuntur
1677 2446 306 129 terminum
1906 2446 280 129 modales
2110 2446 178 129 sic
2212 2446 204 129 quod
2314 2446 178 129 illae

1462 2532 413 102 comquentuntur
1802 2532 218 102 sicut
1947 2532 146 102 te
2020 2532 194 102 esse
2141 2532 267 102 raionie
2336 2532 170 102 non

1467 2572 143 131 est
1548 2572 266 131 possibile
1753 2572 123 131 et
1815 2572 123 131 te
1876 2572 164 131 esse
1979 2572 246 131 rationie
2163 2572 143 131 est
2245 2572 307 131 inpossibile

1454 2661 162 106 per
1547 2661 162 106 hoc
1639 2661 139 106 et
1709 2661 209 106 patet
1848 2661 116 106 ¶
1895 2661 139 106 ad
1964 2661 139 106 3m
2034 2661 232 106 istius
2196 2661 162 106 cum
2289 2661 232 106 arguit

1452 2731 229 112 nullum
1612 2731 252 112 hominem
1795 2731 183 112 esse
1910 2731 114 112 a
1956 2731 206 112 sumum
2093 2731 252 112 scaitur
2276 2731 160 112 igi
2368 2731 160 112 est

1455 2800 205 110 negatur
1605 2800 299 110 consequentia
1847 2800 149 110 ista
1941 2800 131 110 est
2015 2800 168 110 ratio
2127 2800 112 110 ad
2183 2800 224 110 quriatum
2351 2800 149 110 Tunc

1449 2868 130 107 ad
1514 2868 130 107 3m
1579 2868 238 107 dicitur
1752 2868 173 107 quod
1860 2868 346 107 articullulis
2141 2868 303 107 intelligit
2379 2868 151 107 uno

1448 2938 119 110 quod
1522 2938 237 110 significatum
1715 2938 237 110 conclusionis
1908 2938 237 110 metaphydiate
2101 2938 222 110 conclusione
2278 2938 163 110 tamquam
2397 2938 119 110 eius

1455 3009 364 115 repraesentatio
1758 3009 121 115 et
1819 3009 182 115 prius
1940 3009 324 115 praemissarum
2203 3009 303 115 significata

1463 3084 193 107 sunt
1583 3084 217 107 scita
1728 3084 145 107 et
1800 3084 169 107 sic
1897 3084 169 107 qui
1993 3084 241 107 parcas
2162 3084 241 107 scitur
2330 3084 217 107 ipsum

1469 3151 293 121 signficatum
1704 3151 313 121 conclusionis
1958 3151 156 121 quia
2056 3151 254 121 scientiae
2252 3151 254 121 sigiuitur

1463 3220 324 111 praemissarum
1726 3220 162 111 sunt
1827 3220 263 111 quodamodo
2030 3220 182 111 cauae
2152 3220 243 111 respectu
2334 3220 203 111 istius

1460 3290 122 113 Alio
1536 3290 122 113 modo
1612 3290 198 113 scientiae
1765 3290 107 113 est
1825 3290 107 113 per
1886 3290 152 113 causam
1993 3290 107 113 etc
2054 3290 91 113 id
2100 3290 91 113 es
2146 3290 183 113 scientia
2283 3290 244 113 conclusionis
