2964 4305
481 456 195 138 quod
602 456 341 138 requiritur
870 456 146 138 ad
943 456 170 138 hoc
1040 456 195 138 quod
1162 456 195 138 ipsa
1284 456 170 138 sit
1381 456 195 138 vera

490 551 160 117 tum
582 551 160 117 nec
673 551 183 117 ipsa
788 551 367 117 sigififnitat
1086 551 160 117 nec
1177 551 252 117 aliquod
1338 551 160 117 requi

470 611 235 129 situm
627 611 157 129 ad
705 611 183 129 hoc
810 611 209 129 quod
941 611 209 129 ipsa
1071 611 183 129 sic
1176 611 262 129 posset
1359 611 209 129 esse

492 695 149 116 vera
585 695 167 116 Cuius
697 695 149 116 sunt
789 695 316 116 propositiones
1049 695 278 116 oppositione
1272 695 260 116 propositio

472 753 234 121 nibus
628 753 338 121 recitatis
888 753 260 121 quarum
1069 753 338 121 quaelibet
1329 753 156 121 si
1407 753 182 121 non

471 831 379 129 repugnaret
769 831 433 129 propositioni
1121 831 406 129 affirmative
1419 831 108 129 si

486 903 232 133 gnitati
654 903 190 133 ipsam
781 903 358 133 propositionem
1076 903 169 133 esse
1181 903 190 133 veram
1307 903 126 133 ut
1371 903 190 133 patet

489 982 142 129 ad
560 982 284 129 verborum
773 982 331 129 sententiam
1033 982 142 129 ad
1104 982 284 129 vertenti
1317 982 260 129 Constat

488 1041 184 127 nullam
616 1041 220 127 dictarum
781 1041 312 127 propositionem
1039 1041 239 127 oppositam
1222 1041 147 127 esse
1314 1041 239 127 impotenti

485 1123 263 116 sicut
660 1123 204 116 nec
777 1123 292 116 aliqua
981 1123 321 116 ipsarum
1215 1123 204 116 met
1332 1123 234 116 esse

505 1183 325 122 neccessariam
768 1183 122 122 eo
829 1183 162 122 quod
931 1183 345 122 propositiones
1215 1183 162 122 ille
1316 1183 162 122 quae
1418 1183 142 122 non

495 1266 267 108 possunt
689 1266 194 108 esse
810 1266 194 108 vere
932 1266 170 108 vel
1029 1266 243 108 falsae
1199 1266 219 108 super
1345 1266 243 108 aliqua

493 1331 361 123 contingenti
782 1331 193 123 quod
902 1331 168 123 nec
998 1331 241 123 semper
1167 1331 168 123 est
1263 1331 168 123 nec
1359 1331 241 123 semper

481 1398 216 135 esse
616 1398 298 135 poterit
833 1398 162 135 Et
914 1398 216 135 iste
1049 1398 216 135 quae
1184 1398 189 135 non
1293 1398 298 135 possunt

493 1465 211 107 esse
625 1465 211 107 vere
757 1465 211 107 quae
889 1465 185 107 nec
995 1465 238 107 seper
1153 1465 238 107 erunt
1312 1465 185 107 nec
1391 1465 132 107 ali

491 1543 198 116 quid
615 1543 272 116 ipsorum
813 1543 247 116 semper
986 1543 198 116 erit
1110 1543 198 116 unde
1233 1543 198 116 quia
1332 1543 198 116 praefu

497 1609 239 108 propono
671 1609 326 108 neccessario
932 1609 326 108 inpossibile
1193 1609 152 108 vel
1258 1609 261 108 contingens

528 1692 179 113 sequitur
663 1692 194 113 quamlibet
812 1692 254 113 propositionem
1021 1692 239 113 praedictarum
1215 1692 120 113 esse
1290 1692 254 113 propositionem

494 1741 209 136 esse
624 1741 417 136 contingentem
963 1741 130 136 ¶
1015 1741 209 136 unde
1146 1741 156 136 ad
1224 1741 339 136 scniendum

494 1810 172 149 quae
602 1810 302 149 propositio
839 1810 151 149 est
925 1810 302 149 contingens
1162 1810 302 149 poentindia
1399 1810 151 149 est

491 1889 304 134 regula
704 1889 396 134 assignata
1008 1889 274 134 primo
1190 1889 365 134 primorum
1434 1889 91 134 u

481 1969 163 122 bi
562 1969 244 122 dicit
725 1969 190 122 sic
834 1969 380 122 contingens
1132 1969 217 122 esse
1268 1969 190 122 quo
1376 1969 190 122 non

496 2039 288 114 existente
717 2039 332 114 neccessario
983 2039 133 114 et
1050 2039 222 114 posito
1205 2039 222 114 inesse
1360 2039 155 114 non
1426 2039 89 114 ac

494 2108 251 122 cidit
662 2108 419 122 inpossibile
997 2108 223 122 quae
1136 2108 279 122 regula
1332 2108 195 122 sit
1415 2108 112 122 in

497 2175 307 135 telligenda
738 2175 153 135 est
826 2175 307 135 propositio
1067 2175 307 135 contingens
1308 2175 153 135 est
1396 2175 175 135 illa

492 2251 170 109 qua
589 2251 170 109 non
686 2251 315 109 existente
928 2251 364 109 neccessaria
1219 2251 145 109 si
1292 2251 242 109 alicui
1437 2251 97 109 po

492 2316 253 124 vatur
660 2316 253 124 eadem
829 2316 393 124 propositio
1138 2316 169 124 ex
1222 2316 225 124 ista
1334 2316 169 124 admi

490 2398 153 123 ssa
577 2398 153 123 non
665 2398 262 123 sequitur
861 2398 327 123 inpossibile
1123 2398 131 123 et
1189 2398 153 123 est
1276 2398 175 123 ista
1385 2398 196 123 satis

491 2467 283 127 vulgata
697 2467 129 127 ¶
749 2467 387 127 obiectiones
1058 2467 258 127 contra
1239 2467 335 127 praedicta

477 2536 146 120 et
550 2536 219 120 earum
695 2536 340 120 solutiones
963 2536 194 120 vide
1084 2536 146 120 in
1157 2536 219 120 eodem
1279 2536 243 120 capitulo

483 2609 199 131 siam
608 2609 299 131 allegato
832 2609 149 131 si
906 2609 199 131 vuis
1031 2609 149 131 et
1106 2609 199 131 haec
1230 2609 199 131 sint
1355 2609 224 131 dicta

494 2672 119 136 de
554 2672 159 136 toto
653 2672 159 136 isto
752 2672 99 136 ¶
792 2672 119 136 ad
852 2672 238 136 rationes
1030 2672 199 136 contra
1169 2672 139 136 3am
1249 2672 318 136 conclusionem

509 2741 204 109 fectas
652 2741 266 109 respondeo
856 2741 143 109 cum
938 2741 245 109 arguitur
1121 2741 123 109 si
1183 2741 245 109 theoogia
1367 2741 163 109 esse
1448 2741 82 109 su

505 2814 183 142 pior
619 2814 183 142 fide
734 2814 297 142 notititua
962 2814 160 142 vel
1053 2814 228 142 igitur
1213 2814 137 142 ut
1282 2814 297 142 creditiva

496 2873 166 139 et
579 2873 221 139 dico
717 2873 249 139 primo
883 2873 221 139 quod
1021 2873 193 139 non
1131 2873 193 139 est
1242 2873 331 139 ponendum

481 2956 259 146 tales
654 2956 402 146 distinctos
970 2956 316 146 habitus
1200 2956 230 146 fore
1315 2956 201 146 iimpa

490 3020 343 157 theologia
753 3020 211 157 quia
885 3020 185 157 hoc
990 3020 369 157 superfluit
1280 3020 185 157 sed
1386 3020 211 157 unus

491 3119 232 129 tatum
646 3119 283 129 habitus
851 3119 154 129 ad
929 3119 360 129 eliciendum
1212 3119 232 129 huius
1366 3119 232 129 actus

487 3184 317 136 sufficit
724 3184 185 136 cum
830 3184 290 136 ceteris
1041 3184 369 136 requisitis
1331 3184 132 136 ¶
1384 3184 158 136 2o
1436 3184 106 136 di

494 3261 118 130 co
553 3261 157 130 quod
651 3261 137 130 est
730 3261 236 130 superior
907 3261 157 130 fide
1005 3261 236 130 secundum
1182 3261 157 130 quod
1280 3261 157 130 idem
1378 3261 216 130 habitus

479 3315 208 144 potest
625 3315 271 144 procedere
833 3315 313 144 inquamlibet
1083 3315 229 144 istorum
1250 3315 271 144 effectium
1458 3315 104 144 ¶

496 3392 106 153 3o
549 3392 141 153 dico
637 3392 141 153 quod
725 3392 106 153 si
778 3392 106 153 ae
831 3392 211 153 scientia
989 3392 211 153 secundum
1147 3392 176 153 primum
1270 3392 106 153 et
1323 3392 193 153 tertium
1464 3392 141 153 modo

1638 447 221 127 tunc
1776 447 331 127 simliter
2025 447 193 127 est
2136 447 304 127 dicenda
2357 447 331 127 scientia
2578 447 110 127 pe

1637 531 206 114 nes
1754 531 295 114 primum
1961 531 265 114 modum
2137 531 177 114 et
2226 531 206 114 hoc
2344 531 206 114 est
2461 531 295 114 contra

1627 593 327 115 durandum
1872 593 163 115 et
1954 593 436 115 sufficienter
2308 593 327 115 probatur
2526 593 136 115 per

1641 667 299 118 amagistrum
1876 667 214 118 thomam
2025 667 128 118 de
2090 667 299 118 argentinis
2325 667 299 118 quaestione
2560 667 107 118 2
2581 667 107 118 pro

1643 734 213 117 logis
1785 734 284 117 articulo
1999 734 213 117 primo
2141 734 118 117 ¶
2188 734 142 117 ad
2259 734 166 117 2am
2354 734 284 117 rationem
2568 734 166 117 cum

1644 803 336 115 arguitur
1896 803 196 115 vel
2008 803 252 115 fides
2176 803 168 115 et
2261 803 364 115 theologia
2541 803 224 115 sint

1649 867 201 119 idem
1775 867 277 119 habitus
1976 867 176 119 etc
2076 867 277 119 diceret
2278 867 327 119 alphonsus
2529 867 226 119 sicud

1650 940 144 119 patet
1746 940 225 119 quaestione
1923 940 96 119 3a
1971 940 193 119 prologis
2115 940 193 119 articulo
2260 940 96 119 2o
2308 940 241 119 conclusione
2500 940 144 119 prima
2597 940 128 119 quod

1657 1003 181 115 sic
1761 1003 363 115 distinguit
2046 1003 233 115 tamen
2201 1003 181 115 ibi
2305 1003 156 115 de
2383 1003 207 115 fide
2513 1003 233 115 primo

1634 1077 151 117 de
1709 1077 252 117 infusa
1886 1077 151 117 et
1962 1077 328 117 acquisita
2214 1077 151 117 et
2290 1077 277 117 uterque
2491 1077 227 117 earum

1634 1153 265 115 potest
1819 1153 265 115 accipi
2004 1153 185 115 pro
2110 1153 212 115 actu
2242 1153 318 115 credendi
2480 1153 159 115 et
2560 1153 185 115 sic

1652 1227 234 123 loquitur
1828 1227 273 123 augustinus
2043 1227 176 123 super
2160 1227 215 123 Iohanes
2316 1227 254 123 istincton
2512 1227 156 123 ides
2609 1227 137 123 est

1649 1302 237 101 credere
1822 1302 173 101 quod
1930 1302 151 101 non
2016 1302 194 101 vides
2146 1302 108 101 ¶
2189 1302 129 101 2o
2253 1302 151 101 pro
2340 1302 129 101 eo
2404 1302 173 101 quod
2512 1302 259 101 creditur

1630 1368 181 112 sic
1733 1368 361 112 achavasiis
2017 1368 284 112 accipit
2223 1368 232 112 fidem
2378 1368 413 112 distinctione

1632 1430 191 139 haec
1751 1430 167 139 est
1847 1430 214 139 fides
1990 1430 310 139 katholica
2228 1430 167 139 etc
2323 1430 119 139 ¶
2371 1430 143 139 3o
2442 1430 167 139 pro
2537 1430 143 139 eo
2609 1430 167 139 quo

1642 1508 205 118 creditur
1796 1508 103 118 et
1847 1508 120 118 sic
1915 1508 205 118 magister
2069 1508 154 118 libro
2172 1508 103 118 3o
2223 1508 274 118 distinctione
2445 1508 103 118 23
2497 1508 205 118 capitulo
2651 1508 103 118 2o

1634 1583 258 115 dictio
1815 1583 206 115 quod
1944 1583 232 115 fides
2099 1583 181 115 est
2202 1583 258 115 virtus
2383 1583 181 115 qua
2486 1583 284 115 credunt

1634 1654 219 110 quae
1770 1654 191 110 non
1880 1654 328 110 videntur
2126 1654 164 110 et
2208 1654 191 110 hoc
2317 1654 273 110 ultrum
2508 1654 273 110 mebrum

1643 1723 292 105 potest
1847 1723 468 105 subdistingui
2227 1723 234 105 quia
2373 1723 263 105 illud
2549 1723 205 105 quo

1640 1789 283 124 creditur
1853 1789 330 124 dupliciter
2112 1789 236 124 potest
2278 1789 236 124 summui
2443 1789 165 124 vel
2514 1789 212 124 effecti

1634 1862 145 113 ne
1706 1862 169 113 vel
1803 1862 338 113 subiective
2068 1862 145 113 et
2140 1862 169 113 sic
2237 1862 193 113 ipsa
2357 1862 289 113 potentia
2574 1862 217 113 fidei

1632 1936 413 107 informata
1950 1936 222 107 vel
2077 1936 222 107 quo
2204 1936 413 107 effective
2521 1936 191 107 et
2585 1936 127 107 re

1640 2006 363 112 psutative
1919 2006 167 112 et
2003 2006 195 112 non
2114 2006 390 112 subiective
2421 2006 195 112 Sed
2533 2006 223 112 quia

1644 2070 237 115 docta
1802 2070 263 115 illius
1986 2070 316 115 doctoris
2223 2070 342 115 faciliter
2486 2070 237 115 solvi

1646 2149 274 107 possunt
1846 2149 150 107 ex
1921 2149 250 107 dictis
2095 2149 250 107 thomae
2270 2149 150 107 de
2345 2149 299 107 argentis
2569 2149 175 107 qui

1656 2209 99 106 4
1696 2209 237 106 prologis
1874 2209 237 106 articulo
2052 2209 119 106 2o
2111 2209 158 106 ideo
2210 2209 277 106 pertranseo
2427 2209 119 106 et
2487 2209 158 106 dico
2585 2209 158 106 quod

1646 2289 184 125 non
1751 2289 184 125 est
1856 2289 210 125 idem
1987 2289 289 125 habitus
2197 2289 236 125 fides
2355 2289 158 125 et
2433 2289 341 125 theologia

1655 2362 138 106 Et
1724 2362 161 106 cum
1816 2362 207 106 ultra
1955 2362 277 106 arguitur
2162 2362 184 106 dico
2277 2362 207 106 primo
2415 2362 184 106 quod
2531 2362 138 106 si
2577 2362 115 106 uni

1647 2428 340 117 forvitur
1902 2428 425 117 remittuntur
2242 2428 227 117 quod
2383 2428 368 117 remaneret

1650 2493 246 115 aliquis
1828 2493 223 115 gradus
1984 2493 312 115 theologiae
2230 2493 156 115 sed
2319 2493 201 115 tamen
2453 2493 156 115 non
2542 2493 223 115 dicere

1638 2568 214 99 tunc
1772 2568 348 99 theologia
2040 2568 214 99 quia
2174 2568 214 99 sive
2308 2568 214 99 fide
2442 2568 188 99 non
2522 2568 188 99 suffi

1647 2624 227 138 ceret
1798 2624 227 138 huius
1950 2624 278 138 habitus
2151 2624 303 138 habentem
2378 2624 227 138 ipsum
2530 2624 303 138 theogium

1644 2696 287 99 denominare
1870 2696 123 99 2a
1932 2696 328 99 consequenter
2198 2696 144 99 est
2281 2696 246 99 dicendum
2465 2696 164 99 quod
2547 2696 226 99 theologia

1662 2787 253 86 potest
1839 2787 253 86 manere
2016 2787 202 86 sive
2142 2787 202 86 fide
2269 2787 177 86 sed
2370 2787 177 86 non
2471 2787 253 86 potest
2623 2787 101 86 ma

1655 2833 181 121 nere
1769 2833 181 121 sive
1882 2833 181 121 fide
1996 2833 295 121 theologia
2222 2833 227 121 saltem
2381 2833 272 121 secundum
2585 2833 204 121 legem

1638 2901 283 126 praesentem
1860 2901 121 126 et
1920 2901 323 126 conclusionem
2183 2901 121 126 Ex
2243 2901 141 126 quo
2324 2901 182 126 patet
2445 2901 162 126 quod
2546 2901 222 126 habitui

1658 2981 304 105 theologicao
1901 2981 142 105 non
1982 2981 142 105 est
2063 2981 182 105 causa
2184 2981 203 105 essele
2326 2981 162 105 esse
2427 2981 263 105 theogicum
2630 2981 142 105 etc

1655 3025 154 153 est
1743 3025 199 153 ipsum
1876 3025 177 153 esse
1986 3025 243 153 habitum
2162 3025 199 153 patet
2295 3025 199 153 satis
2427 3025 132 153 de
2493 3025 132 153 se
2560 3025 110 153 ¶
2604 3025 132 153 2o

1650 3127 220 94 potest
1804 3127 176 94 dici
1914 3127 132 94 ad
1980 3127 264 94 rationem
2178 3127 176 94 quod
2287 3127 154 94 non
2375 3127 220 94 potest
2529 3127 176 94 esse
2617 3127 110 94 uni

1658 3192 225 107 fores
1808 3192 225 107 eorum
1958 3192 300 107 remissio
2183 3192 175 107 quo
2284 3192 150 107 ad
2359 3192 325 107 euntitiam
2609 3192 175 107 non

1651 3268 259 117 titiam
1832 3268 155 117 et
1910 3268 362 117 certudinem
2195 3268 233 117 patet
2350 3268 207 117 quia
2479 3268 181 117 non
2583 3268 207 117 sunt

1653 3343 284 135 eiusdem
1860 3343 284 135 ambitus
2067 3343 310 135 secundum
2299 3343 233 135 istas
2455 3343 310 135 rationes
