2964 4166
341 418 163 145 iam
434 418 233 145 dictas
597 418 140 145 in
666 418 326 145 corollaris
922 418 163 145 ubi
1015 418 209 145 supra
1155 418 116 145 ¶
1201 418 140 145 Ad
1271 418 163 145 3am

328 515 263 116 rationem
526 515 154 116 cum
613 515 263 116 arguitur
811 515 198 116 tanta
943 515 154 116 est
1031 515 307 116 cuiuslibet
1250 515 88 116 in

337 587 197 116 tatis
469 587 307 116 evidentiam
710 587 219 116 quanta
863 587 153 116 est
951 587 153 116 etc
1038 587 219 116 posset
1192 587 197 116 primo

335 659 185 108 dici
450 659 347 108 simpliciter
728 659 254 108 negando
913 659 301 108 assumptum
1144 659 162 108 nec
1213 659 116 108 ibi

325 720 190 114 fuit
444 720 285 114 probatum
658 720 119 114 ¶
705 720 143 114 2o
777 720 238 114 potest
943 720 190 114 dici
1062 720 166 114 pro
1133 720 214 114 materia

342 795 319 105 argumenti
588 795 197 105 quod
711 795 344 105 evidentiam
981 795 344 105 dupliciter
1227 795 123 105 aci

346 870 179 105 uno
449 870 205 105 modo
577 870 436 105 proevidentiam
936 870 436 105 inhaeresionis

340 937 140 107 ¶
396 937 168 107 2o
480 937 196 107 pro
592 937 364 107 evidentia
873 937 420 107 speculative
1181 937 140 107 cog

337 999 286 112 nitionis
552 999 143 112 Et
623 999 191 112 haec
742 999 238 112 potest
909 999 238 112 accipi
1076 999 167 112 vel
1171 999 167 112 pro
1243 999 119 112 evi

328 1068 272 114 dentia
518 1068 380 114 eviudentis
817 1068 163 114 si
898 1068 244 114 primo
1061 1068 353 114 accipitur

344 1142 331 105 evidentiam
604 1142 165 105 sic
699 1142 260 105 concedo
888 1142 307 105 assumptum
1124 1142 142 105 et
1195 1142 213 105 trunc

338 1201 226 90 nichil
497 1201 158 90 est
587 1201 226 90 contra
745 1201 136 90 me
813 1201 136 90 si
881 1201 136 90 2o
949 1201 181 90 modo
1062 1201 226 90 primae
1197 1201 181 90 distin

322 1271 301 107 ctionis
541 1271 219 107 nego
678 1271 356 107 assumptum
952 1271 164 107 ut
1034 1271 247 107 prius
1198 1271 192 107 vel

335 1335 235 108 aliter
499 1335 141 108 si
569 1335 164 108 sut
663 1335 329 108 evidentiam
921 1335 211 108 primo
1062 1335 188 108 modo
1180 1335 164 108 2ae
1250 1335 94 108 di

339 1404 334 117 stinctionis
606 1404 156 117 qui
695 1404 200 117 tenet
828 1404 133 117 ex
895 1404 200 117 parte
1028 1404 156 117 rei
1117 1404 289 117 evidenter

332 1476 181 123 sic
436 1476 285 123 concedo
643 1476 336 123 assumptum
901 1476 155 123 et
979 1476 259 123 nichil
1134 1476 207 123 conclu

334 1563 221 105 ditur
482 1563 123 105 a
531 1563 221 105 dicta
678 1563 147 105 si
752 1563 147 105 2o
826 1563 196 105 modo
948 1563 172 105 qui
1047 1563 221 105 tenet
1194 1563 147 105 se
1268 1563 147 105 ex

317 1630 236 113 parte
474 1630 419 113 cognoscentis
814 1630 183 113 sic
919 1630 209 113 nego
1050 1630 340 113 assumptum

336 1711 216 105 sicut
480 1711 216 105 prius
623 1711 120 105 ¶
671 1711 144 105 ad
743 1711 287 105 rationem
959 1711 240 105 contra
1126 1711 240 105 primum

331 1761 270 128 corollarium
547 1761 126 128 cum
619 1761 216 128 arguitur
781 1761 144 128 ista
870 1761 126 128 non
942 1761 144 128 sunt
1032 1761 198 128 eiusdem
1176 1761 198 128 certitu

320 1837 245 105 dinis
483 1837 190 105 etc
592 1837 272 105 posset
782 1837 245 105 primo
945 1837 272 105 simpli
1135 1837 272 105 negari

326 1909 325 88 antecedens
581 1909 139 88 2o
650 1909 232 88 possem
813 1909 348 88 distinguere
1091 1909 301 88 decertitu

323 1966 268 117 divinae
517 1966 146 117 ad
591 1966 317 117 haesionis
834 1966 146 117 et
907 1966 365 117 cognitionis
1199 1966 170 117 sic

333 2041 208 119 prius
472 2041 162 119 est
564 2041 231 119 dictum
726 2041 116 119 ¶
772 2041 139 119 3o
841 2041 231 119 possem
1003 2041 231 119 dicere
1165 2041 185 119 quod
1258 2041 92 119 tr

336 2139 194 76 titudo
472 2139 272 76 dupliciter
685 2139 194 76 potest
821 2139 194 76 accipi
957 2139 136 76 uno
1035 2139 155 76 modo
1132 2139 117 76 ex
1190 2139 175 76 parte

330 2197 164 100 rei
423 2197 258 100 cognite
611 2197 141 100 2o
682 2197 188 100 modo
799 2197 141 100 ex
869 2197 211 100 parte
1010 2197 376 100 cognoscentis

326 2253 171 107 modo
433 2253 193 107 licet
561 2253 150 107 non
647 2253 214 107 forest
797 2253 171 107 tata
904 2253 278 107 certitudo
1118 2253 129 107 2o
1182 2253 171 107 modo

311 2334 231 95 esset
465 2334 231 95 tamen
619 2334 231 95 cauta
773 2334 333 95 certitudo
1030 2334 231 95 primo
1183 2334 231 95 dicta

320 2389 149 120 et
395 2389 173 120 hoc
494 2389 297 120 sufficit
716 2389 149 120 ad
791 2389 347 120 propositum
1063 2389 322 120 proverita

326 2480 134 94 te
393 2480 312 94 corollarii
638 2480 312 94 antetcenda
884 2480 134 94 Ad
951 2480 268 94 rationem
1151 2480 223 94 contra

195 2529 188 108 natura
327 2529 113 108 2m
383 2529 282 108 corollarium
609 2529 132 108 cum
684 2529 226 108 arguitur
853 2529 150 108 quod
947 2529 226 108 sequitur
1116 2529 169 108 eadem
1229 2529 132 108 rem

311 2616 233 109 esse
457 2616 321 109 finitam
690 2616 175 109 et
777 2616 379 109 infinitam
1069 2616 291 109 potest
1243 2616 117 109 di

308 2680 144 120 ci
380 2680 192 120 quod
500 2680 264 120 aliquam
692 2680 168 120 rem
788 2680 192 120 esse
909 2680 312 120 infinitam
1149 2680 240 120 potest

320 2761 293 109 dupliciter
550 2761 209 109 accipi
697 2761 146 109 uno
780 2761 167 109 modo
885 2761 230 109 proprie
1052 2761 167 109 quia
1157 2761 146 109 est
1219 2761 105 109 ali

297 2830 236 118 quid
444 2830 236 118 esse
591 2830 383 118 infinitum
885 2830 206 118 vel
1003 2830 324 118 entitas
1209 2830 118 118 in

315 2918 215 118 finita
465 2918 129 118 in
529 2918 215 118 genere
679 2918 150 118 vel
765 2918 215 118 specie
916 2918 107 118 ¶
959 2918 172 118 Alio
1066 2918 172 118 modo
1152 2918 193 118 ipoprie

316 2991 272 108 sicut
497 2991 181 108 de
588 2991 302 108 aliqua
799 2991 212 108 res
920 2991 453 108 aliqualiter

310 3069 289 103 infinite
527 3069 169 103 vel
623 3069 313 103 infinitae
864 3069 361 103 aliqualiter
1153 3069 145 103 et
1226 3069 169 103 hoc

311 3128 148 115 per
396 3128 382 115 denominationem
714 3128 318 115 extrinsecam
968 3128 148 115 vel
1053 3128 318 115 intrinsecam

321 3198 163 127 vel
414 3198 257 127 utraque
601 3198 210 127 simul
741 3198 210 127 sicut
881 3198 210 127 anima
1021 3198 210 127 licet
1161 3198 163 127 sit
1231 3198 93 127 fi

298 3287 204 117 nita
425 3287 306 117 essentia
654 3287 178 117 est
756 3287 229 117 tamen
909 3287 306 117 infinita
1113 3287 204 117 capaci

1476 413 173 115 tis
1575 413 296 115 secundum
1797 413 345 115 oppinionem
2068 413 296 115 clineton
2290 413 148 115 Et
2339 413 173 115 actus

1480 496 350 106 mortaliter
1755 496 225 106 malus
1905 496 225 106 licet
2055 496 175 106 sit
2155 496 250 106 finite
2330 496 225 106 malus

1468 565 286 102 secundum
1683 565 215 102 tamen
1826 565 334 102 oppinionem
2088 565 286 102 undolphi
2303 565 143 102 de
2351 565 119 102 cas

1463 625 242 115 cello
1624 625 161 115 et
1705 625 269 115 fascum
1893 625 242 115 deast
2054 625 296 115 dicitur
2269 625 269 115 infite

1469 701 154 102 de
1546 701 359 102 meritoriis
1829 701 180 102 sic
1931 701 308 102 simliter
2162 701 257 102 finita
2342 701 180 102 non

1471 764 215 111 titia
1614 764 239 111 potest
1781 764 191 111 dici
1901 764 310 111 certitudo
2139 764 286 111 infinita
2354 764 167 111 vel

1469 837 274 92 infinita
1675 837 297 92 certitudo
1903 837 228 92 posset
2063 837 206 92 etiam
2200 837 228 92 aliter
2360 837 183 92 dici

1475 914 224 95 negando
1637 914 305 95 simpliciter
1881 914 346 95 consequentiam
2166 914 183 95 prius
2288 914 224 95 sanctam

1470 971 207 108 quia
1599 971 181 108 non
1703 971 310 108 sequitur
1936 971 207 108 haec
2065 971 181 108 res
2169 971 181 108 est
2272 971 259 108 infita

1487 1038 267 105 notitia
1681 1038 242 105 igitur
1850 1038 170 105 est
1947 1038 170 105 res
2044 1038 291 105 infinita
2263 1038 218 105 super
2384 1038 121 105 qua

1481 1120 335 95 consequentia
1753 1120 251 95 probatur
1942 1120 293 95 argumentum
2173 1120 189 95 prius
2298 1120 210 95 sactum

1469 1162 108 102 ¶
1513 1162 130 102 ad
1578 1162 260 102 rationes
1773 1162 217 102 contra
1924 1162 130 102 3m
1989 1162 303 102 corollarii
2227 1162 152 102 cum
2314 1162 238 102 argunit

1483 1229 277 115 brinkalis
1696 1229 192 115 primo
1824 1229 149 115 sic
1909 1229 256 115 respectu
2101 1229 235 115 nullius
2272 1229 299 115 propositis

1477 1294 188 111 habet
1603 1294 146 111 vel
1686 1294 209 111 habere
1833 1294 209 111 potest
1979 1294 146 111 etc
2063 1294 209 111 posset
2209 1294 188 111 primo
2335 1294 209 111 negari

1466 1364 163 99 gari
1568 1364 285 99 antecedens
1792 1364 163 99 unde
1894 1364 163 99 bene
1995 1364 163 99 dico
2097 1364 163 99 quod
2199 1364 183 99 luime
2321 1364 183 99 illud

1465 1428 216 114 fidei
1609 1428 168 114 cum
1705 1428 120 114 i
1753 1428 216 114 perio
1897 1428 336 114 voluntatis
2162 1428 240 114 libero
2330 1428 192 114 sive

1461 1502 404 111 eidentiam
1772 1502 249 111 alia
1927 1502 373 111 sufficit
2207 1502 249 111 care
2332 1502 124 111 as

1476 1572 260 107 sensum
1658 1572 442 107 propositionis
2021 1572 182 107 non
2125 1572 338 107 evidenter
2359 1572 130 107 evi

1473 1620 213 129 denter
1622 1620 128 129 2o
1686 1620 213 129 potest
1836 1620 171 129 dici
1942 1620 171 129 quod
2049 1620 192 129 ratio
2177 1620 149 129 non
2263 1620 213 129 probat
2391 1620 85 129 in

1455 1709 246 107 tentum
1627 1709 196 107 quia
1750 1709 221 107 licet
1898 1709 246 107 probus
2069 1709 147 107 ut
2143 1709 196 107 sibi
2266 1709 270 107 videtur

1470 1775 175 113 quod
1579 1775 153 113 non
1667 1775 175 113 sine
1776 1775 240 113 disctsu
1951 1775 219 113 potest
2104 1775 197 113 fides
2235 1775 240 113 causare

1461 1845 334 111 assenssum
1719 1845 180 111 non
1821 1845 232 111 tamen
1976 1845 232 111 pront
2130 1845 206 111 quod
2259 1845 232 111 fides

1465 1910 388 114 sufficiat
1764 1910 269 114 illum
1943 1910 329 114 causare
2182 1910 359 114 discrsum

1456 1994 128 100 et
1520 1994 149 100 per
1605 1994 298 100 consequens
1838 1994 128 100 et
1902 1994 255 100 assensum
2093 1994 106 100 ¶
2136 1994 128 100 3o
2200 1994 170 100 dico
2306 1994 170 100 quod
2391 1994 85 100 ma

1459 2059 133 115 ior
1535 2059 190 115 potest
1668 2059 266 115 dupliciter
1877 2059 247 115 intelligi
2068 2059 228 115 secundum
2239 2059 152 115 quod
2334 2059 152 115 iste
2410 2059 76 115 di

1472 2131 211 120 scisus
1620 2131 211 120 potest
1767 2131 295 120 dupliciter
2000 2131 211 120 accipi
2147 2131 148 120 uno
2232 2131 295 120 extrinsece

1458 2211 250 112 afide
1625 2211 250 112 etiam
1792 2211 250 112 extra
1959 2211 306 112 speciem
2182 2211 223 112 suam
2293 2211 167 112 mgdu

1453 2273 425 79 evidentiae
1786 2273 455 79 evinentiori
2150 2273 182 79 et
2241 2273 243 79 tunc
2363 2273 121 79 ma

1457 2344 158 113 ior
1548 2344 158 113 est
1638 2344 203 113 falsa
1773 2344 203 113 sicud
1908 2344 135 113 ex
1976 2344 203 113 pitur
2111 2344 135 113 de
2179 2344 225 113 multis
2337 2344 180 113 fide

1468 2418 221 108 libus
1616 2418 319 108 inperitis
1862 2418 123 108 ¶
1911 2418 197 108 Alio
2034 2418 197 108 modo
2157 2418 172 108 pro
2255 2418 270 108 effectu

1467 2489 343 112 ipsonet
1716 2489 281 112 fidei
1904 2489 250 112 sive
2060 2489 343 112 disctsu
2278 2489 156 112 inm

1459 2526 319 135 superius
1699 2526 186 135 est
1805 2526 266 135 dictum
1991 2526 213 135 quod
2124 2526 399 135 aliqualiter

1454 2625 202 86 est
1570 2625 318 86 notitia
1801 2625 202 86 vel
1916 2625 404 86 eviudentia
2234 2625 260 86 licet

1467 2698 270 94 remisse
1664 2698 147 94 et
1737 2698 172 94 sic
1835 2698 270 94 concedo
2031 2698 245 94 mionem
2203 2698 147 94 et
2276 2698 221 94 minor

1466 2775 146 91 tunc
1557 2775 128 91 est
1630 2775 165 91 falsa
1740 2775 146 91 quia
1832 2775 238 91 quaelibet
2015 2775 256 91 propositio
2216 2775 220 91 respectu
2381 2775 165 91 cuius

1461 2823 237 115 fides
1618 2823 368 115 inclinavit
1908 2823 184 115 est
2013 2823 210 115 sibi
2144 2823 394 115 aliqualiter

1460 2913 229 97 evidens
1626 2913 125 97 et
1689 2913 145 97 non
1772 2913 125 97 ut
1834 2913 187 97 patet
1959 2913 145 97 per
2042 2913 270 97 praedicta
2250 2913 104 97 ¶
2292 2913 187 97 circa

1465 2963 204 113 quae
1592 2963 178 113 duo
1694 2963 204 113 sunt
1821 2963 280 113 notanda
2024 2963 254 113 primum
2203 2963 204 113 quod
2304 2963 153 113 culo

1467 3026 170 123 quor
1573 3026 148 123 hic
1658 3026 191 123 sicut
1785 3026 191 123 alkot
1912 3026 297 123 quaestione
2145 3026 191 123 primi
2272 3026 275 123 articulio

1465 3090 242 100 primo
1626 3090 188 100 ubi
1734 3090 295 100 quaerit
1948 3090 161 100 an
2029 3090 242 100 crede
2190 3090 349 100 articulos

1473 3168 221 111 fidei
1621 3168 172 111 sic
1719 3168 147 111 in
1793 3168 246 111 libera
1965 3168 319 111 potestate
2210 3168 270 111 hominis

1461 3235 181 106 ubi
1565 3235 233 106 dicit
1720 3235 207 106 quod
1849 3235 310 106 loquitur
2082 3235 155 106 de
2160 3235 259 106 aliquo
2341 3235 181 106 non

1454 3301 351 112 habituato
1724 3301 162 112 in
1805 3301 216 112 fide
1940 3301 189 112 qui
2048 3301 270 112 audiat
2237 3301 297 112 aliquod
