2964 4166
313 446 314 130 aisoerornis
564 446 188 130 libro
690 446 126 130 3o
753 446 188 130 summe
878 446 209 130 dicens
1025 446 167 130 quod
1130 446 230 130 articul

304 537 212 117 fidei
446 537 188 117 sint
563 537 165 117 per
658 537 141 117 se
728 537 188 117 noti
846 537 165 117 hoc
940 537 259 117 propter
1129 537 188 117 eius
1223 537 94 117 in

303 607 211 115 chil
435 607 185 115 aio
540 607 185 115 eis
646 607 264 115 notius
831 607 290 115 asserti
1042 607 185 115 sit
1147 607 238 115 forte

302 673 204 123 satis
438 673 227 123 posset
597 673 250 123 concedi
779 673 295 123 diceretur
1005 673 204 123 tamen
1142 673 227 123 melius

298 752 254 125 propter
483 752 231 125 nichil
645 752 254 125 certium
830 752 254 125 asserti
1015 752 185 125 quia
1130 752 208 125 licet

301 828 235 101 nichil
466 828 165 101 sit
560 828 282 101 arguitur
772 828 212 101 fidei
913 828 259 101 certius
1101 828 259 101 aliquid

307 914 187 86 tame
423 914 163 86 est
517 914 163 86 eis
610 914 233 86 notius
773 914 163 86 sed
867 914 187 86 ista
984 914 163 86 non
1077 914 257 86 apparet

298 968 218 105 fuisse
451 968 218 105 istius
603 968 262 105 doctoris
800 968 283 105 sententia
1018 968 153 105 nec
1105 968 196 105 esset
1236 968 131 105 ad

303 1036 358 103 propositionem
598 1036 127 103 de
661 1036 148 103 quo
746 1036 148 103 ego
830 1036 211 103 loquor
978 1036 169 103 ideo
1083 1036 274 103 articulus

305 1096 266 117 videtur
499 1096 266 117 informa
692 1096 194 117 esse
813 1096 242 117 contra
983 1096 218 117 ipsum
1128 1096 242 117 posset

314 1168 189 109 tam
422 1168 189 109 hic
530 1168 243 109 fieri
692 1168 351 109 multiplex
963 1168 378 109 distinctio
1233 1168 108 109 de

307 1251 169 99 per
404 1251 145 99 se
476 1251 194 99 esse
597 1251 218 99 notum
742 1251 218 99 sicut
887 1251 218 99 patet
1033 1251 145 99 ex
1105 1251 242 99 dictis
1250 1251 97 99 hu

300 1295 197 118 goluum
438 1295 177 118 libro
557 1295 99 118 1
596 1295 276 118 quaestione
813 1295 99 118 1
852 1295 237 118 articulo
1030 1295 177 118 primo
1148 1295 118 118 et
1207 1295 138 118 per
1266 1295 79 118 ma

283 1366 308 103 gistrum
507 1366 336 103 Iohannem
759 1366 168 103 de
844 1366 308 103 bractis
1040 1366 280 103 intracta

299 1431 175 118 tum
399 1431 175 118 suo
499 1431 324 118 devidendo
748 1431 200 118 deum
873 1431 299 118 capitulo
1097 1431 150 118 12
1147 1431 175 118 prolo

287 1502 146 106 gu
360 1502 220 106 etiam
506 1502 171 106 pro
604 1502 220 106 caulo
750 1502 366 106 computandum
1043 1502 171 106 sed
1140 1502 220 106 dimit

302 1560 142 121 to
373 1560 142 121 ad
444 1560 284 121 praesens
658 1560 118 121 ¶
705 1560 142 121 ad
776 1560 142 121 4m
847 1560 166 121 cum
942 1560 284 121 arguitur
1155 1560 189 121 quam

311 1636 325 120 indubitant
566 1636 255 120 constat
751 1636 162 120 per
844 1636 139 120 se
914 1636 186 120 esse
1030 1636 232 120 falsum
1192 1636 162 120 etc

306 1710 196 119 potest
444 1710 177 119 primo
562 1710 157 119 dici
660 1710 216 119 negando
817 1710 196 119 aiorem
954 1710 137 119 nec
1033 1710 177 119 promo
1151 1710 177 119 valet

291 1805 197 94 quia
415 1805 172 94 non
513 1805 172 94 est
612 1805 172 94 una
710 1805 345 94 partiuates
981 1805 148 94 et
1055 1805 222 94 maior
1203 1805 172 94 est

308 1849 109 117 b
352 1849 218 117 unilis
505 1849 196 117 ratio
636 1849 153 117 aut
723 1849 262 117 falsitas
919 1849 240 117 maioris
1094 1849 218 117 potest
1225 1849 87 117 as

293 1919 259 113 signari
482 1919 188 113 quia
600 1919 283 113 potentia
812 1919 330 113 percipiens
1071 1919 212 113 verum
1212 1919 141 113 et

294 1986 235 120 falsum
458 1986 211 120 esset
599 1986 211 120 magis
740 1986 423 120 ropordionstata
1092 1986 141 120 ad
1139 1986 164 120 cogno

310 2046 202 123 scendum
457 2046 184 123 falsum
585 2046 147 123 esse
677 2046 184 123 falsum
806 2046 147 123 quam
898 2046 166 123 verum
1008 2046 147 123 esse
1100 2046 166 123 verum
1211 2046 147 123 quia

302 2131 171 93 non
399 2131 220 93 solum
546 2131 245 93 falsum
717 2131 318 93 iudicatur
962 2131 245 93 falsum
1133 2131 171 93 ymo
1231 2131 147 93 ut

306 2210 242 108 plurum
475 2210 218 108 verum
621 2210 339 108 aestimatur
887 2210 242 108 falsum
1057 2210 170 108 sed
1154 2210 194 108 quia

290 2267 243 115 forte
452 2267 243 115 eadem
615 2267 243 115 causa
777 2267 271 115 posset
966 2267 216 115 dari
1102 2267 162 115 de
1156 2267 162 115 vero

305 2335 163 83 ieo
398 2335 233 83 potest
561 2335 187 83 dici
678 2335 140 83 2o
748 2335 373 83 distinguendo
1051 2335 140 83 de
1121 2335 233 83 dictio

284 2397 141 110 et
355 2397 141 110 de
426 2397 141 110 re
496 2397 212 110 dicti
638 2397 235 110 potest
802 2397 188 110 dici
920 2397 141 110 3o
991 2397 141 110 ad
1062 2397 165 110 mio
1156 2397 188 110 quod

300 2469 185 104 licet
424 2469 164 104 sint
526 2469 164 104 vere
629 2469 267 104 veritates
834 2469 226 104 nostrae
999 2469 205 104 sectae
1142 2469 226 104 quantum

294 2520 158 129 est
385 2520 383 129 exveritalibus
700 2520 135 129 in
768 2520 135 129 se
836 2520 158 129 non
926 2520 180 129 sunt
1038 2520 203 129 tamen
1174 2520 180 129 nobs

295 2598 145 109 de
367 2598 266 109 communi
561 2598 194 109 lege
682 2598 170 109 tam
779 2598 194 109 note
900 2598 194 109 quam
1021 2598 145 109 in
1094 2598 145 109 se
1167 2598 194 109 sunt

297 2653 181 134 vere
411 2653 113 134 ¶
456 2653 136 134 ad
524 2653 136 134 3m
592 2653 158 134 cum
682 2653 272 134 arguitur
886 2653 158 134 non
976 2653 158 134 est
1067 2653 294 134 processus

301 2739 148 95 in
375 2739 320 95 infinitum
622 2739 173 95 etc
720 2739 148 95 ad
794 2739 222 95 sanum
942 2739 370 95 intellectum
1213 2739 99 95 co

295 2800 177 118 cedo
405 2800 287 118 assumptum
626 2800 132 118 et
692 2800 154 118 cum
780 2800 243 118 dicitur
957 2800 199 118 igtur
1089 2800 177 118 erit
1200 2800 132 118 de
1244 2800 88 118 ne

285 2873 209 115 miere
424 2873 139 115 ad
494 2873 255 115 aliquid
679 2873 232 115 primum
842 2873 209 115 verum
981 2873 279 115 creditum
1190 2873 162 115 vel

291 2953 185 113 plura
415 2953 350 113 principaliter
703 2953 206 113 crdita
847 2953 206 113 Iterum
992 2953 124 113 ad
1053 2953 185 113 bonum
1156 2953 165 113 sensum

282 3024 251 108 potest
458 3024 276 108 admitti
659 3024 151 108 Et
734 3024 176 108 cum
835 3024 302 108 quaritur
1061 3024 176 108 vel
1161 3024 201 108 ista

270 3093 209 103 sunt
401 3093 288 103 credita
610 3093 183 103 etc
715 3093 209 103 dico
846 3093 209 103 quod
977 3093 183 103 non
1081 3093 209 103 sunt
1186 3093 131 103 cre

284 3162 174 104 dita
393 3162 239 104 propter
566 3162 195 104 aliud
697 3162 152 104 per
783 3162 130 104 se
849 3162 195 104 notum
979 3162 152 104 vel
1066 3162 239 104 propter
1217 3162 109 104 ali

271 3220 120 121 d
319 3220 289 121 creditum
536 3220 169 121 est
632 3220 169 121 sed
728 3220 265 121 propter
921 3220 433 121 intellectionem

270 3293 324 124 habitus
505 3293 265 124 fidei
682 3293 265 124 iipum
859 3293 412 124 voluntatis
1183 3293 177 124 et
1242 3293 88 124 a

1459 416 341 127 auctoritatem
1736 416 256 127 dicentis
1928 416 149 127 est
2013 416 256 127 creditum
2205 416 149 127 est
2291 416 256 127 creditum

1456 521 190 106 propter
1594 521 104 106 se
1646 521 155 106 ipsum
1749 521 190 106 quoniam
1888 521 207 106 secundum
2043 521 207 106 Eugoinus
2198 521 155 106 primo
2302 521 155 106 recto

1467 578 243 114 capitulo
1649 578 121 114 14
1710 578 162 114 quod
1811 578 202 114 scimus
1953 578 202 114 debere
2094 578 223 114 rationi
2256 578 162 114 quod
2337 578 142 114 credi

1455 669 167 74 mus
1551 669 310 74 auctortai
1789 669 167 74 nec
1885 669 215 74 nurum
2028 669 143 74 si
2100 669 358 74 auctoritati
2362 669 96 74 di

1459 719 220 87 centis
1613 719 132 87 in
1679 719 220 87 nostra
1833 719 176 87 fide
1943 719 264 87 creditur
2140 719 176 87 quia
2250 719 264 87 christus

1459 788 151 79 de
1534 788 302 79 aeternis
1760 788 226 79 nobis
1911 788 151 79 ex
1987 788 226 79 hibet
2137 788 352 79 infellilem
2389 788 101 79 vi

1458 850 147 97 tatem
1556 850 197 97 secundum
1703 850 213 97 augustnum
1867 850 98 97 13
1916 850 98 97 de
1966 850 213 97 trinitate
2129 850 197 97 capitulo
2277 850 213 97 penltimeo

1460 917 141 105 Ex
1530 917 188 105 hiis
1647 917 258 105 apparet
1835 917 164 105 qud
1929 917 164 105 est
2023 917 282 105 dicendum
2234 917 141 105 ad
2281 917 164 105 ratio

1472 973 167 119 nes
1567 973 238 119 illius
1734 973 286 119 doctoris
1948 973 119 119 ¶
1996 973 143 119 Ad
2067 973 286 119 rationem
2258 973 190 119 contra

1462 1048 193 120 primum
1597 1048 309 120 corollariium
1847 1048 135 120 cum
1925 1048 231 120 arguitur
2098 1048 135 120 per
2175 1048 174 120 illud
2291 1048 231 120 achaliem

1460 1120 196 113 mrti
1582 1120 147 113 et
1655 1120 269 113 mahanus
1851 1120 171 113 etc
1949 1120 171 113 qui
2047 1120 171 113 non
2144 1120 342 113 crediderit

1465 1202 183 98 dico
1580 1202 206 98 primo
1717 1202 183 98 quod
1831 1202 343 98 intelligent
2106 1202 206 98 deusu
2243 1202 275 98 rationis

1463 1258 325 104 itentibus
1713 1258 150 104 et
1788 1258 300 104 habentib
2014 1258 125 104 ¶
2064 1258 200 104 dico
2189 1258 150 104 2o
2264 1258 200 104 quod
2364 1258 100 104 re

1453 1326 280 112 cipiunt
1656 1326 229 112 actum
1809 1326 331 112 prohabitu
2064 1326 153 112 ut
2141 1326 280 112 dicatur
2345 1326 178 112 qui

1455 1394 182 100 non
1559 1394 312 100 credidit
1793 1394 156 100 id
1871 1394 182 100 est
1974 1394 234 100 fidem
2130 1394 182 100 non
2234 1394 260 100 habuis

1449 1463 172 100 vel
1548 1463 245 100 potest
1719 1463 196 100 dici
1842 1463 147 100 3o
1915 1463 172 100 qui
2013 1463 172 100 non
2111 1463 294 100 credidit
2307 1463 172 100 incre

1440 1507 205 129 dere
1568 1507 307 129 noluerit
1799 1507 128 129 ¶
1850 1507 154 129 ad
1927 1507 154 129 2m
2003 1507 205 129 quid
2131 1507 179 129 sit
2234 1507 154 129 de
2310 1507 205 129 isto

1457 1591 217 119 primo
1601 1591 193 119 actu
1722 1591 289 119 rationis
1939 1591 193 119 sine
2059 1591 145 119 de
2132 1591 193 119 iblo
2252 1591 217 119 primo
2373 1591 96 119 in

1452 1660 240 118 telligo
1627 1660 328 118 corollarium
1889 1660 131 118 si
1955 1660 218 118 credit
2107 1660 197 118 istam
2238 1660 131 118 et
2304 1660 175 118 scit

1445 1726 159 112 vel
1536 1726 296 112 scientiae
1764 1726 227 112 potest
1923 1726 159 112 eam
2014 1726 136 112 de
2082 1726 182 112 mare
2195 1726 205 112 aritu
2332 1726 205 112 legis

1457 1799 217 121 nostrae
1615 1799 237 121 secretae
1793 1799 118 121 et
1852 1799 158 121 tunc
1951 1799 178 121 ratio
2069 1799 138 121 non
2148 1799 237 121 procedit
2326 1799 197 121 contra

1452 1878 136 126 me
1520 1878 203 126 sicut
1656 1878 203 126 patet
1791 1878 158 126 vel
1882 1878 226 126 potest
2040 1878 181 126 dici
2153 1878 203 126 etiam
2288 1878 136 126 si
2356 1878 158 126 non

1443 1957 224 108 possit
1599 1957 134 108 et
1666 1957 201 108 talis
1800 1957 313 108 inpotentia
2046 1957 268 108 procedit
2247 1957 134 108 ex
2315 1957 201 108 culpa

1453 2033 155 113 sua
1541 2033 155 113 vel
1630 2033 133 113 ex
1696 2033 199 113 culpa
1828 2033 265 113 impulica
2027 2033 265 113 scilicet
2226 2033 177 113 quod
2336 2033 177 113 dico

1444 2105 242 123 propter
1620 2105 220 123 culpam
1775 2105 220 123 orilem
1929 2105 176 123 tunc
2039 2105 198 123 talis
2171 2105 242 123 propter
2348 2105 176 123 suam

1452 2185 324 108 inpotentiam
1712 2185 151 108 non
1798 2185 281 108 excusatur
2014 2185 194 108 sicut
2143 2185 194 108 patet
2273 2185 259 108 expersse

1437 2260 145 103 per
1520 2260 289 103 venerabili
1747 2260 227 103 anselmi
1913 2260 145 103 cur
1996 2260 165 103 deus
2099 2260 165 103 homo
2202 2260 248 103 capitulo
2388 2260 124 103 24

1431 2324 182 113 ubi
1535 2324 261 113 inquid
1718 2324 313 113 anselmus
1952 2324 313 113 Iniustus
2186 2324 182 113 est
2291 2324 208 113 homo

1453 2400 154 119 qui
1541 2400 154 119 non
1629 2400 220 119 reddit
1783 2400 154 119 deo
1871 2400 176 119 quod
1980 2400 198 119 debet
2112 2400 198 119 etiam
2244 2400 264 119 sequitur

1465 2474 257 111 ninis
1637 2474 257 111 verum
1808 2474 200 111 nam
1922 2474 342 111 iniustus
2178 2474 200 111 est
2292 2474 200 111 qui

1441 2543 212 102 non
1562 2543 303 102 reddit
1774 2543 364 102 iniustus
2047 2543 243 102 quia
2199 2543 273 102 redde
2351 2543 121 102 ne

1451 2599 147 120 quod
1542 2599 92 120 ¶
1579 2599 110 120 ad
1634 2599 110 120 3m
1689 2599 202 120 concedo
1836 2599 257 120 antecedens
2038 2599 110 120 et
2094 2599 147 120 nego
2185 2599 312 120 consequentiam

1443 2684 155 110 et
1521 2684 206 110 dico
1650 2684 206 110 quod
1779 2684 155 110 in
1856 2684 181 110 hoc
1959 2684 206 110 stat
2088 2684 387 110 conformitas
2372 2684 103 110 me

1445 2758 229 106 biorum
1605 2758 137 106 ad
1674 2758 298 106 ecclesiam
1903 2758 183 106 quod
2017 2758 252 106 credant
2200 2758 206 106 sicut
2338 2758 183 106 ipsa

1448 2839 211 87 credit
1596 2839 148 87 sed
1680 2839 169 87 quod
1785 2839 232 87 credant
1954 2839 253 87 secundum
2144 2839 169 87 quod
2249 2839 169 87 ipsa
2333 2839 148 87 crede

1448 2893 341 108 praecipitaic
1724 2893 149 108 pro
1810 2893 277 108 solutione
2022 2893 341 108 argumentorum
2278 2893 170 108 contra

1457 2955 228 112 quintam
1623 2955 331 112 conclusionem
1892 2955 166 112 nota
1996 2955 186 112 primo
2120 2955 166 112 quod
2223 2955 145 112 est
2306 2955 186 112 aliud

1442 3027 249 110 dicere
1617 3027 174 110 hoc
1716 3027 299 110 mirabile
1941 3027 299 110 senibile
2165 3027 349 110 sufficiter

1440 3099 273 94 causare
1639 3099 348 94 conspicuam
1912 3099 323 94 perfectam
2161 3099 348 94 intuitivam

1452 3168 241 92 notitiam
1633 3168 241 92 secundum
1814 3168 181 92 modum
1934 3168 201 92 dictum
2075 3168 121 92 in
2135 3168 121 92 2a
2196 3168 302 92 conclusione

1431 3246 264 96 Aliud
1607 3246 205 96 est
1724 3246 293 96 dicere
1929 3246 205 96 hoc
2046 3246 381 96 miraculum
2310 3246 147 96 suf

1436 3296 230 116 ficit
1590 3296 281 116 causare
1794 3296 357 116 eviudentem
2074 3296 332 116 scientiam
2329 3296 153 116 et
2380 3296 128 116 ali
