2964 4265
306 395 221 138 res
433 395 380 138 destruit
718 395 348 138 erronea
971 395 348 138 degulam
1224 395 158 138 ¶

291 502 221 103 tor
418 502 221 103 nri
544 502 284 103 nasus
733 502 379 103 pertiunt
1017 502 379 103 spiratia

294 554 158 128 la
373 554 263 128 placta
557 554 289 128 meliori
767 554 158 128 In
846 554 158 128 3o
925 554 237 128 oculi
1083 554 158 128 de
1136 554 184 128 scnti

301 631 217 122 nit
425 631 435 122 unibracula
767 631 311 122 facula
984 631 404 122 clarioris
1264 631 93 122 u

289 709 307 102 quanto
504 709 184 102 os
597 709 400 102 construit
904 709 369 102 nocabula
1181 709 246 102 notu

314 768 164 126 la
396 768 327 126 dulciori
641 768 436 126 Inquantogene
996 768 382 126 obiciuntis

305 845 192 127 cum
414 845 219 127 glia
551 845 274 127 rosula
743 845 302 127 suamori
963 845 302 127 dicamus
1155 845 192 127 igitu

306 932 287 109 agistro
514 932 182 109 pet
619 932 182 109 cum
723 932 339 109 gratiarum
983 932 287 109 actione
1192 932 234 109 signa

302 994 189 108 tum
410 994 189 108 est
518 994 243 108 super
679 994 189 108 nos
787 994 243 108 lumen
949 994 269 108 vultus
1137 994 296 108 tumirus

321 1066 128 107 4o
385 1066 171 107 ymmo
492 1066 257 107 quilibet
684 1066 235 107 studens
855 1066 299 107 theologiae
1090 1066 192 107 dicat
1219 1066 171 107 sibi

315 1127 222 108 illud
464 1127 222 108 psals
612 1127 148 108 16
686 1127 148 108 de
760 1127 222 108 vultu
908 1127 173 108 tuo
1007 1127 297 108 iudicium
1205 1127 173 108 merei

299 1196 323 110 prodeat
534 1196 206 110 nec
651 1196 235 110 nrum
798 1196 235 110 quia
945 1196 265 110 oculi
1122 1196 235 110 tuii
1239 1196 118 110 vi

298 1265 237 108 dent
446 1265 414 108 aequitatem
772 1265 237 108 quia
919 1265 355 108 propheta
1186 1265 177 108 5o
1245 1265 118 108 af

314 1336 226 110 slatas
472 1336 248 110 spiritu
653 1336 271 110 promisit
856 1336 180 110 sibi
969 1336 226 110 dicens
1127 1336 226 110 potest

303 1383 455 129 faetificabis
672 1383 199 129 eum
786 1383 341 129 ingandio
1041 1383 199 129 cum
1155 1383 256 129 vultu

309 1476 146 109 hic
393 1476 250 109 magistra
580 1476 125 109 et
643 1476 250 109 infuturo
831 1476 146 109 per
914 1476 188 109 gulam
1040 1476 167 109 quod
1144 1476 188 109 nobus

476 1541 195 117 trum
598 1541 244 117 vultus
769 1541 220 117 primi
915 1541 220 117 summa
1061 1541 146 117 et
1135 1541 244 117 totlis

478 1609 349 107 pulchitudo
752 1609 174 107 sit
852 1609 224 107 omnis
1001 1609 399 107 perfectionis

492 1677 307 89 radiculs
723 1677 359 89 contentiva
1005 1677 231 89 pleni
1158 1677 205 89 quom

322 1744 139 120 non
402 1744 159 120 quia
501 1744 119 120 si
560 1744 199 120 quntra
700 1744 159 120 fore
799 1744 139 120 vea
878 1744 238 120 sequitur
1057 1744 199 120 primum
1196 1744 199 120 vultum

314 1798 231 119 beatifice
492 1798 231 119 percipere
669 1798 142 119 esse
758 1798 177 119 summum
882 1798 142 119 bene
971 1798 142 119 esse
1060 1798 284 119 consequensum

308 1866 313 124 tripliciter
558 1866 125 124 in
621 1866 250 124 probatur
808 1866 229 124 prinium
975 1866 292 124 principale
1204 1866 188 124 primo

294 1945 224 119 quia
434 1945 224 119 tunc
574 1945 252 119 primo
743 1945 309 119 vultiui
967 1945 252 119 foret
1136 1945 281 119 melius

326 2014 140 118 se
396 2014 233 118 primum
559 2014 140 118 et
629 2014 233 118 summum
792 2014 303 118 pulchorum
1025 2014 303 118 percipere
1235 2014 117 118 qua

334 2087 193 121 summum
469 2087 116 121 et
527 2087 193 121 primum
662 2087 232 121 pulchrum
836 2087 154 121 esse
932 2087 116 121 et
990 2087 135 121 per
1067 2087 270 121 consequens
1280 2087 116 121 si

332 2190 346 88 pipoentas
598 2190 266 88 primus
784 2190 266 88 vultus
970 2190 159 88 se
1050 2190 186 88 non
1130 2190 239 88 parcipe

315 2235 141 122 et
385 2235 141 122 et
455 2235 117 122 a
502 2235 258 122 angelus
689 2235 211 122 ipsum
830 2235 328 122 perciperet
1088 2235 211 122 foret
1205 2235 164 122 stant

309 2305 184 100 tus
414 2305 132 100 a
467 2305 263 100 angeli
651 2305 316 100 eligioer
888 2305 184 100 qua
993 2305 211 100 tunc
1124 2305 263 100 status

325 2367 162 120 primi
433 2367 180 120 vultus
559 2367 144 120 quod
649 2367 198 120 videtur
793 2367 180 120 falsum
918 2367 108 120 et
972 2367 234 120 comquente
1152 2367 162 120 satis
1260 2367 144 120 peas

335 2445 145 95 cent
425 2445 109 95 2o
480 2445 235 95 arguituro
661 2445 235 95 salsiatem
841 2445 199 95 eiusdem
986 2445 289 95 consequentis
1221 2445 181 95 sicudm

320 2518 105 112 si
373 2518 245 112 consequens
566 2518 158 112 foret
671 2518 105 112 ne
724 2518 105 112 3o
776 2518 245 112 sequiuitur
969 2518 140 112 quod
1057 2518 175 112 primum
1180 2518 210 112 vuldumum

323 2578 195 117 clare
454 2578 195 117 beati
584 2578 282 117 percipere
801 2578 195 117 foret
931 2578 195 117 magis
1061 2578 195 117 bonum
1192 2578 130 117 et
1257 2578 174 117 mtus

316 2653 158 128 gis
407 2653 249 128 elibile
588 2653 204 128 quodm
724 2653 181 128 eius
837 2653 271 128 opposita
1040 2653 204 128 primo
1176 2653 226 128 sporum

330 2718 192 121 nala
450 2718 264 121 carenti
642 2718 168 121 vel
738 2718 288 121 singulis
955 2718 312 121 sugicnter
1195 2718 192 121 quid

313 2797 201 110 pater
447 2797 223 110 contra
603 2797 179 110 veri
715 2797 268 110 anshilus
915 2797 134 110 2o
982 2797 156 110 Cur
1072 2797 179 110 deus
1183 2797 112 110 ¶
1228 2797 179 110 otua

321 2883 220 92 capitulo
486 2883 110 92 14
541 2883 110 92 Et
596 2883 184 92 contra
725 2883 257 92 augustinum
926 2883 110 92 de
982 2883 184 92 duabus
1110 2883 184 92 aniema
1239 2883 92 92 ¶
1275 2883 129 92 oum

316 2955 225 105 capitulo
485 2955 113 105 2o
541 2955 206 105 quaetia
691 2955 225 105 probatur
860 2955 150 105 quia
954 2955 206 105 positio
1104 2955 169 105 huius
1217 2955 169 105 estem

309 2999 235 122 humum
466 2999 209 122 bene
596 2999 209 122 esse
727 2999 157 122 et
806 2999 235 122 priva
963 2999 183 122 non
1067 2999 366 122 summmatium

328 3086 115 109 tm
385 3086 153 109 esse
481 3086 191 109 igitur
614 3086 306 109 consequentia
863 3086 134 109 est
939 3086 153 109 bona
1035 3086 95 109 /
1073 3086 115 109 3o
1130 3086 134 109 per
1206 3086 153 109 bono

324 3127 186 141 filitis
459 3127 270 141 consequentes
678 3127 118 141 sic
746 3127 101 141 si
796 3127 236 141 consequens
982 3127 152 141 esset
1083 3127 152 141 verus
1184 3127 202 141 sequitur

314 3215 260 121 quodlibet
514 3215 180 121 bonum
634 3215 360 121 comprehensoris
934 3215 240 121 quolibet
1114 3215 160 121 bono
1214 3215 160 121 mais

320 3283 173 120 toris
435 3283 173 120 esset
550 3283 192 120 melius
684 3283 154 120 quod
780 3283 211 120 videtur
934 3283 192 120 falsum
1068 3283 230 120 qaumentm
1241 3283 96 120 ¶
1279 3283 115 120 ta

323 3359 208 121 nullus
469 3359 208 121 posset
614 3359 166 121 esse
718 3359 187 121 simul
843 3359 395 121 comprhesorisaer
1176 3359 208 121 portes

1512 391 157 126 sitrur
1622 391 126 126 quod
1701 391 142 126 estis

1473 424 282 145 piatori
1679 424 180 145 non
1781 424 231 145 estei
1935 424 257 145 gienti
2115 424 205 145 proi

1488 533 353 114 comprehensoris
1783 533 137 114 Eti
1861 533 157 114 amum
1959 533 118 114 ex
2018 533 177 114 ailis
2136 533 196 114 qupaum

1508 605 204 101 falre
1644 605 181 101 bono
1757 605 249 101 gratiae
1938 605 340 101 generalater
2210 605 113 101 m

1477 665 218 102 videtur
1636 665 119 102 4m
1695 665 258 102 princpale
1894 665 99 102 /
1934 665 119 102 3o
1993 665 198 102 ditiem

1506 724 140 121 sic
1586 724 200 121 nullus
1726 724 140 121 est
1806 724 200 121 primus
1946 724 240 121 vebectus
2125 724 200 121 igitur
2265 724 160 121 quod

1501 791 154 109 vnit
1597 791 192 109 falsum
1731 791 307 109 consequentia
1981 791 154 109 bona
2076 791 269 109 antecedens
2288 791 173 109 verba
2403 791 173 109 primo

1496 854 148 121 sic
1581 854 169 121 5iam
1686 854 169 121 quod
1792 854 169 121 sunt
1898 854 254 121 rationes
2089 854 275 121 probeales
2300 854 212 121 tontar
2427 854 106 121 cri

1502 928 288 119 proprietates
1736 928 216 119 fatiales
1898 928 108 119 et
1952 928 126 119 per
2023 928 252 119 consequens
2221 928 216 119 nullurut

1503 995 163 118 erit
1605 995 184 118 prima
1727 995 184 118 maior
1849 995 224 118 habetur
2013 995 122 118 ex
2074 995 163 118 modo
2176 995 204 118 loquem

1483 1073 174 120 torum
1599 1073 232 120 profundi
1773 1073 174 120 libro
1889 1073 174 120 primo
2005 1073 232 120 capitulo
2179 1073 116 120 17
2237 1073 135 120 ubi
2295 1073 135 120 dicit

1474 1157 224 102 divina
1631 1157 157 102 est
1720 1157 269 102 speculum
1922 1157 359 102 clarissumtum
2214 1157 269 102 perfetus
2415 1157 135 102 vo

1485 1217 155 102 ltus
1582 1217 117 102 et
1640 1217 175 102 ydeis
1757 1217 175 102 minor
1873 1217 214 102 habetur
2029 1217 117 102 ex
2087 1217 233 102 nthralis
2262 1217 253 102 augustini
2456 1217 117 102 14

1481 1281 111 118 de
1536 1281 222 118 trintiae
1702 1281 222 118 capitulo
1868 1281 111 118 34
1924 1281 222 118 dicentis
2090 1281 129 118 ubi
2164 1281 203 118 naturam
2311 1281 148 118 sunt

1488 1338 202 117 gule
1614 1338 151 117 is
1689 1338 328 117 mnrabiles
1942 1338 176 117 nsi
2042 1338 151 117 in
2118 1338 302 117 vellorum

1483 1417 168 114 lutis
1596 1417 150 114 quae
1689 1417 206 114 veritas
1839 1417 206 114 dicitur
1988 1417 187 114 Ecesie
2119 1417 150 114 quod
2213 1417 225 114 christum

1492 1483 196 92 intr
1615 1483 368 92 inminabiles
1909 1483 294 92 regulans
2130 1483 319 92 lunctinus

1485 1570 136 101 /2o
1562 1570 234 101 probatur
1738 1570 156 101 idem
1835 1570 273 101 antecedens
2049 1570 136 101 sit
2127 1570 117 101 ad
2186 1570 175 101 intra
2303 1570 214 101 indivis

1484 1633 313 113 infiniti
1719 1633 209 113 sunt
1849 1633 235 113 filii
2006 1633 183 113 ego
2110 1633 261 113 vultus
2292 1633 261 113 inliti

1493 1714 285 104 consequentia
1725 1714 160 104 patet
1831 1714 125 104 cum
1903 1714 125 104 non
1974 1714 125 104 sit
2045 1714 231 104 possibile
2223 1714 107 104 ad
2277 1714 160 104 intra
2383 1714 160 104 alius

1493 1776 193 114 esse
1613 1776 241 114 filium
1782 1776 145 114 et
1854 1776 217 114 ipsum
1999 1776 169 114 non
2095 1776 193 114 fore
2216 1776 289 114 patribum

1486 1847 135 113 nem
1563 1847 116 113 et
1621 1847 328 113 proprissumuim
1891 1847 193 113 ppultu
2026 1847 270 113 antecedens
2238 1847 231 113 arguonum
2411 1847 96 113 8

1497 1930 347 105 spponendo
1764 1930 214 105 quod
1898 1930 160 105 si
1978 1930 321 105 simlatio
2219 1930 294 105 adintra

1497 1990 375 125 communicabilis
1809 1990 167 125 quod
1914 1990 187 125 etiam
2038 1990 208 125 filius
2184 1990 146 125 sit
2267 1990 208 125 philum

1478 2076 226 107 cabilis
1642 2076 144 107 quo
1724 2076 267 107 supposito
1929 2076 246 107 articulo
2113 2076 144 107 sic
2195 2076 103 107 4
2236 2076 287 107 communiter

1498 2133 137 117 est
1577 2133 235 117 essentia
1753 2133 196 117 divina
1891 2133 137 117 tam
1969 2133 353 117 communicalties
2263 2133 137 117 est
2342 2133 216 117 relatio

1681 2210 176 106 trum
1791 2210 220 106 vultus
1945 2210 198 106 primi
2077 2210 198 106 summa
2209 2210 132 106 et
2275 2210 242 106 tontris

1658 2266 361 124 pulchitundo
1947 2266 169 124 sit
2043 2266 217 124 omnis
2188 2266 409 124 persfectionis

1653 2339 338 113 radicalis
1913 2339 364 113 contentiva
2199 2339 364 113 plenitundo

1477 2411 221 112 quod
1616 2411 194 112 non
1726 2411 221 112 quia
1865 2411 166 112 si
1948 2411 194 112 quo
2058 2411 221 112 fore
2196 2411 277 112 verati
2362 2411 194 112 sequu

1498 2463 224 129 primum
1654 2463 224 129 vultum
1811 2463 224 129 beatie
1968 2463 291 129 percipere
2192 2463 179 129 esse
2304 2463 224 129 summum
2438 2463 90 129 bn

1490 2543 161 118 esse
1590 2543 322 118 qonsequensum
1852 2543 121 118 et
1912 2543 302 118 tripliciter
2154 2543 221 118 inprimo
2315 2543 181 118 primo
2435 2543 161 118 quia

1480 2621 194 121 tunc
1601 2621 218 121 primo
1747 2621 267 121 vultiui
1941 2621 218 121 foret
2086 2621 243 121 melius
2256 2621 146 121 se
2329 2621 243 121 primum

1484 2682 126 127 et
1547 2682 210 127 summum
1694 2682 231 127 pularum
1862 2682 273 127 percipere
2071 2682 168 127 quam
2176 2682 210 127 summum
2323 2682 126 127 et
2386 2682 210 127 primum

1474 2760 221 119 pulchrum
1639 2760 147 119 esse
1731 2760 111 119 et
1787 2760 129 119 per
1860 2760 258 119 consequens
2063 2760 111 119 si
2118 2760 129 119 per
2192 2760 258 119 impotentio
2395 2760 184 119 primus

1474 2837 243 115 vultus
1644 2837 146 115 se
1717 2837 170 115 non
1814 2837 341 115 perciperet
2082 2837 146 115 et
2155 2837 122 115 a
2203 2837 243 115 anelos
2374 2837 219 115 ipsum

1474 2908 349 116 perciperet
1749 2908 225 116 foret
1898 2908 250 116 status
2073 2908 125 116 a
2123 2908 250 116 angeli
2297 2908 274 116 eligior

1480 2998 197 79 quam
1604 2998 197 79 tunc
1727 2998 247 79 status
1900 2998 197 79 prim
2023 2998 271 79 vuoltus
2220 2998 370 79 quodvidetur

1507 3062 179 114 falsum
1632 3062 107 114 et
1686 3062 233 114 comquente
1865 3062 161 114 satis
1973 3062 215 114 paterent
2134 3062 107 114 2o
2188 3062 215 114 articulo
2349 3062 233 114 filsiatem

1506 3136 189 119 eiusdem
1644 3136 275 119 consequentis
1867 3136 121 119 sic
1936 3136 103 119 si
1988 3136 241 119 consequens
2177 3136 155 119 foret
2281 3136 155 119 nequs
2384 3136 207 119 sequitur

1494 3205 158 122 quod
1593 3205 197 122 primum
1731 3205 178 122 ultum
1850 3205 178 122 clare
1968 3205 257 122 beatifice
2165 3205 257 122 percipere
2363 3205 138 122 for
2442 3205 99 122 i

1487 3282 175 106 gis
1587 3282 225 106 bonum
1737 3282 150 106 et
1813 3282 225 106 magis
1963 3282 326 106 eligibile
2213 3282 200 106 quam
2314 3282 200 106 eniero

1483 3365 278 114 pposita
1685 3365 227 114 primo
1837 3365 253 114 formem
2013 3365 202 114 mala
