2964 4269
441 415 268 144 videtur
636 415 341 144 auctoribus
904 415 268 144 quamvis
1099 415 146 144 in
1172 415 195 144 suis
1269 415 171 144 prolo

437 512 269 117 igitur
626 512 162 117 et
706 512 350 117 proheniis
975 512 350 117 remaneant
1245 512 269 117 malium

453 588 160 106 de
533 588 347 106 tractorum
800 588 160 106 et
880 588 187 106 hoc
987 588 293 106 decerto
1200 588 187 106 etc
1307 588 133 106 ¶

667 627 271 142 vipiens
864 627 172 142 etc
963 627 197 142 Iste
1086 627 172 142 est
1184 627 295 142 prologus
1381 627 98 142 li

675 709 129 122 bri
748 709 295 122 sententiarum
988 709 111 122 et
1043 709 240 122 dividitur
1228 709 111 122 in
1283 709 111 122 3s
1338 709 184 122 partes

647 788 332 128 principales
912 788 133 128 in
979 788 199 128 prima
1111 788 199 128 parte
1244 788 265 128 potensit

453 855 273 85 actum
635 855 364 85 dictandi
907 855 273 85 ardui
1089 855 182 85 in
1180 855 182 85 2a
1271 855 273 85 modum

431 923 396 113 procedendi
742 923 367 113 congtrium
1024 923 170 113 In
1109 923 170 113 3a
1194 923 254 113 frcum
1335 923 113 113 la

454 995 249 113 vborum
628 995 298 113 uberimum
852 995 149 113 et
926 995 149 113 2a
1001 995 199 113 pars
1125 995 273 113 incipit
1324 995 224 113 horum

434 1054 253 125 igitur
611 1054 152 125 3a
686 1054 177 125 ibi
787 1054 177 125 non
888 1054 227 125 debet
1040 1054 227 125 autem
1191 1054 177 125 hic
1292 1054 227 125 labor

444 1125 199 123 prima
577 1125 288 123 dividitur
798 1125 133 123 in
865 1125 155 123 3es
953 1125 133 123 2m
1020 1125 177 123 quod
1131 1125 310 123 ardieuntas
1374 1125 155 123 dic

463 1203 190 120 tandi
590 1203 127 120 ex
653 1203 211 120 tribus
801 1203 275 120 consistit
1013 1203 254 120 scilicet
1203 1203 127 120 ex
1267 1203 254 120 dictatis

455 1259 468 120 invelbecillitate
852 1259 281 120 naturali
1063 1259 164 120 32o
1157 1259 140 120 ex
1227 1259 281 120 difficul

463 1323 180 126 tate
576 1323 315 126 dicendorum
824 1323 360 126 supernatuali
1117 1323 135 126 3o
1184 1323 135 126 ex
1252 1323 135 126 de
1319 1323 203 126 crica

444 1401 243 105 torum
606 1401 378 105 dolositate
903 1401 270 105 cuiali
1092 1401 162 105 2a
1173 1401 216 105 pars
1308 1401 189 105 est

452 1468 218 115 ibi
576 1468 280 115 ardua
763 1468 374 115 scandere
1044 1468 187 115 3a
1137 1468 218 115 ibi
1262 1468 249 115 Qmis

461 1527 164 124 non
554 1527 281 124 abigamus
765 1527 211 124 prima
906 1527 187 124 pars
1023 1527 211 124 habet
1163 1527 164 124 3es
1257 1527 281 124 particum

448 1602 203 116 las
564 1602 203 116 nam
680 1602 174 116 in
767 1602 261 116 prima
941 1602 435 116 recognoscit
1290 1602 232 116 suam

453 1675 152 110 in
529 1675 406 110 becillitatem
859 1675 279 110 ingenim
1062 1675 152 110 et
1138 1675 330 110 industrie
1366 1675 102 110 di

452 1733 175 109 cens
562 1733 285 109 Cupientes
780 1733 241 109 aliquid
956 1733 306 109 quaestione
1196 1733 153 109 non
1284 1733 219 109 altera

454 1803 190 119 sed
562 1803 299 119 aliquid
780 1803 163 119 ut
861 1803 299 119 humilia
1079 1803 190 119 cum
1187 1803 326 119 huilibet

468 1869 267 127 sentiat
662 1869 146 127 2o
735 1869 267 127 scrutim
930 1869 146 127 et
1002 1869 316 127 scientiae
1246 1869 243 127 dicens

455 1922 403 141 cupientes
765 1922 372 141 depenima
1045 1922 186 141 3o
1138 1922 403 141 erudiendi

458 2001 144 103 et
530 2001 312 103 doctrinae
770 2001 120 103 d
818 2001 144 103 ac
890 2001 336 103 tenicitate
1154 2001 240 103 nostra
1322 2001 192 103 tunc

466 2066 281 132 sequitur
676 2066 140 132 et
747 2066 187 132 pars
864 2066 211 132 ardua
1004 2066 281 132 scandere
1215 2066 164 132 etc
1309 2066 187 132 quae

468 2142 263 132 similiter
670 2142 263 132 dividitur
873 2142 121 132 in
933 2142 142 132 3es
1014 2142 202 132 partes
1156 2142 243 132 secundum
1338 2142 121 132 ex

462 2200 236 148 tres
610 2200 266 148 ponit
787 2200 236 148 quae
935 2200 266 148 erant
1112 2200 236 148 sibi
1230 2200 207 148 diffi

456 2261 243 142 cilia
618 2261 216 142 quae
753 2261 270 142 eranst
942 2261 297 142 sctupor
1159 2261 351 142 aggdiendi

453 2339 257 109 labor
624 2339 399 109 exaequendi
937 2339 257 109 timor
1108 2339 399 109 deficiendi

460 2395 157 116 2a
538 2395 183 116 ibi
643 2395 367 116 delectatis
931 2395 183 116 nos
1036 2395 288 116 veritas
1245 2395 157 116 3a
1324 2395 183 116 ibi

443 2472 352 120 desiderui
714 2472 190 120 etc
822 2472 298 120 quamvis
1039 2472 190 120 non
1147 2472 325 120 abigamus

449 2543 193 130 ista
570 2543 169 130 est
666 2543 145 130 3a
739 2543 314 130 particula
981 2543 242 130 primae
1150 2543 242 130 partis
1319 2543 193 130 quae

441 2601 342 134 dividitur
704 2601 158 134 in
782 2601 184 134 3es
888 2601 184 134 nam
993 2601 158 134 in
1071 2601 237 134 prima
1229 2601 158 134 ex
1308 2601 237 134 primi

449 2684 160 108 de
529 2684 373 108 trectionis
823 2684 293 108 radicem
1036 2684 160 108 et
1116 2684 400 108 occcasionem

463 2750 136 134 et
531 2750 136 134 in
599 2750 136 134 se
667 2750 249 134 flsitas
848 2750 181 134 lite
962 2750 408 134 praedicationem
1301 2750 136 134 in
1369 2750 136 134 3a

449 2820 350 127 veritatis
719 2820 458 127 inpugnationem
1096 2820 216 127 tunc
1230 2820 162 127 2a
1311 2820 216 127 pars

448 2891 176 123 ibi
549 2891 252 123 quorum
725 2891 327 123 professio
977 2891 151 123 3a
1052 2891 176 123 ibi
1128 2891 327 123 contentioni

467 2947 306 142 studentes
702 2947 306 142 quaelibet
937 2947 259 142 parcium
1125 2947 235 142 posset
1289 2947 235 142 dividi

459 3035 142 143 in
530 3035 237 143 plures
696 3035 166 143 sed
791 3035 237 143 partes
957 3035 284 143 patebunt

631 3091 305 118 vanius
845 3091 214 118 non
967 3091 397 118 ambigamus
1273 3091 244 118 Ista

661 3154 153 126 est
749 3154 131 126 3a
814 3154 284 126 particula
1033 3154 219 126 primae
1186 3154 219 126 partis
1339 3154 175 126 pri-

657 3211 246 141 cipalis
836 3211 179 141 quae
948 3211 291 141 dividitur
1172 3211 134 141 in
1239 3211 157 141 3as
1329 3211 179 141 pars

449 3292 186 124 nam
556 3292 159 124 in
635 3292 239 124 prima
794 3292 345 124 expreimit
1060 3292 451 124 deterectionis

452 3350 306 145 radicem
674 3350 167 145 et
758 3350 389 145 occasionem
1063 3350 167 145 2o
1147 3350 333 145 falsitas
1369 3350 111 145 in

1596 401 248 133 felicem
1777 401 406 133 praedicationem
2115 401 135 133 in
2182 401 135 133 3a
2250 401 293 133 veritatis
2475 401 203 133 decea

1608 490 252 103 pecte
1776 490 476 103 inpugnationem
2167 490 168 103 2a
2251 490 224 103 pars
2391 490 196 103 est
2503 490 196 103 ibi

1594 562 228 110 quorum
1754 562 296 110 professio
1981 562 137 110 3a
2049 562 159 110 qui
2141 562 341 110 contentioni
2414 562 296 110 studentes

1608 627 275 114 quaelibet
1819 627 232 114 partium
1988 627 211 114 posset
2136 627 211 114 dividi
2284 627 127 114 in
2347 627 211 114 plures
2495 627 148 114 sed

1602 695 245 111 partes
1773 695 294 111 patebunt
1993 695 318 111 inlegendo
2238 695 122 111 ¶
2287 695 220 111 horum
2433 695 245 111 igitur

1611 765 160 107 deo
1703 765 275 107 odibilem
1909 765 160 107 etc
2000 765 183 107 ista
2115 765 160 107 est
2206 765 137 107 2a
2275 765 183 107 pars
2366 765 298 107 principalis

1617 829 247 117 istius
1790 829 272 117 prologi
1988 829 198 117 quae
2111 829 148 117 ad
2185 829 395 117 praecedentem
2507 829 173 117 sic

1595 899 304 111 continuatur
1838 899 162 111 post
1939 899 162 111 quod
2040 899 243 111 magister
2223 899 324 111 determinativ
2486 899 182 111 actum

1606 969 330 102 dictandi
1853 969 275 102 ardini
2045 969 220 102 nunc
2183 969 165 102 in
2265 969 220 102 ista
2403 969 247 102 parte

1612 1030 284 104 ostendit
1825 1030 213 104 modum
1967 1030 331 104 procedendi
2227 1030 166 104 sui
2322 1030 213 104 stili
2440 1030 237 104 congruum

1602 1107 115 98 et
1659 1107 249 98 dividitur
1851 1107 153 98 haec
1947 1107 153 98 pars
2042 1107 115 98 in
2100 1107 134 98 4or
2177 1107 192 98 partes
2311 1107 230 98 secundum
2483 1107 153 98 quod

1602 1170 453 108 congruitatem
1970 1170 198 108 sui
2083 1170 255 108 saili
2252 1170 170 108 ex
2337 1170 311 108 quatuor

1600 1251 314 82 declarat
1835 1251 183 82 nam
1940 1251 235 82 primo
2096 1251 261 82 probat
2279 1251 157 82 ex
2358 1251 340 82 affectiva

1602 1301 234 114 finali
1765 1301 140 114 2o
1836 1301 351 114 exeffectiva
2116 1301 257 114 causali
2303 1301 140 114 3o
2374 1301 140 114 ex
2444 1301 234 114 subiec

1605 1381 191 79 tivo
1724 1381 310 79 maturiali
1963 1381 143 79 4o
2034 1381 334 79 exclrativa
2296 1381 262 79 formali
2487 1381 191 79 tunc

1612 1439 151 106 2a
1687 1439 202 106 pars
1813 1439 277 106 incipit
2015 1439 176 106 ibi
2116 1439 151 106 in
2192 1439 252 106 labore
2368 1439 227 106 multo
2519 1439 151 106 et

1605 1521 249 93 sudore
1779 1521 149 93 3a
1854 1521 174 93 ibi
1954 1521 473 93 extestionioniis
2352 1521 324 93 veritatis

1605 1569 154 109 4a
1682 1569 179 109 ibi
1785 1569 358 109 incoantuor
2066 1569 256 109 libris
2245 1569 358 109 distinctum
2527 1569 154 109 2a

1604 1636 167 113 pars
1709 1636 271 113 dividitur
1917 1636 125 113 in
1980 1636 167 113 duas
2084 1636 209 113 partes
2230 1636 251 113 secundum
2418 1636 167 113 quod
2523 1636 167 113 duos

1619 1702 223 103 ponit
1768 1702 223 103 fines
1916 1702 247 103 primus
2089 1702 173 103 est
2188 1702 322 103 ecclesiae
2435 1702 148 103 in
2485 1702 173 103 align

1601 1766 181 109 tium
1715 1766 272 109 opilatio
1919 1766 295 109 subersiva
2146 1766 249 109 secunds
2327 1766 159 109 est
2418 1766 295 109 doctrinae

1579 1835 465 105 speculantium
1957 1835 407 105 elucidatio
2277 1835 291 105 ercina
2481 1835 233 105 tunc

1594 1899 157 102 2a
1672 1899 209 102 pars
1803 1899 183 102 est
1908 1899 183 102 ibi
2013 1899 157 102 et
2091 1899 262 102 lutuam
2274 1899 340 102 veritatis
2536 1899 157 102 et

1594 1987 177 98 pars
1705 1987 200 98 etiam
1838 1987 288 98 dividitur
2059 1987 133 98 in
2126 1987 177 98 duas
2237 1987 266 98 secundum
2436 1987 177 98 quod
2547 1987 155 98 2as

1595 2036 229 93 tangit
1756 2036 229 93 causas
1916 2036 252 93 effecto
2100 2036 275 93 scilicet
2306 2036 275 93 iustrale
2512 2036 138 93 et

1602 2097 114 108 3
1648 2097 251 108 naoalem
1831 2097 343 108 principbile
2105 2097 160 108 cum
2196 2097 206 108 dicit
2333 2097 160 108 deo
2424 2097 206 108 dante
2539 2097 91 108 Iu

1611 2163 269 118 ftalem
1800 2163 188 118 cum
1907 2163 242 118 dicit
2069 2163 350 118 Compegius
2338 2163 162 118 3a
2419 2163 215 118 pars
2526 2163 108 118 re

1602 2236 287 97 maneret
1810 2236 313 97 indivisa
2045 2236 313 97 sequitur
2279 2236 208 97 illa
2410 2236 287 97 littera

1590 2309 390 94 Caestiononiis
1911 2309 298 94 veritatis
2140 2309 321 94 maeterinum
2393 2309 275 94 fundatis

1597 2372 139 99 et
1666 2372 162 99 4or
1759 2372 232 99 libris
1922 2372 325 99 destictvum
2177 2372 186 99 quae
2293 2372 209 99 vters
2432 2372 255 99 pericla

1613 2436 234 100 potest
1777 2436 141 100 ad
1847 2436 375 100 praecedentem
2151 2436 164 100 sic
2245 2436 328 100 continuari
2502 2436 187 100 post

1596 2504 173 103 quam
1705 2504 260 103 magister
1899 2504 260 103 probanit
2094 2504 195 103 modum
2224 2504 303 103 procedendi
2462 2504 130 103 et
2527 2504 173 103 suum

1582 2563 244 108 stilum
1753 2563 293 108 congriui
1972 2563 244 108 excsia
2143 2563 318 108 effectiva
2388 2563 244 108 finali

1594 2624 353 110 effectiva
1865 2624 298 110 causali
2082 2624 380 110 subiectiva
2381 2624 298 110 formali

1601 2687 207 99 nunc
1731 2687 259 99 probat
1912 2687 181 99 hoc
2016 2687 156 99 ex
2094 2687 389 99 declarativa
2379 2687 233 99 formali

1609 2754 162 98 etiam
1717 2754 234 98 dividitur
1897 2754 234 98 inquanque
2077 2754 180 98 partes
2204 2754 216 98 secundum
2366 2754 144 98 quod
2456 2754 216 98 quandque

1589 2811 259 123 officia
1778 2811 165 123 vel
1872 2811 377 123 proprietates
2179 2811 189 123 suin
2297 2811 236 123 fstibi
2438 2811 142 123 senu

1593 2883 251 99 modi
1750 2883 440 99 procedendi
2095 2883 220 99 nam
2221 2883 283 99 primo
2409 2883 283 99 ponit

1604 2949 231 110 extra
1758 2949 359 110 antiquorum
2041 2949 154 110 et
2118 2949 154 110 in
2195 2949 257 110 probat
2374 2949 308 110 frandule

1598 3022 214 116 tiam
1732 3022 429 116 haereticorum
2080 3022 161 116 3o
2161 3022 295 116 reserat
2375 3022 295 116 additum

1599 3090 247 96 notrum
1772 3090 148 96 4o
1846 3090 272 96 demirat
2044 3090 296 96 pericula
2266 3090 272 96 errorum
2464 3090 148 96 5o
2538 3090 148 96 se

1603 3155 319 110 conformat
1848 3155 270 110 litibus
2044 3155 319 110 sanctorum
2289 3155 147 110 2a
2362 3155 196 110 pars
2485 3155 172 110 ibi
2558 3155 98 110 In

1590 3222 184 130 quo
1695 3222 367 130 prodienite
1983 3222 236 130 fidei
2141 3222 157 130 3o
2219 3222 184 130 ibi
2324 3222 289 130 additum
2508 3222 105 130 de

1609 3293 286 137 mtrande
1817 3293 338 137 veritatis
2077 3293 312 137 complexi
2310 3293 156 137 4o
2388 3293 182 137 ibi
2492 3293 182 137 nec
