2964 4279
500 475 210 73 potest
647 475 168 73 dici
752 475 231 73 negando
920 475 105 73 b
962 475 126 73 et
1025 475 231 73 dicendo
1193 475 168 73 quod
1298 475 252 73 voluntas

519 543 140 68 non
599 543 140 68 non
679 543 280 68 praeexigit
899 543 300 68 actuationem
1140 543 280 68 voluntatis
1360 543 200 68 ipsius

514 602 286 75 intellectus
743 602 133 75 cum
819 602 153 75 sint
914 602 191 75 omnino
1048 602 133 75 sed
1124 602 267 75 requiritur
1334 602 153 75 quod

497 665 235 75 nostras
668 665 128 75 id
732 665 150 75 est
817 665 193 75 anima
946 665 278 75 cognoscat
1160 665 150 75 rem
1245 665 171 75 quam
1352 665 193 75 debet

483 751 204 55 velle
620 751 136 55 et
688 751 136 55 si
756 751 159 55 hoc
847 751 295 55 quandoque
1074 751 204 55 foret
1210 751 341 55 aliqualiter

519 815 191 60 prius
646 815 127 60 ex
710 815 148 60 hoc
794 815 191 60 tamen
922 815 148 60 non
1006 815 254 60 sequitur
1197 815 170 60 quod
1303 815 148 60 ita
1388 815 148 60 sit

524 877 219 66 iudaei
677 877 197 66 clara
809 877 241 66 visione
984 877 153 66 sed
1071 877 175 66 quid
1181 877 175 66 tunc
1290 877 263 66 dicendum

520 952 140 54 sic
600 952 120 54 ad
660 952 259 54 magistrum
859 952 179 54 satis
979 952 179 54 patet
1098 952 120 54 et
1158 952 179 54 pater
1278 952 199 54 potest
1417 952 120 54 ex

502 1017 186 53 dictis
632 1017 223 53 hugolini
800 1017 167 53 libro
911 1017 167 53 primo
1023 1017 297 53 distinctione
1264 1017 111 53 3a
1320 1017 111 53 Et
1376 1017 149 53 quia

507 1080 193 52 haec
627 1080 361 52 difficultas
916 1080 217 52 satis
1061 1080 289 52 communis
1277 1080 144 52 et
1325 1080 169 52 multi

498 1143 297 50 plicata
714 1143 432 50 sufficienter
1065 1143 162 50 in
1146 1143 324 50 scriptis
1362 1143 135 50 doc

509 1212 222 50 toris
657 1212 222 50 sicut
805 1212 222 50 patet
953 1212 173 50 per
1052 1212 271 50 Egidium
1225 1212 271 50 geherardi

509 1278 277 59 thomama
710 1278 151 59 de
786 1278 353 59 aergentina
1063 1278 151 59 et
1139 1278 328 59 alphonsus
1391 1278 176 59 qui

498 1342 215 67 tenent
648 1342 215 67 partem
798 1342 343 67 affirmativam
1077 1342 129 67 et
1141 1342 150 67 per
1227 1342 193 67 alios
1356 1342 150 67 qui

502 1402 290 62 tenent
705 1402 290 62 partem
908 1402 377 62 oppositam
1197 1402 290 62 quibus
1371 1402 116 62 me

496 1474 199 53 lius
620 1474 224 53 credo
769 1474 224 53 nihil
919 1474 149 53 de
993 1474 199 53 ipsa
1117 1474 199 53 huic
1242 1474 224 53 operi
1391 1474 149 53 ad

506 1538 256 52 praesens
698 1538 192 52 inter
826 1538 171 52 pono
933 1538 128 52 Et
997 1538 278 52 respondeo
1210 1538 128 52 ad
1274 1538 256 52 rationem

499 1606 224 56 sanctam
662 1606 184 56 supra
784 1606 122 56 in
845 1606 122 56 4o
906 1606 163 56 loco
1008 1606 122 56 et
1070 1606 163 56 dico
1172 1606 163 56 quod
1273 1606 224 56 similis

492 1676 206 52 modus
629 1676 275 52 arguendi
835 1676 206 52 saepe
973 1676 297 52 reperitur
1202 1676 137 52 in
1270 1676 275 52 scriptis

503 1742 127 60 tam
576 1742 236 60 sanctorum
757 1742 145 60 quam
848 1742 164 60 etiam
957 1742 309 60 philosophorum
1212 1742 164 60 sicut
1321 1742 164 60 patet

506 1817 113 52 per
571 1817 227 52 augustinum
749 1817 81 52 6
781 1817 97 52 de
830 1817 211 52 trinitate
992 1817 194 52 capitulo
1138 1817 81 52 1
1170 1817 97 52 de
1219 1817 162 52 magnis
1332 1817 178 52 dicente

503 1872 192 70 quod
623 1872 288 70 splendor
839 1872 216 70 ignis
983 1872 216 70 esset
1128 1872 288 70 aeternus
1344 1872 192 70 Item

488 1943 124 72 per
559 1943 231 72 richardum
737 1943 160 72 libro
844 1943 124 72 suo
915 1943 107 72 de
968 1943 231 72 trinitate
1146 1943 124 72 ubi
1217 1943 160 72 dicit
1323 1943 142 72 quod

498 2010 230 80 tantum
659 2010 207 80 foret
797 2010 161 80 una
889 2010 253 80 persona
1073 2010 207 80 foret
1211 2010 322 80 omnipotens

496 2082 211 74 multa
636 2082 187 74 hiis
753 2082 257 74 similia
940 2082 351 74 reperiuntur
1221 2082 140 74 ex
1291 2082 234 74 quibus

498 2150 205 73 patere
641 2150 205 73 potest
784 2150 164 73 quod
887 2150 184 73 supra
1010 2150 205 73 factus
1153 2150 184 73 modus
1276 2150 246 73 arguendi

488 2225 302 67 refelli
707 2225 192 67 non
817 2225 247 67 debet
982 2225 165 67 Ex
1064 2225 220 67 hiis
1201 2225 275 67 dictis
1366 2225 110 67 po

495 2291 246 64 ssent
659 2291 273 64 aliqua
850 2291 301 64 inferri
1069 2291 164 64 et
1151 2291 273 64 aliqua
1315 2291 164 64 quae

503 2359 164 67 ri
585 2359 191 67 non
694 2359 246 67 prius
858 2359 328 67 elevatur
1103 2359 164 67 ad
1158 2359 300 67 percipien

485 2432 171 64 dum
582 2432 342 64 beatificum
851 2432 293 64 obiectum
1070 2432 269 64 memoria
1266 2432 244 64 creata

492 2500 140 65 quam
580 2500 175 65 elenem
703 2500 210 65 potentia
861 2500 281 65 intellectiva
1089 2500 158 65 patet
1194 2500 105 65 ex
1247 2500 246 65 corollario

489 2572 205 66 quia
617 2572 153 66 si
694 2572 230 66 prius
847 2572 358 66 elevaretur
1129 2572 205 66 tunc
1256 2572 256 66 staret

488 2640 294 62 elevari
702 2640 321 62 memoriam
943 2640 214 62 sive
1077 2640 428 62 intellectiva

495 2703 147 70 quod
587 2703 129 70 est
660 2703 184 70 contra
789 2703 166 70 dicta
936 2703 110 70 2o
992 2703 221 70 sequitur
1157 2703 147 70 quod
1249 2703 110 70 in
1305 2703 184 70 patria

494 2783 200 73 beata
627 2783 155 73 non
716 2783 200 73 prius
849 2783 155 73 est
938 2783 266 73 scientia
1137 2783 133 73 in
1204 2783 244 73 memoria
1359 2783 111 73 cre

483 2855 165 66 ata
578 2855 188 66 quam
695 2855 212 66 visio
837 2855 377 66 intellectiva
1143 2855 306 66 beatifice
1355 2855 118 66 ele

487 2918 164 69 vata
589 2918 184 69 patet
712 2918 123 69 ex
773 2918 205 69 dictis
917 2918 123 69 et
978 2918 164 69 haec
1080 2918 164 69 sunt
1183 2918 307 69 simpliciter

486 2989 214 63 contra
635 2989 193 63 istum
764 2989 257 63 doctorem
957 2989 150 63 ubi
1042 2989 128 63 in
1106 2989 300 63 corollario
1342 2989 150 63 est

476 3058 254 57 dictum
704 3058 152 57 2o
780 3058 254 57 posset
958 3058 178 57 hic
1059 3058 228 57 primo
1212 3058 254 57 quaeri
1389 3058 152 57 an

491 3121 252 64 voluntas
680 3121 231 64 aliquod
848 3121 126 64 in
911 3121 252 64 cognitum
1100 3121 252 64 diligere
1289 3121 210 64 posset

486 3182 104 75 ad
538 3182 139 75 quod
625 3182 226 75 respondet
798 3182 139 75 adam
885 3182 156 75 primo
989 3182 156 75 libro
1094 3182 278 75 distinctione
1319 3182 104 75 3o
1371 3182 156 75 dubio

487 3250 132 71 5o
553 3250 220 71 dicens
707 3250 176 71 quod
818 3250 154 71 non
906 3250 198 71 primo
1038 3250 176 71 quia
1148 3250 265 71 secundum
1347 3250 154 71 eum

480 3319 207 70 omnis
618 3319 253 70 volitio
802 3319 161 70 est
894 3319 161 70 sui
986 3319 230 70 ipsius
1147 3319 161 70 vel
1239 3319 276 70 alterius

479 3393 283 67 cognitio
692 3393 259 67 quaedam
880 3393 424 67 experimentalis
1234 3393 141 67 2o
1305 3393 189 67 quia

480 3450 136 78 2m
548 3450 317 78 augustinum
797 3450 294 78 incognita
1024 3450 294 78 nequaquam
1228 3450 226 78 diligere

1648 465 314 56 possumus
1935 465 157 56 2o
2014 465 261 56 potest
2197 465 261 56 quaeri
2380 465 157 56 si
2432 465 235 56 destrue

1658 533 216 58 retur
1802 533 264 58 notitia
1994 533 144 58 in
2066 533 216 58 mente
2210 533 144 58 de
2282 533 240 58 aliquo
2450 533 264 58 obiecto

1645 600 305 68 amato
1848 600 271 68 ipso
2018 600 305 68 amare
2221 600 441 68 remanente
2560 600 203 68 an

1653 665 170 76 per
1750 665 218 76 talem
1895 665 243 76 amorem
2065 665 218 76 ipsum
2211 665 291 76 obiectum
2405 665 291 76 cognoscere

1648 732 163 67 tur
1741 732 140 67 et
1811 732 420 67 intelligeretur
2161 732 233 67 dubium
2325 732 397 67 deprecedentem

1657 798 227 61 amorem
1816 798 204 61 dicit
1953 798 182 61 adam
2066 798 204 61 libro
2203 798 204 61 primo
2339 798 318 61 distinctio
2589 798 114 61 1

1656 861 254 66 quaesitone
1855 861 91 66 2
1892 861 163 66 dubio
2001 861 163 66 primo
2110 861 145 66 quod
2200 861 127 66 sic
2273 861 109 66 et
2327 861 163 66 credo
2436 861 145 66 sibi
2527 861 163 66 satis

1659 927 129 63 in
1723 927 150 63 hac
1809 927 193 63 parte
1937 927 129 63 et
2002 927 129 63 ex
2066 927 150 63 hoc
2152 927 257 63 sequitur
2344 927 171 63 quod
2452 927 193 63 talis
2559 927 107 63 qua

1645 996 206 57 litas
1782 996 206 57 nulla
1920 996 206 57 facta
2057 996 297 57 mutatione
2286 996 137 57 in
2355 996 183 57 ipsa
2469 996 229 57 potest

1651 1058 294 61 incipiere
1877 1058 181 61 esse
1990 1058 271 61 cognitio
2194 1058 271 61 alicuius
2397 1058 203 61 cuius
2533 1058 203 61 prius

1637 1124 194 57 non
1748 1124 333 57 cognitio
1998 1124 250 57 sicut
2165 1124 222 57 ipse
2303 1124 333 57 declarat
2525 1124 139 57 ibi

1634 1188 172 53 dem
1732 1188 147 53 3o
1805 1188 245 53 potest
1977 1188 245 53 quaeri
2148 1188 147 53 an
2222 1188 319 53 quaelibet
2467 1188 270 53 nolitio

1647 1257 161 51 vel
1739 1257 252 51 nolitio
1922 1257 344 51 neccessario
2197 1257 367 51 praesupponat
2473 1257 161 51 cogni

1649 1319 235 52 tionem
1814 1319 329 52 ostensivam
2073 1319 141 52 de
2143 1319 212 52 eodem
2285 1319 259 52 obiecto
2473 1319 141 52 de
2543 1319 165 52 hoc

1644 1382 213 53 videatur
1804 1382 106 53 in
1857 1382 213 53 hugolino
2017 1382 160 53 libro
2123 1382 160 53 primo
2229 1382 106 53 de
2282 1382 160 53 prima
2389 1382 248 53 quaestione
2584 1382 89 53 2

1656 1451 242 42 articulo
1837 1451 101 42 2
1877 1451 181 42 satis
1998 1451 322 42 diffinitione
2260 1451 121 42 et
2320 1451 161 42 bene
2421 1451 141 42 ubi
2501 1451 181 42 ponit

1653 1507 145 59 4or
1736 1507 332 59 conclusiones
2006 1507 187 59 prima
2130 1507 145 59 est
2213 1507 166 59 haec
2317 1507 290 59 intuitione
2524 1507 104 59 com

1641 1575 267 57 placere
1835 1575 340 57 incomplexo
2102 1575 218 57 amore
2247 1575 170 57 est
2345 1575 364 57 aliqualiter

1646 1643 273 67 operari
1844 1643 198 67 quod
1968 1643 173 67 non
2067 1643 322 67 contingit
2315 1643 198 67 esse
2439 1643 297 67 subducta

1631 1714 330 57 praesentia
1891 1714 259 57 obiecti
2079 1714 141 57 et
2150 1714 306 57 intuitiva
2386 1714 259 57 notitia
2551 1714 94 57 ei

1635 1776 247 61 usdem
1799 1776 192 61 vel
1908 1776 274 61 altero
2100 1776 247 61 eorum
2319 1776 164 61 2a
2402 1776 219 61 pria
2511 1776 137 61 con

1640 1844 269 55 placentia
1847 1844 310 55 naturaliter
2096 1844 290 55 consequens
2323 1844 124 55 ad
2385 1844 186 55 istas
2509 1844 207 55 causas

1634 1909 196 67 ymmo
1756 1909 196 67 iste
1878 1909 196 67 duae
2000 1909 245 67 causae
2172 1909 196 67 sunt
2294 1909 367 67 neccessitas

1640 1978 329 55 antecedens
1899 1978 141 55 in
1970 1978 259 55 respect
2158 1978 141 55 ad
2228 1978 235 55 mentem
2393 1978 259 55 creatam
2581 1978 141 55 2a

1636 2045 176 64 vero
1746 2045 243 64 volitio
1923 2045 154 64 vel
2011 2045 243 64 volitio
2187 2045 220 64 potest
2341 2045 309 64 contingere

1625 2106 194 77 quod
1746 2106 170 77 sic
1843 2106 242 77 libere
2012 2106 266 77 elicita
2206 2106 218 77 licet
2351 2106 363 77 aliqualiter

1651 2175 294 81 naturaliter
1887 2175 235 81 sequatur
2063 2175 118 81 ex
2122 2175 196 81 primis
2298 2175 118 81 3o
2357 2175 255 81 conclusio
2533 2175 118 81 quae

1636 2241 232 69 libet
1791 2241 283 69 volitio
1997 2241 335 69 creaturae
2254 2241 412 69 praesupponit

1642 2304 191 84 in
1738 2304 191 84 se
1833 2304 350 84 aliquam
2087 2304 382 84 notitiam
2342 2304 318 84 incomple

1635 2378 189 76 xam
1743 2378 298 76 tamquam
1960 2378 271 76 causam
2149 2378 271 76 istius
2338 2378 379 76 volitionis

1634 2446 394 78 inmediatam
1943 2446 197 78 vel
2056 2446 337 78 mediatam
2365 2446 197 78 4ta
2477 2446 197 78 non

1637 2510 318 71 quaelibet
1881 2510 269 71 volitio
2077 2510 171 71 vel
2175 2510 269 71 nolitio
2371 2510 294 71 complexa

1642 2576 385 55 rationalis
1945 2576 440 55 praesupponit
2303 2576 385 55 distinctam

1641 2638 318 63 notitiam
1879 2638 291 63 obiecti
2090 2638 265 63 noliti
2276 2638 238 63 patet
2434 2638 185 63 hoc
2540 2638 159 63 ut

1623 2700 244 61 dicit
1785 2700 217 61 quia
1921 2700 217 61 viso
2056 2700 190 61 deo
2165 2700 190 61 non
2273 2700 190 61 est
2381 2700 325 61 neccesse

1633 2760 184 71 in
1725 2760 338 71 vidente
1971 2760 276 71 aliam
2155 2760 368 71 notitiam
2401 2760 246 71 comple

1617 2829 181 69 xam
1721 2829 155 69 ad
1798 2829 439 69 complacentiam
2160 2829 336 69 causandam
2418 2829 155 69 et
2496 2829 207 69 haec

1638 2895 371 57 sufficiant
1929 2895 159 57 de
2008 2895 265 57 duobus
2193 2895 238 57 supra
2352 2895 238 57 motis
2564 2895 159 57 3m

1644 2963 322 57 corollarium
1901 2963 193 57 sicut
2030 2963 236 57 obiecti
2202 2963 215 57 creati
2352 2963 301 57 obiectivus

1628 3024 186 53 in
1721 3024 402 53 fruitione
2030 3024 309 53 creata
2247 3024 371 53 influxus
2525 3024 186 53 2m

1620 3090 212 61 eius
1753 3090 318 61 immensam
1992 3090 371 61 libertatem
2283 3090 265 61 potest
2469 3090 212 61 esse

1635 3157 315 51 intensus
1871 3157 184 51 vel
1976 3157 315 51 remissus
2213 3157 184 51 ita
2318 3157 210 51 omne
2449 3157 210 51 esse

1639 3217 207 55 obiectum
1794 3217 207 55 respectu
1949 3217 224 55 potentiae
2121 3217 190 55 creatae
2259 3217 241 55 concurrens
2449 3217 259 55 terminative

1626 3284 128 54 ad
1690 3284 149 54 sui
1775 3284 340 54 perceptionem
2051 3284 276 54 vitaliter
2263 3284 255 54 respectu
2455 3284 234 54 eiusdem

1643 3359 218 54 potest
1796 3359 305 54 concurrere
2036 3359 283 54 obiective
2254 3359 305 54 causaliter
2493 3359 196 54 prima

1631 3432 203 59 pars
1757 3432 304 59 probatur
1985 3432 203 59 quia
2112 3432 253 59 aliter
2289 3432 177 59 non
2365 3432 203 59 posset
