2964 4211
242 434 319 60 potentiam
487 434 319 60 intensius
732 434 147 60 et
805 434 319 60 remissius
1050 434 294 60 immutare

256 511 186 65 quod
372 511 163 65 est
465 511 233 65 falsum
628 511 186 65 quia
745 511 233 65 libere
908 511 279 65 efficiet
1117 511 210 65 totum

253 590 260 55 influxum
448 590 281 55 fruitivum
664 590 130 55 et
729 590 389 55 beatificativum
1054 590 130 55 et
1119 590 216 55 libere

258 669 332 40 potentiam
514 669 230 40 movet
667 669 153 40 se
744 669 255 40 obicit
922 669 153 40 et
999 669 230 40 totam
1152 669 179 40 sui

256 721 349 68 perceptionem
540 721 218 68 libere
693 721 240 68 peficit
868 721 218 68 igitur
1021 721 153 68 etc
1108 721 109 68 ¶
1152 721 131 68 2a

271 788 154 69 pars
367 788 230 69 probatur
540 788 115 69 ex
597 788 288 69 conclusione
828 788 154 69 quia
924 788 230 69 essentia
1096 788 192 69 divina

283 874 241 62 fruitionis
472 874 189 62 creatae
610 874 121 62 est
679 874 155 62 ratio
782 874 224 62 obiectiva
955 874 172 62 igitur
1075 874 258 62 corollarium

281 943 195 65 verum
412 943 130 65 de
477 943 261 65 obiectis
672 943 369 65 spiritualibus
976 943 152 65 sed
1063 943 130 65 de
1107 943 195 65 materia

270 1015 240 59 libus
430 1015 160 59 et
510 1015 267 59 ulitis
697 1015 160 59 de
777 1015 267 59 omnium
964 1015 160 59 re
1044 1015 293 59 cognita

293 1085 205 51 videtur
442 1085 279 51 corollarium
666 1085 149 51 pars
759 1085 112 51 2a
815 1085 261 51 verificari
1019 1085 112 51 ex
1075 1085 223 51 processu
1224 1085 56 51 a

289 1151 200 52 ugustini
439 1151 83 52 9
473 1151 100 52 de
523 1151 217 52 trinitate
690 1151 200 52 capitulo
840 1151 100 52 12
890 1151 100 52 et
940 1151 150 52 libro
1040 1151 100 52 5o
1090 1151 200 52 capitulo
1240 1151 83 52 2

278 1217 145 56 ut
350 1217 315 56 videbitur
593 1217 218 56 infra
738 1217 145 56 in
811 1217 436 56 responsionibus
1174 1217 145 56 ad

295 1282 190 64 obiecta
433 1282 173 64 igitur
554 1282 259 64 corollarium
761 1282 190 64 videtur
899 1282 155 64 verum
1002 1282 104 64 Ex
1054 1282 155 64 cuius
1157 1282 155 64 prima

275 1355 198 52 parte
407 1355 264 52 sequitur
605 1355 176 52 quod
715 1355 176 52 stat
826 1355 264 52 obiectum
1024 1355 286 52 increatum

287 1424 127 60 sui
360 1424 236 60 perfectum
541 1424 273 60 singularium
760 1424 218 60 proprium
923 1424 109 60 et
978 1424 218 60 naturale
1142 1424 145 60 mere
1214 1424 73 60 li

280 1496 179 61 bere
391 1496 134 61 in
458 1496 201 61 mente
592 1496 223 61 creata
748 1496 246 61 causare
927 1496 201 61 patet
1061 1496 156 61 hoc
1150 1496 179 61 quia

287 1564 216 56 visio
431 1564 168 56 dei
527 1564 216 56 clara
670 1564 168 56 est
766 1564 192 56 eius
886 1564 240 56 signum
1053 1564 287 56 naturale

284 1629 134 57 et
351 1629 268 57 proprium
551 1629 134 57 et
618 1629 201 57 tamen
752 1629 134 57 in
819 1629 201 57 mente
953 1629 223 57 creata
1109 1629 223 57 libere

283 1694 224 69 causatur
451 1694 186 69 igitur
582 1694 261 69 propositio
787 1694 149 69 vera
880 1694 112 69 Ex
936 1694 112 69 2a
992 1694 168 69 parte
1104 1694 224 69 sequitur

279 1768 219 65 quod
416 1768 301 65 quamvis
635 1768 247 65 nulla
799 1768 247 65 causa
963 1768 301 65 totalis
1182 1768 164 65 et

283 1846 278 50 univoca
485 1846 303 50 alicuius
712 1846 303 50 effectus
940 1846 253 50 gradum
1116 1846 202 50 suae

280 1909 263 56 propriae
477 1909 241 56 speciei
652 1909 131 56 in
718 1909 263 56 causando
915 1909 219 56 possit
1068 1909 263 56 excedere

292 1987 185 52 tamen
415 1987 185 52 causa
538 1987 267 52 partialis
743 1987 123 52 et
804 1987 267 52 aequivoca
1009 1987 205 52 potest
1153 1987 185 52 ultra

287 2054 213 58 gradum
436 2054 128 58 et
500 2054 341 58 perfectionem
776 2054 234 58 proprie
947 2054 234 58 naturae
1117 2054 192 58 agere

285 2125 161 59 vel
377 2125 322 59 coefficere
630 2125 207 59 patet
768 2125 207 59 prima
906 2125 184 59 pars
1021 2125 138 59 in
1090 2125 230 59 multis

297 2186 185 66 locis
420 2186 328 66 philosophiae
686 2186 103 66 ¶
727 2186 123 66 2a
789 2186 164 66 pars
891 2186 246 66 sequitur
1076 2186 123 66 ex
1137 2186 205 66 dictis

289 2255 203 67 quia
416 2255 178 67 res
517 2255 356 67 materialis
797 2255 254 67 potest
975 2255 356 67 concurrere

304 2327 224 68 causaliter
480 2327 208 68 obiective
640 2327 96 68 ad
688 2327 240 68 cognitionem
881 2327 160 68 igitur
993 2327 192 68 sequitur
1137 2327 224 68 propositum

291 2401 212 57 huic
424 2401 239 57 parti
583 2401 345 57 consentit
848 2401 292 57 dominus
1060 2401 292 57 Egidius

313 2462 114 67 2a
370 2462 246 67 quodlibet
560 2462 265 67 quaestione
768 2462 95 67 9
806 2462 114 67 in
863 2462 246 67 solutione
1053 2462 284 67 principalis

310 2533 271 62 rationis
514 2533 136 62 et
582 2533 294 62 argumenti
808 2533 226 62 igitur
966 2533 158 62 etc
1057 2533 113 62 ¶
1102 2533 226 62 Contra

321 2608 201 52 primam
462 2608 201 52 partem
602 2608 201 52 illius
743 2608 281 52 corollarii
964 2608 141 52 est
1044 2608 261 52 richardus

318 2670 170 59 barbae
437 2670 153 59 libro
539 2670 153 59 primo
640 2670 238 59 quaestione
827 2670 153 59 prima
929 2670 254 59 conclusione
1132 2670 102 59 4a
1183 2670 170 59 dicens

320 2737 266 56 causalitas
529 2737 247 56 obiectiva
719 2737 133 56 non
795 2737 133 56 est
872 2737 190 56 libera
1005 2737 133 56 sed
1081 2737 247 56 naturalis

309 2807 210 54 patet
448 2807 163 54 hoc
542 2807 186 54 quia
658 2807 140 54 2m
728 2807 349 54 intuitionem
1007 2807 210 54 talis
1124 2807 163 54 causa

311 2869 227 59 litatis
476 2869 247 59 sequitur
662 2869 247 59 intensio
847 2869 186 59 actus
971 2869 165 59 quod
1074 2869 144 59 non
1157 2869 186 59 foret

276 2933 138 66 si
345 2933 207 66 foret
483 2933 230 66 libera
645 2933 230 66 igitur
806 2933 161 66 etc
898 2933 300 66 concordat
1129 2933 161 66 cum
1221 2933 138 66 eo

249 2986 278 80 Iohannes
457 2986 139 80 de
526 2986 185 80 ripa
642 2986 139 80 in
712 2986 278 80 pluribus
920 2986 208 80 locis
1059 2986 116 80 ¶
1105 2986 139 80 4a
1174 2986 162 80 2am

313 3058 170 83 partem
432 3058 204 83 arguitur
584 3058 102 83 ex
635 3058 170 83 dictis
754 3058 204 83 alphonsi
907 3058 153 83 libro
1009 3058 85 83 1
1043 3058 271 83 distinctione

315 3124 99 86 3
355 3124 277 86 quaestione
572 3124 99 86 2
612 3124 138 86 per
691 3124 316 86 auctoritatem
947 3124 178 86 primo
1066 3124 257 86 augustini

317 3199 143 73 12
389 3199 214 73 super
531 3199 262 73 Genesem
722 3199 286 73 capitulo
936 3199 143 73 25
1007 3199 167 73 nec
1103 3199 190 73 sane
1198 3199 95 73 pu

307 3268 249 70 tandum
482 3268 174 70 est
581 3268 274 70 aliquod
781 3268 249 70 corpus
955 3268 150 70 in
1030 3268 299 70 spiritum
1229 3268 75 70 a

311 3332 193 72 gere
432 3332 266 72 tamquam
625 3332 290 72 spiritus
842 3332 266 72 corpori
1035 3332 290 72 materiae
1228 3332 97 72 vi

311 3396 146 74 ce
384 3396 292 74 subdatur
603 3396 195 74 omni
724 3396 170 74 ecm
822 3396 195 74 modo
943 3396 389 74 praestantior

1436 406 193 54 est
1547 406 193 54 qui
1657 406 248 54 facit
1823 406 166 54 ea
1906 406 166 54 re
1988 406 166 54 de
2071 406 193 54 qua
2182 406 304 54 aliquid

1440 475 214 55 facit
1583 475 167 55 nec
1678 475 238 55 aliquo
1845 475 190 55 modo
1964 475 262 55 spiritu
2154 475 357 55 praestantio

1437 541 210 54 eset
1568 541 263 54 corpus
1752 541 158 54 Et
1831 541 263 54 subdit
2015 541 289 54 quamvis
2225 541 263 54 igitur

1428 602 306 51 iudeamus
1658 602 281 51 aliquod
1862 602 255 51 corpus
2041 602 204 51 quod
2169 602 204 51 ante
2296 602 179 51 non

1411 664 405 48 videbamus
1723 664 281 48 atque
1910 664 249 48 inde
2066 664 374 48 incipiat
2315 664 156 48 yma

1429 718 130 54 go
1494 718 173 54 esse
1602 718 173 54 eius
1710 718 130 54 in
1775 718 238 54 spiritu
1948 718 216 54 nostro
2099 718 195 54 tamen
2229 718 216 54 eiudem

1430 772 224 66 eius
1570 772 336 66 ymaginem
1822 772 196 66 non
1934 772 280 66 corpus
2129 772 168 66 in
2213 772 308 66 spiritu

1444 835 158 70 sed
1535 835 248 70 sanctus
1715 835 180 70 ipse
1827 835 135 70 in
1895 835 135 70 se
1962 835 180 70 ipso
2075 835 203 70 facit
2210 835 315 70 celeritate

1460 906 257 61 mirabili
1652 906 171 61 haec
1759 906 299 61 augustinus
1994 906 299 61 Consimilem
2229 906 299 61 sententiam

1452 963 210 67 ponit
1592 963 117 67 6
1639 963 257 67 musicae
1825 963 257 67 proprie
2012 963 327 67 principium
2269 963 164 67 ubi
2363 963 140 67 sc

1451 1032 272 67 inquit
1641 1032 381 67 augustinus
1940 1032 326 67 absurdum
2185 1032 190 67 est
2267 1032 190 67 fabri

1449 1093 264 75 catori
1634 1093 185 75 cor
1739 1093 159 75 9o
1818 1093 291 75 quomodo
2030 1093 238 75 anima
2188 1093 291 75 subdere

1443 1151 334 78 numquam
1686 1151 243 78 enim
1837 1151 213 78 est
1959 1151 273 78 anima
2141 1151 334 78 corpori
2354 1151 121 78 de

1444 1219 226 72 terior
1602 1219 135 72 et
1670 1219 203 72 omnis
1806 1219 248 72 materia
1986 1219 339 72 fabricatori
2257 1219 271 72 deterior

1455 1279 160 70 est
1546 1279 205 70 nullo
1683 1279 228 70 igitur
1843 1279 183 70 modo
1957 1279 205 70 anima
2094 1279 342 70 fabricatori
2345 1279 114 70 cor

1449 1339 205 76 pori
1577 1339 307 76 subiecta
1808 1339 179 76 est
1910 1339 307 76 materies
2141 1339 231 76 esset
2295 1339 231 76 autem

1450 1404 138 86 si
1519 1404 254 86 aliquos
1704 1404 138 86 in
1773 1404 138 86 ea
1842 1404 254 86 numeros
2027 1404 231 86 corpus
2188 1404 323 86 operaretur

1448 1468 180 88 haec
1560 1468 180 88 ille
1672 1468 112 88 ¶
1717 1468 135 88 2o
1784 1468 224 88 contra
1941 1468 180 88 idem
2053 1468 224 88 potest
2211 1468 202 88 argui
2345 1468 135 88 ex

1441 1540 284 75 dictis
1639 1540 284 75 illius
1838 1540 341 75 doctoris
2094 1540 256 75 barbe
2264 1540 199 75 ubi
2349 1540 114 75 su

1459 1603 139 73 pra
1539 1603 119 73 et
1598 1603 238 73 iohannes
1777 1603 119 73 de
1836 1603 218 73 marchia
1995 1603 278 73 quaestione
2213 1603 99 73 2
2253 1603 238 73 prologis

1455 1665 124 74 2o
1517 1665 124 74 et
1579 1665 103 74 3
1620 1665 268 74 articulis
1826 1665 185 74 primo
1950 1665 247 74 sequitur
2135 1665 165 74 quod
2238 1665 227 74 aliquid
2383 1665 82 74 ul

1453 1724 160 74 tra
1544 1724 274 74 propriam
1750 1724 251 74 speciem
1932 1724 183 74 agat
2046 1724 114 74 ¶
2092 1724 137 74 2o
2160 1724 183 74 quod
2274 1724 228 74 corpus

1445 1786 213 78 agat
1579 1786 160 78 in
1659 1786 320 78 spiritum
1899 1786 160 78 3o
1979 1786 213 78 tunc
2112 1786 213 78 deus
2246 1786 267 78 posset

1466 1852 236 78 calice
1631 1852 189 78 tali
1749 1852 306 78 obiectiva
1985 1852 330 78 concurrere
2244 1852 236 78 animae

1463 1912 143 84 ad
1535 1912 166 84 sui
1630 1912 380 84 perceptionem
1939 1912 190 84 quod
2058 1912 166 84 est
2153 1912 238 84 falsum
2319 1912 166 84 nam

1463 1976 226 78 aliquod
1628 1976 144 78 est
1710 1976 247 78 accidens
1895 1976 165 78 quod
1998 1976 144 78 sua
2081 1976 206 78 specie
2225 1976 267 78 obiectiva

1455 2037 181 82 non
1559 2037 258 82 potest
1739 2037 362 82 concurrere
2024 2037 181 82 cum
2127 2037 233 82 sensu
2282 2037 181 82 Sed

1467 2110 207 69 essentia
1622 2110 173 69 divina
1743 2110 121 69 est
1812 2110 207 69 obiectum
1967 2110 242 69 perfectius
2157 2110 207 69 respectu
2312 2110 155 69 talis

1469 2169 227 77 speciei
1634 2169 206 77 igitur
1779 2169 144 77 etc
1861 2169 206 77 plures
2005 2169 185 77 aliae
2129 2169 165 77 sunt
2232 2169 247 77 rationes

1463 2230 245 96 horum
1626 2230 272 96 doctor
1816 2230 272 96 quorum
2007 2230 381 96 solutiones
2279 2230 163 96 reci

1460 2295 151 98 tat
1547 2295 323 98 bonsimblant
1805 2295 194 98 libro
1934 2295 194 98 primo
2063 2295 301 98 quaestione
2299 2295 129 98 2a
2364 2295 129 98 4o

1484 2364 218 89 potest
1637 2364 197 89 argui
1768 2364 131 89 ex
1834 2364 218 89 dictis
1986 2364 197 89 primi
2117 2364 284 89 corolarii
2336 2364 153 89 non

1479 2433 182 91 stat
1593 2433 182 91 frui
1706 2433 295 91 trinitate
1934 2433 136 91 et
2002 2433 159 91 non
2093 2433 182 91 frui
2206 2433 295 91 quamlibet

1468 2500 196 85 eius
1591 2500 319 85 dignitate
1837 2500 246 85 igitur
2009 2500 172 85 non
2107 2500 196 85 stat
2230 2500 246 85 videre

1463 2574 223 80 clare
1612 2574 347 80 trinitatem
1885 2574 149 80 et
1960 2574 174 80 non
2059 2574 323 80 quamlibet
2307 2574 199 80 eius

1463 2638 396 85 perfectionem
1785 2638 149 85 et
1859 2638 347 85 dignitatem
2132 2638 223 85 prima
2280 2638 248 85 contra

1463 2715 247 76 videtur
1642 2715 180 76 nota
1755 2715 135 76 et
1822 2715 135 76 2a
1890 2715 270 76 probatur
2092 2715 180 76 quia
2204 2715 202 76 talis
2317 2715 157 76 inten

1479 2775 167 79 sio
1574 2775 167 79 vel
1670 2775 262 79 remisio
1860 2775 191 79 erit
1980 2775 167 79 vel
2075 2775 167 79 per
2170 2775 357 79 intensionem

1475 2850 352 65 obiectorum
1752 2850 151 65 et
1827 2850 201 65 tunc
1953 2850 176 65 cum
2054 2850 201 65 illa
2180 2850 176 65 non
2280 2850 277 65 possunt

1470 2920 266 66 intendi
1663 2920 169 66 nec
1760 2920 266 66 remitti
1953 2920 290 66 Sequitur
2170 2920 338 66 propositum

1467 2990 161 61 vel
1559 2990 184 61 erit
1674 2990 161 61 per
1766 2990 345 61 intensionem
2043 2990 276 61 rationis
2227 2990 253 61 cognoscen

1455 3050 158 58 di
1534 3050 211 58 sine
1665 3050 289 58 speciei
1876 3050 158 58 Et
1955 3050 184 58 hoc
2060 3050 237 58 etiam
2218 3050 184 58 non
2323 3050 211 58 quia

1477 3112 160 58 cum
1569 3112 183 58 illa
1683 3112 160 58 sic
1774 3112 183 58 deus
1889 3112 274 58 sequitur
2094 3112 183 58 quod
2209 3112 206 58 nullo
2346 3112 183 58 modo

1478 3170 239 57 intendi
1652 3170 217 57 possit
1804 3170 173 57 quod
1912 3170 195 57 autem
2042 3170 152 57 sit
2129 3170 239 57 species
2302 3170 195 57 patet

1481 3231 124 58 per
1552 3231 213 58 doctorem
1712 3231 196 58 sanctum
1855 3231 160 58 libro
1961 3231 107 58 3o
2015 3231 178 58 contra
2139 3231 213 58 gentiles
2299 3231 213 58 capitulo

1478 3289 152 64 29
1554 3289 177 64 nec
1655 3289 278 64 videtur
1857 3289 202 64 quod
1983 3289 253 64 possit
2160 3289 202 64 dici
2286 3289 227 64 talem

1481 3357 424 56 intensionem
1820 3357 198 56 vel
1933 3357 424 56 remissionem
2272 3357 283 56 debere
