2964 4165
292 439 177 56 vel
393 439 404 56 causalitatem
721 439 227 56 illam
873 439 202 56 fore
999 439 328 56 naturalem

276 508 163 55 pro
369 508 140 55 3o
439 508 187 55 quod
556 508 327 55 conplectit
812 508 140 55 ut
882 508 210 55 supra
1022 508 163 55 est
1115 508 233 55 dictum

288 574 144 58 et
360 574 168 58 hoc
456 574 144 58 de
528 574 216 58 primo
673 574 120 58 ¶
721 574 144 58 ad
793 574 289 58 rationes
1009 574 240 58 contra
1178 574 168 58 2am

309 641 211 60 partem
457 641 169 60 noto
562 641 190 60 primo
689 641 169 60 quod
794 641 148 60 res
879 641 317 60 tripliciter
1132 641 148 60 est
1196 641 84 60 in

305 709 258 64 telligibilis
514 709 129 64 sive
595 709 161 64 potest
707 709 242 64 intelligere
901 709 242 64 tripliciter
1094 709 145 64 primo
1190 709 113 64 mdo

305 785 169 57 quod
410 785 126 57 ad
473 785 147 57 rem
558 785 147 57 per
642 785 126 57 se
705 785 126 57 et
768 785 274 57 inmediate
979 785 232 57 notitia
1126 785 169 57 termin

300 849 148 65 atur
392 849 111 65 2o
447 849 148 65 modo
539 849 129 65 non
613 849 166 65 solum
724 849 258 65 terminatur
927 849 129 65 sed
1001 849 166 65 etiam
1111 849 221 65 causatur

289 909 133 75 3o
355 909 178 75 modo
467 909 178 75 quia
578 909 156 75 res
667 909 356 75 intelligenti
956 909 133 75 in
1022 909 133 75 se
1089 909 178 75 ipso
1200 909 133 75 et

296 979 179 68 propria
426 979 228 68 substantia
606 979 179 68 tamquam
736 979 98 68 in
785 979 163 68 specie
899 979 294 68 repraesentatur
1144 979 196 68 quilibet

277 1047 233 71 horum
432 1047 284 71 modorum
639 1047 181 71 est
742 1047 284 71 species
949 1047 310 71 notitiae
1156 1047 155 71 intu

284 1111 227 61 itive
435 1111 253 61 primus
612 1111 379 61 aliqualiter
915 1111 328 61 perfectus
1168 1111 152 61 et

283 1180 180 59 sic
386 1180 386 59 cognoscitur
695 1180 335 59 quaelibet
952 1180 180 59 res
1055 1180 206 59 quae
1158 1180 129 59 cog

299 1262 261 50 noscitur
495 1262 283 50 intuitiva
712 1262 130 50 in
777 1262 130 50 se
843 1262 174 50 ipsa
951 1262 130 50 et
1016 1262 196 50 solum
1147 1262 196 50 talis

286 1327 138 54 et
355 1327 138 54 si
424 1327 207 54 nulla
561 1327 207 54 primo
699 1327 344 54 cognoscitur
975 1327 115 54 ¶
1021 1327 138 54 2a
1089 1327 252 54 videtur

296 1391 169 55 esse
402 1391 296 55 perfectior
634 1391 148 55 sed
719 1391 127 55 3a
782 1391 148 55 est
867 1391 360 55 perfectissima
1163 1391 148 55 sed

282 1457 171 62 quae
388 1457 149 62 est
474 1457 320 62 differentia
730 1457 192 62 inter
857 1457 213 62 primam
1007 1457 128 62 et
1071 1457 149 62 2am
1156 1457 171 62 haec

287 1528 218 58 est
411 1528 467 58 difficultas
785 1528 249 58 quam
941 1528 312 58 petiti
1159 1528 187 58 2a

293 1592 174 67 ratio
409 1592 174 67 primi
525 1592 290 67 principalis
757 1592 213 67 dicitur
912 1592 155 67 quod
1009 1592 213 67 triplex
1164 1592 174 67 prima

296 1668 174 61 quia
405 1668 131 61 ab
471 1668 240 61 obiecto
645 1668 131 61 2o
710 1668 174 61 modo
819 1668 196 61 capit
950 1668 371 61 distinctionem

311 1726 135 70 et
378 1726 428 70 specificationem
738 1726 135 70 et
806 1726 113 70 a
851 1726 203 70 primo
986 1726 180 70 modo
1098 1726 158 70 non
1188 1726 135 70 2a

300 1795 193 76 quia
421 1795 217 76 capit
565 1795 386 76 perfectionem
879 1795 145 76 et
951 1795 169 76 hoc
1048 1795 290 76 sequitur

303 1867 142 73 ex
374 1867 212 73 prima
516 1867 118 73 ¶
563 1867 142 73 3a
634 1867 189 73 quia
752 1867 212 73 capit
894 1867 449 73 assimiliationem

294 1943 137 64 et
363 1943 320 64 obiectalem
614 1943 435 64 praesentationem
981 1943 183 64 hiis
1095 1943 252 64 positis

309 2018 169 61 pono
414 2018 190 61 dicta
541 2018 274 61 augustini
751 2018 147 61 ubi
836 2018 190 61 supra
962 2018 126 61 in
1025 2018 295 61 corollario

308 2081 158 64 est
398 2081 225 64 dictum
555 2081 135 64 ex
623 2081 225 64 quibus
780 2081 248 64 meritas
960 2081 225 64 ipsius
1118 2081 203 64 patet

307 2153 136 64 unde
392 2153 238 64 augustinus
578 2153 85 64 9
612 2153 102 64 de
663 2153 238 64 trinitatis
850 2153 204 64 capitulo
1003 2153 102 64 12
1053 2153 119 64 sic
1121 2153 119 64 ait
1189 2153 119 64 cum

294 2228 213 57 rem
415 2228 396 57 intuitive
720 2228 152 57 d
781 2228 274 57 visam
964 2228 396 57 diligamus

293 2288 196 66 res
405 2288 224 66 quam
545 2288 420 66 cognoscimus
880 2288 336 66 cognivat
1132 2288 168 66 in
1188 2288 84 66 n

295 2355 160 67 bis
386 2355 274 67 notitiam
592 2355 160 67 sui
683 2355 137 67 Et
751 2355 205 67 libro
888 2355 137 67 5o
957 2355 274 67 capitulo
1162 2355 137 67 2o
1208 2355 91 67 vi

288 2421 191 65 sio
397 2421 355 65 ginguitur
670 2421 164 65 ex
752 2421 301 65 vidente
971 2421 164 65 et
1026 2421 273 65 visibili

295 2492 200 64 ita
410 2492 228 64 sane
552 2492 171 64 ut
638 2492 171 64 ex
724 2492 314 64 vidente
952 2492 200 64 fit
1067 2492 286 64 sensus

302 2557 261 71 oculorum
498 2557 152 71 nec
585 2557 196 71 valet
715 2557 130 71 si
780 2557 239 71 dicitur
954 2557 174 71 quod
1063 2557 261 71 loquatur

281 2627 185 73 de
374 2627 339 73 notitia
620 2627 401 73 sensitiva
929 2627 247 73 quia
1083 2627 278 73 eodem

284 2699 221 70 modo
422 2699 331 70 loquitur
671 2699 248 70 etiam
836 2699 166 70 de
919 2699 441 70 intellectiva

290 2779 224 60 sicut
439 2779 224 60 patet
589 2779 149 60 in
663 2779 249 60 multis
837 2779 249 60 dictis
1012 2779 249 60 eisdem
1161 2779 149 60 eius

296 2837 176 69 dem
396 2837 226 69 liber
547 2837 126 69 ¶
597 2837 151 69 Ex
672 2837 201 69 hiis
798 2837 301 69 secuntur
1024 2837 201 69 duae
1149 2837 176 69 pro

305 2900 270 73 positiones
517 2900 173 73 prima
632 2900 154 73 quod
728 2900 231 73 obiectum
902 2900 347 73 intelligentiae
1191 2900 135 73 est

289 2974 334 62 partialis
546 2974 231 62 causa
700 2974 462 62 intellectionis
1085 2974 205 62 sive
1187 2974 103 62 in

300 3044 374 55 tellectualis
604 3044 351 55 cognitionis
884 3044 140 55 2a
954 3044 187 55 quod
1071 3044 281 55 obiectum

302 3120 357 47 sensibile
576 3120 192 47 est
686 3120 357 47 partialis
960 3120 247 47 causa
1097 3120 192 47 cogni

283 3181 290 54 tionis
486 3181 377 54 sensitive
777 3181 232 54 sine
922 3181 377 54 sensitive

307 3250 237 62 notitiae
485 3250 178 62 patet
603 3250 118 62 ex
662 3250 197 62 dictis
801 3250 256 62 augustini
998 3250 138 62 per
1077 3250 158 62 haec
1175 3250 118 62 ad
1215 3250 59 62 a

298 3331 345 55 uctoritates
574 3331 184 55 dico
689 3331 207 55 primo
826 3331 138 55 ad
895 3331 230 55 primam
1056 3331 184 55 quod
1171 3331 161 55 non

1442 424 352 53 concludit
1713 424 217 53 plus
1848 424 217 53 nisi
1984 424 217 53 quod
2119 424 244 53 anima
2282 424 190 53 non

1442 494 277 54 subicitur
1655 494 277 54 corollari
1868 494 192 54 sicut
1996 494 235 54 materia
2167 494 213 54 agenti
2316 494 171 54 quod

1436 562 233 55 concedo
1605 562 148 55 nec
1690 562 127 55 ex
1754 562 148 55 hoc
1839 562 255 55 sequitur
2030 562 297 55 propositum
2263 562 106 55 ¶
2305 562 127 55 ad
2369 562 148 55 2am

1451 636 200 54 dico
1576 636 225 54 anima
1726 636 175 54 non
1826 636 325 54 subicitur
2076 636 275 54 corpori
2276 636 225 54 sicut

1436 704 373 60 fabricatori
1735 704 174 60 nec
1834 704 149 60 ex
1909 704 174 60 hoc
2008 704 274 60 habetur
2207 704 299 60 intentum

1430 768 216 53 nam
1554 768 216 53 sic
1677 768 278 53 forma
1862 768 247 53 agit
2017 768 185 53 in
2109 768 370 53 materiam

1453 835 149 60 quod
1547 835 186 60 nichil
1677 835 242 60 activitas
1863 835 205 60 proprie
2012 835 224 60 materiae
2180 835 298 60 correspondet

1449 913 150 55 sic
1534 913 171 55 vero
1641 913 150 55 non
1727 913 171 55 agit
1834 913 235 55 aliquod
2005 913 171 55 corp
2112 913 235 55 communi
2283 913 214 55 animam

1449 980 245 63 ipsam
1612 980 218 63 quia
1749 980 218 63 plus
1885 980 436 63 correspondet
2239 980 218 63 sibi
2348 980 109 63 ac

1443 1044 222 59 tivitas
1604 1044 162 59 quam
1705 1044 222 59 obiecto
1867 1044 323 59 incognitione
2130 1044 162 59 tali
2231 1044 101 59 ¶
2271 1044 141 59 per
2352 1044 141 59 hoc

1436 1113 147 64 ad
1510 1113 294 64 rationes
1731 1113 147 64 ad
1805 1113 245 64 primam
1976 1113 172 64 cum
2074 1113 270 64 dicitur
2271 1113 196 64 quod

1440 1188 235 55 aliquod
1610 1188 171 55 agat
1717 1188 192 55 ultra
1845 1188 256 55 propriam
2037 1188 235 55 speciem
2208 1188 192 55 patet
2336 1188 128 55 ex

1429 1254 122 57 2o
1490 1254 203 57 illato
1632 1254 183 57 supra
1754 1254 163 57 quod
1855 1254 284 57 consequens
2079 1254 142 57 est
2160 1254 305 57 concedendum

1438 1319 289 57 iuxta
1631 1319 289 57 modum
1823 1319 353 57 positum
2080 1319 321 57 ibidem
2305 1319 193 57 ex

1431 1386 146 53 quo
1515 1386 188 53 patet
1640 1386 167 53 quod
1744 1386 188 53 ratio
1869 1386 250 53 richardi
2057 1386 209 53 barbae
2203 1386 146 53 non
2266 1386 167 53 conclu

1425 1448 189 63 dit
1533 1448 189 63 nec
1641 1448 243 63 verum
1803 1448 216 63 quid
1938 1448 243 63 dicit
2100 1448 135 63 9
2154 1448 243 63 prima
2316 1448 162 63 in

1444 1514 190 63 materia
1582 1514 138 63 ista
1668 1514 207 63 scilicet
1823 1514 138 63 quod
1909 1514 172 63 semper
2030 1514 155 63 causa
2133 1514 224 63 contineat
2306 1514 207 63 effectum

1430 1584 306 52 causaliter
1670 1584 131 52 et
1736 1584 437 52 perfectionaliter
2107 1584 240 52 extendo
2282 1584 153 52 hoc

1430 1653 219 55 nomen
1575 1653 219 55 causa
1721 1653 146 55 ad
1794 1653 316 55 concausam
2037 1653 194 55 sive
2159 1653 243 55 causam
2305 1653 122 55 par

1433 1723 221 52 tialem
1587 1723 199 52 patet
1720 1723 177 52 quod
1830 1723 154 52 non
1918 1723 154 52 est
2007 1723 199 52 verum
2139 1723 177 52 nisi
2249 1723 243 52 ponatur

1443 1786 158 55 esse
1542 1786 237 55 continet
1720 1786 119 55 id
1779 1786 138 55 est
1859 1786 178 55 simul
1977 1786 138 55 cum
2056 1786 178 55 aliis
2175 1786 237 55 continet
2353 1786 119 55 et

1444 1859 186 52 tunc
1560 1859 233 52 nullum
1723 1859 372 52 inconveniens
2025 1859 279 52 sequitur
2235 1859 140 52 ex
2305 1859 163 52 hoc

1437 1920 321 57 concesso
1678 1920 134 57 ¶
1732 1920 161 57 ad
1812 1920 161 57 2m
1892 1920 268 57 ibidem
2079 1920 401 57 concedendum

1448 1984 124 64 est
1519 1984 249 64 consequens
1715 1984 107 64 et
1768 1984 107 64 si
1822 1984 196 64 invenit
1964 1984 107 64 et
2017 1984 231 64 quandoque
2195 1984 213 64 spiritum
2355 1984 124 64 non

1429 2051 203 64 pati
1555 2051 127 64 a
1606 2051 279 64 corpore
1809 2051 304 64 intendum
2037 2051 177 64 est
2138 2051 152 64 de
2215 2051 304 64 passione

1445 2122 173 55 quae
1553 2122 216 55 abicit
1704 2122 216 55 nonque
1856 2122 259 55 perficit
2050 2122 173 55 nolo
2158 2122 194 55 tamen
2287 2122 216 55 dicere

1443 2187 252 50 spiritum
1632 2187 252 50 passione
1821 2187 147 50 non
1905 2187 168 50 pati
2010 2187 126 50 ab
2073 2187 168 50 igne
2178 2187 147 50 sed
2262 2187 210 50 loquor

1425 2253 182 51 hic
1529 2253 156 51 2m
1607 2253 260 51 cursum
1789 2253 286 51 naturae
1996 2253 130 51 ¶
2048 2253 156 51 ad
2126 2253 156 51 3m
2204 2253 286 51 ratione

1438 2318 163 57 cum
1531 2318 279 57 arguitur
1740 2318 186 57 tunc
1856 2318 186 57 deus
1972 2318 232 57 posset
2134 2318 163 57 etc
2227 2318 255 57 concedo

1435 2389 306 55 consequens
1676 2389 131 55 et
1742 2389 153 55 cum
1829 2389 263 55 probatur
2026 2389 175 55 quod
2136 2389 153 55 non
2223 2389 175 55 quia
2333 2389 153 55 est

1444 2457 180 60 dare
1556 2457 158 60 etc
1646 2457 180 60 dico
1759 2457 203 60 primo
1894 2457 180 60 quod
2006 2457 315 60 aequaliter
2254 2457 203 60 ratio

1434 2524 227 68 probat
1593 2524 181 68 quod
1706 2524 181 68 deus
1820 2524 159 68 nec
1910 2524 340 68 terminative
2183 2524 227 68 potest
2319 2524 113 68 con

1433 2599 263 69 currere
1625 2599 168 69 cum
1720 2599 192 69 proa
1840 2599 144 69 ad
1912 2599 168 69 sui
2008 2599 359 69 perceptivam
2295 2599 216 69 sicut

1439 2671 369 63 obiectiva
1722 2671 255 63 patet
1892 2671 255 63 satis
2063 2671 227 63 quia
2204 2671 255 63 illud

1430 2749 312 60 antecedens
1675 2749 223 60 posset
1831 2749 178 60 esse
1943 2749 156 60 tam
2032 2749 357 60 transcendens
2322 2749 178 60 quod

1418 2821 305 62 sensum
1631 2821 396 62 totaliter
1936 2821 427 62 destrueret
2271 2821 183 62 2o
2332 2821 122 62 di

1430 2895 148 61 co
1504 2895 197 61 quod
1628 2895 197 61 omne
1751 2895 320 61 sensibile
1997 2895 247 61 potens
2170 2895 320 61 terminare

1435 2967 413 61 cognitionem
1766 2967 385 61 sensitivam
2069 2967 275 61 potest
2261 2967 248 61 etiam

1447 3036 287 69 partialiter
1676 3036 210 69 causare
1829 3036 96 69 ¶
1867 3036 115 69 3o
1925 3036 153 69 dico
2020 3036 153 69 quod
2116 3036 306 69 consequentia
2364 3036 134 69 non

1428 3106 210 71 quia
1559 3106 262 71 snesus
1742 3106 183 71 est
1847 3106 315 71 potentia
2083 3106 315 71 organica
2319 3106 183 71 non

1445 3184 239 60 autem
1605 3184 398 60 intellectus
1923 3184 265 60 maxime
2108 3184 398 60 intellectus

1442 3259 358 48 separatus
1718 3259 165 48 et
1801 3259 138 48 a
1856 3259 358 48 servitute
2132 3259 414 48 fantasmatum

1441 3321 247 57 liberatus
1631 3321 247 57 cuiusmodi
1821 3321 133 57 est
1897 3321 285 57 intellectus
2126 3321 190 57 beatus
2259 3321 114 57 in
2316 3321 190 57 patria
