2964 4080
496 380 287 126 infinitorum
726 380 268 126 contentius
937 380 134 126 seu
1013 380 230 126 fecundus
1186 380 134 126 sed
1262 380 249 126 falitatis

485 455 293 127 consequentis
723 455 165 127 probo
833 455 147 127 quia
925 455 147 127 tunc
1017 455 238 127 quodlibet
1200 455 202 127 creatum
1347 455 110 127 et

470 528 384 99 participatum
782 528 336 99 aequaliter
1047 528 288 99 distaret
1263 528 144 99 ab
1335 528 144 99 eo

484 593 119 85 et
544 593 139 85 per
623 593 277 85 consequens
841 593 159 85 unum
940 593 178 85 aliud
1059 593 119 85 in
1118 593 297 85 perfectione
1356 593 139 85 non

481 657 221 116 excederet
651 657 136 116 quod
736 657 238 116 maniflsere
923 657 187 116 apparet
1058 657 170 116 falsum
1177 657 170 116 igitur
1296 657 102 116 et
1347 657 153 116 illud

486 726 128 112 ex
550 726 149 112 quo
635 726 256 112 sequitur
826 726 128 112 5o
890 726 128 112 et
954 726 213 112 ultimo
1103 726 256 112 arguitur
1295 726 149 112 sic
1359 726 85 112 du

483 786 235 118 quaestio
660 786 176 118 foret
777 786 137 118 nea
855 786 274 118 sequeretur
1070 786 157 118 quod
1168 786 176 118 primi
1286 786 196 118 vultus

481 859 329 118 influxius
734 859 329 118 concrasus
987 859 228 118 momei
1138 859 278 118 actione
1316 859 126 118 cae

483 941 122 69 2ae
552 941 262 69 neccessario
762 941 244 69 requiretur
954 941 157 69 patet
1059 941 279 69 consequentia
1286 941 122 69 cum
1356 941 122 69 non

477 1001 219 94 minus
623 1001 316 94 dependeat
866 1001 219 94 entis
1011 1001 219 94 entis
1157 1001 365 94 participati

474 1059 252 88 actitas
657 1059 183 88 quam
772 1059 183 88 eius
887 1059 252 88 entitas
1070 1059 160 88 sed
1162 1059 321 88 consequens

470 1109 325 118 tripliciter
730 1109 130 118 in
795 1109 260 118 probatur
990 1109 173 118 quia
1099 1109 195 118 tamen
1229 1109 173 118 tali
1315 1109 152 118 influ

466 1182 179 124 vio
569 1182 332 124 concurium
824 1182 179 124 vel
926 1182 255 124 staret
1105 1182 408 124 contingentia

461 1261 211 114 activi
609 1261 148 114 2ae
693 1261 211 114 causae
841 1261 148 114 vel
925 1261 148 114 non
1010 1261 127 114 si
1073 1261 148 114 sic
1158 1261 190 114 conta
1284 1261 190 114 talis

461 1328 323 113 influxmus
710 1328 323 113 concursus
958 1328 174 113 non
1057 1328 174 113 est
1157 1328 149 113 in
1231 1328 273 113 hominis

468 1403 262 99 potestate
670 1403 202 99 igitur
811 1403 141 99 nec
892 1403 182 99 actus
1013 1403 121 99 ad
1074 1403 162 99 quod
1175 1403 303 99 neccessario

463 1469 282 121 requirum
674 1469 212 121 Simon
815 1469 188 121 qune
933 1469 141 121 2m
1003 1469 118 121 o
1050 1469 306 121 collarium
1285 1469 235 121 primae

479 1546 289 118 conclusionis
714 1546 289 118 dariticudrum
948 1546 253 118 bachalarii
1147 1546 289 118 distinctione
1382 1546 90 118 5
1400 1546 72 118 bo

466 1618 149 109 nam
551 1618 192 109 inquo
679 1618 277 109 disiction
892 1618 170 109 quod
998 1618 277 109 nolitione
1212 1618 213 109 divina
1339 1618 107 109 aui

460 1718 299 85 praescientia
703 1718 262 85 rationalis
909 1718 224 85 creatura
1077 1718 131 85 non
1152 1718 262 85 neccessaia
1358 1718 112 85 ad
1395 1718 75 85 si

447 1783 242 83 activus
623 1783 242 83 liborum
799 1783 176 83 ymmo
909 1783 330 83 simpliciter
1174 1783 154 83 nec
1262 1783 132 83 ad
1328 1783 176 83 quod

458 1832 225 116 cumc
599 1832 422 116 producendum
936 1832 169 116 2o
1021 1832 197 116 sic
1133 1832 169 116 si
1218 1832 281 116 primus

471 1902 268 123 vultus
659 1902 349 123 influxius
927 1902 322 123 concusus
1169 1902 161 123 in
1249 1902 215 123 omni
1357 1902 107 123 ac

468 2003 218 89 tionem
621 2003 153 89 2ae
708 2003 175 89 caue
818 2003 131 89 et
883 2003 262 89 Sequitur
1080 2003 175 89 quod
1189 2003 131 89 ad
1233 2003 218 89 concepti

463 2051 200 117 omne
588 2051 275 117 christi
788 2051 300 117 inutereo
1012 2051 150 117 in
1087 2051 200 117 rpno
1212 2051 225 117 talis
1337 2051 100 117 in

459 2112 213 139 fluxus
608 2112 320 139 neccessario
864 2112 235 139 fuisset
1035 2112 299 139 requisitus
1269 2112 213 139 secius

472 2192 295 108 consequens
704 2192 274 108 tripliter
915 2192 127 108 in
978 2192 253 108 probatur
1168 2192 190 108 primo
1294 2192 169 108 quia

468 2250 168 136 tunc
573 2250 252 136 sequitur
762 2250 168 136 quod
867 2250 168 136 ille
973 2250 168 136 duae
1078 2250 231 136 naturae
1246 2250 210 136 essent

450 2329 160 116 unus
550 2329 240 116 christus
730 2329 200 116 contra
870 2329 180 116 Corum
990 2329 160 116 pari
1090 2329 140 116 2ae
1170 2329 320 116 conclusionis

450 2409 115 120 3o
507 2409 230 120 articuli
680 2409 115 120 es
737 2409 211 120 eiusdem
891 2409 192 120 patris
1025 2409 115 120 2o
1083 2409 134 120 sic
1159 2409 230 120 sequitur
1332 2409 153 120 quod

449 2471 209 113 talis
588 2471 163 113 yno
681 2471 163 113 cum
774 2471 163 113 sit
867 2471 326 113 signifiate
1123 2471 279 113 complexe
1333 2471 163 113 non

454 2553 166 81 est
549 2553 189 81 deus
667 2553 166 81 vel
762 2553 166 81 eit
857 2553 284 81 neccesse
1070 2553 166 81 tel
1165 2553 332 81 contingens

460 2626 129 118 esse
541 2626 113 118 non
605 2626 194 118 neccesse
750 2626 129 118 esse
831 2626 113 118 per
896 2626 97 118 3m
944 2626 242 118 corollarium
1138 2626 113 118 3ae
1202 2626 258 118 conclusionis

443 2692 152 118 sui
530 2692 195 118 primi
660 2692 260 118 articuli
855 2692 130 118 et
920 2692 130 118 et
985 2692 152 118 non
1071 2692 152 118 est
1158 2692 303 118 contingeno

446 2775 194 108 esse
567 2775 194 108 quia
688 2775 169 108 hoc
785 2775 194 108 ynmo
906 2775 169 108 est
1003 2775 194 108 haec
1124 2775 218 108 unita
1269 2775 169 108 sed

438 2841 179 107 haec
550 2841 201 107 unita
684 2841 157 107 non
773 2841 179 107 sunt
885 2841 313 107 contingens
1131 2841 179 107 esse
1243 2841 201 107 igtur

448 2899 129 100 nec
521 2899 148 100 haec
614 2899 148 100 pPno
706 2899 129 100 est
780 2899 258 100 contingens
983 2899 148 100 esse
1075 2899 111 100 et
1131 2899 129 100 per
1204 2899 258 100 consequens

436 2978 196 113 non
548 2978 196 113 est
660 2978 196 113 Cum
772 2978 224 113 omne
912 2978 224 113 quod
1052 2978 196 113 est
1164 2978 196 113 aut
1276 2978 196 113 est

437 3046 295 111 contingens
669 3046 148 111 aut
753 3046 253 111 neccesse
943 3046 169 111 esse
1048 3046 127 111 3o
1112 3046 127 111 si
1175 3046 295 111 consequens

427 3115 217 118 esset
571 3115 217 118 nerum
716 3115 144 118 se
788 3115 193 118 quod
908 3115 265 118 aliquid
1101 3115 241 118 posset
1270 3115 193 118 esse

438 3194 150 124 deus
532 3194 150 124 quod
626 3194 131 124 non
701 3194 187 124 semper
832 3194 150 124 fuit
925 3194 150 124 deus
1019 3194 262 124 consequens
1225 3194 244 124 conprimum

1611 398 190 124 Collium
1749 398 190 124 eiusdem
1886 398 121 124 3ae
1955 398 241 124 conclmunis
2145 398 103 124 et
2197 398 276 124 consequentia
2421 398 207 124 probatur

1589 485 235 93 quia
1736 485 235 93 homo
1883 485 294 93 sactus
2088 485 206 93 est
2206 485 235 93 deus
2353 485 176 93 et
2441 485 206 93 non

1599 558 234 107 semper
1762 558 187 107 homo
1879 558 234 107 factus
2043 558 187 107 fuit
2160 558 187 107 deus
2277 558 234 107 igituc
2441 558 187 107 quod

1581 618 211 111 non
1701 618 392 111 sempefuit
2003 618 241 111 deus
2153 618 211 111 est
2274 618 331 111 dominus

1588 688 128 118 et
1652 688 255 118 articulo
1843 688 106 118 9
1885 688 170 118 idem
1992 688 298 118 consequens
2226 688 128 118 si
2289 688 191 118 primi
2417 688 213 118 vultus

1591 754 354 106 influximus
1869 754 278 106 concsus
2071 754 152 106 et
2147 754 253 106 igitur
2324 754 228 106 movui
2450 754 152 106 actu

1598 829 268 102 meritorio
1805 829 124 102 et
1867 829 310 102 praemuitivo
2114 829 310 102 neccessario
2362 829 268 102 requirere

1600 884 133 126 sed
1676 884 267 126 consequens
1886 884 286 126 tripliciter
2114 884 114 126 in
2171 884 228 126 probatur
2343 884 171 126 primo
2457 884 152 126 quia

1591 951 174 113 actus
1706 951 270 113 praemitius
1919 951 135 113 vel
1996 951 366 113 contrinpaiciter
2304 951 135 113 est
2382 951 96 113 a
2420 951 135 113 deo
2497 951 154 113 pran

1595 1021 190 117 intius
1728 1021 133 117 vel
1804 1021 284 117 neccessario
2031 1021 133 117 non
2107 1021 190 117 potest
2240 1021 152 117 dici
2335 1021 284 117 neccessario

1576 1091 242 125 igitur
1745 1091 315 125 continger
1987 1091 169 125 sed
2084 1091 242 125 contra
2253 1091 194 125 quia
2374 1091 242 125 posset

1587 1157 269 123 dimittere
1794 1157 289 123 inpramitum
2021 1157 207 123 contra
2166 1157 145 123 2am
2249 1157 331 123 conclusionem

1586 1223 142 130 3o
1657 1223 284 130 articuli
1870 1223 331 130 bathalarii
2130 1223 402 130 praedicatorum

1574 1308 145 117 Ad
1646 1308 194 117 idem
1768 1308 339 117 consequens
2034 1308 145 117 si
2107 1308 218 117 primi
2252 1308 242 117 vultus
2397 1308 170 117 influ

1579 1368 197 96 xius
1702 1368 319 96 Concursus
1948 1368 197 96 etuc
2071 1368 172 96 ego
2169 1368 221 96 movui
2316 1368 197 96 actu
2415 1368 147 96 meri

1590 1456 205 89 torio
1727 1456 137 89 et
1795 1456 297 89 primutivo
2024 1456 342 89 neccessario
2297 1456 319 89 dequiretur

1593 1512 131 107 sed
1668 1512 262 107 consequens
1874 1512 280 107 tripliciter
2098 1512 112 107 in
2154 1512 224 107 probatur
2322 1512 168 107 primo
2434 1512 149 107 quia

1595 1580 182 91 actus
1716 1580 222 91 paitius
1878 1580 141 91 vel
1959 1580 364 91 contingeiciter
2262 1580 141 91 est
2343 1580 101 91 a
2383 1580 141 91 deo
2464 1580 162 91 prin

1600 1652 183 105 initus
1728 1652 128 105 vel
1801 1652 275 105 neccessario
2021 1652 128 105 non
2094 1652 183 105 potest
2222 1652 147 105 dici
2314 1652 275 105 neccessario

1584 1717 130 111 et
1649 1717 347 111 contingeitur
1931 1717 152 111 sed
2018 1717 217 111 contra
2169 1717 173 111 quia
2277 1717 217 111 posset
2429 1717 173 111 deus

1577 1776 241 115 dimittere
1763 1776 111 115 in
1818 1776 259 115 praemintum
2022 1776 185 115 contra
2151 1776 130 115 2am
2225 1776 296 115 conclusionem
2466 1776 111 115 3a

1571 1844 299 101 articuli
1795 1844 249 101 vacham
1969 1844 149 101 in
2044 1844 199 101 omni
2169 1844 199 101 actu
2293 1844 324 101 meritorio

1578 1920 146 109 etc
1661 1920 208 109 igitur
1807 1920 208 109 posset
1953 1920 229 109 concure
2120 1920 125 109 ad
2182 1920 187 109 actum
2307 1920 292 109 meritorium

1577 1985 195 119 gratiae
1719 1985 177 119 primae
1843 1985 124 119 vel
1914 1985 124 119 non
1985 1985 106 119 si
2039 1985 124 119 sic
2110 1985 177 119 contra
2234 1985 177 119 primum
2358 1985 248 119 corolarium

1590 2060 143 116 eta
1671 2060 326 116 conclusionis
1936 2060 183 116 primi
2058 2060 245 116 articuli
2242 2060 224 116 eiusdem
2405 2060 122 116 si
2466 2060 143 116 non

1572 2139 138 94 git
1651 2139 157 94 haec
1749 2139 315 94 consequentia
2005 2139 138 94 non
2084 2139 177 94 valet
2202 2139 157 94 quis
2300 2139 197 94 potest
2438 2139 157 94 meri
2516 2139 79 94 ma

1562 2221 144 96 nis
1645 2221 206 96 igitur
1789 2221 185 96 minus
1912 2221 165 96 quod
2015 2221 247 96 concedit
2200 2221 165 96 ideo
2303 2221 185 96 pater
2427 2221 103 96 3
2447 2221 103 96 Cor

1568 2270 210 118 eiusdem
1721 2270 306 118 conclusionis
1969 2270 134 118 2ae
2046 2270 115 118 3o
2103 2270 134 118 sic
2180 2270 115 118 si
2237 2270 268 118 consequens
2428 2270 134 118 esset

1575 2335 180 96 nerum
1695 2335 140 96 vel
1775 2335 140 96 gro
1856 2335 240 96 antecens
2036 2335 301 96 dilectionis
2276 2335 200 96 adquod
2417 2335 200 96 primus

1577 2403 225 109 vultus
1734 2403 157 109 sic
1824 2403 315 109 concureret
2071 2403 180 109 quod
2183 2403 157 109 non
2273 2403 202 109 esset
2408 2403 202 109 malus

1569 2472 169 107 vel
1665 2472 193 107 ipse
1786 2472 217 107 super
1930 2472 217 107 omnia
2075 2472 361 107 diligeretur
2364 2472 193 107 deus

1572 2547 209 119 esset
1711 2547 324 119 meritorius
1966 2547 139 119 in
2035 2547 185 119 isto
2151 2547 162 119 vel
2244 2547 162 119 non
2337 2547 139 119 si
2406 2547 162 119 sic

1569 2616 189 111 contra
1701 2616 189 111 primum
1833 2616 189 111 coorum
1966 2616 132 111 4ae
2041 2616 302 111 conclusionis
2287 2616 170 111 primi
2381 2616 151 111 articu

1555 2687 150 110 li
1630 2687 275 110 eiusdem
1830 2687 175 110 ubi
1930 2687 225 110 dicit
2081 2687 200 110 quod
2206 2687 175 110 non
2306 2687 225 110 omnis
2431 2687 100 110 di

1563 2757 231 120 lectio
1725 2757 162 120 dei
1817 2757 208 120 super
1956 2757 208 120 omnia
2095 2757 162 120 est
2188 2757 139 120 in
2257 2757 162 120 ten
2327 2757 231 120 aeternae

1568 2831 150 112 mito
1662 2831 112 112 si
1718 2831 131 112 non
1793 2831 225 112 sequitur
1962 2831 150 112 quod
2056 2831 225 112 christus
2224 2831 131 112 non
2281 2831 262 112 sufficienter

1550 2910 240 93 illum
1710 2910 346 93 instruxit
1976 2910 186 93 qui
2083 2910 266 93 petrnt
2269 2910 213 93 quod
2402 2910 186 93 est

1545 2964 380 89 mandatum
1831 2964 222 89 etc
1957 2964 254 89 quia
2116 2964 222 89 non
2243 2964 285 89 dixit
2401 2964 127 89 di

1554 3034 256 109 ligens
1733 3034 358 109 intrinsice
2015 3034 179 109 sed
2117 3034 230 109 solum
2271 3034 281 109 diliges
2450 3034 102 109 In

1552 3107 266 100 oppositionem
1769 3107 200 100 arguitur
1919 3107 117 100 per
1985 3107 150 100 illud
2085 3107 133 100 ideo
2169 3107 150 100 omnia
2269 3107 117 100 per
2335 3107 150 100 ipsum
2418 3107 117 100 facta

1562 3175 181 114 sunt
1676 3175 158 114 etc
1766 3175 181 114 quod
1879 3175 249 114 sanctum
2060 3175 158 114 est
2151 3175 136 114 in
2219 3175 181 114 ipso
2332 3175 181 114 vita
2445 3175 158 114 eat
