2964 4242
504 339 323 131 concludit
752 339 372 131 contradicta
1050 339 124 131 ¶
1100 339 149 131 Ad
1174 339 174 131 3am
1274 339 298 131 rationem

515 436 153 109 cum
603 436 263 109 arguitur
800 436 153 109 per
888 436 263 109 rationem
1085 436 285 109 naturalem
1304 436 263 109 possumus

532 505 315 128 cognoscere
780 505 383 128 propositionem
1096 505 248 128 divinam
1276 505 293 128 essentiam

524 576 200 132 esse
649 576 175 132 etc
749 576 200 132 iste
874 576 175 132 est
974 576 325 132 articulus
1225 576 150 132 12
1300 576 250 132 dicunt

507 639 350 124 Benedicti
776 639 188 124 12i
884 639 269 124 contra
1072 639 242 124 ockam
1234 639 188 124 ubi
1315 639 188 124 dicit

513 713 218 142 ockam
658 713 194 142 quod
779 713 145 142 ex
852 713 218 142 puris
998 713 364 142 naturalibus
1289 713 291 142 possumus

529 794 368 133 cognoscere
818 794 236 133 istam
975 794 446 133 propositionem
1343 794 210 133 deus

496 878 204 116 est
612 878 291 116 summum
816 878 262 116 bonum
991 878 175 116 et
1078 878 204 116 non
1195 878 349 116 possumus

509 943 369 134 cognoscere
798 943 158 134 ex
877 943 237 134 puris
1035 943 395 134 naturalibus
1325 943 184 134 istam

511 1027 177 119 deus
622 1027 155 119 est
710 1027 221 119 trinus
865 1027 133 119 et
931 1027 199 119 tamen
1064 1027 177 119 ipsa
1175 1027 221 119 divina
1330 1027 266 119 essentia

511 1095 182 139 non
615 1095 208 139 plus
745 1095 389 139 cognoscitur
1056 1095 208 139 quam
1186 1095 311 139 trinitas
1393 1095 130 139 per

530 1176 244 112 sonarum
707 1176 133 112 et
774 1176 133 112 in
841 1176 200 112 eodem
974 1176 267 112 articulo
1174 1176 200 112 dicit
1307 1176 178 112 quod
1396 1176 111 112 vir

522 1240 202 128 tute
648 1240 303 128 sermonis
875 1240 202 128 ista
1001 1240 227 128 debet
1153 1240 278 128 concedi
1354 1240 151 128 ex
1430 1240 151 128 pu

516 1317 164 123 ris
609 1317 350 123 naturalibus
889 1317 234 123 potest
1053 1317 164 123 ita
1147 1317 187 123 bene
1263 1317 280 123 cognosci

526 1383 273 137 trinitas
731 1383 319 137 personarum
981 1383 205 137 sicut
1118 1383 273 137 essentia
1323 1383 228 137 divina

521 1450 198 135 Contra
660 1450 179 135 illam
779 1450 278 135 argumentum
997 1450 238 135 procedit
1176 1450 159 135 idem
1275 1450 218 135 dominus
1434 1450 139 135 mul

517 1521 134 138 tum
593 1521 306 138 diffinitione
842 1521 153 138 unde
937 1521 134 138 per
1013 1521 134 138 sex
1090 1521 191 138 longas
1223 1521 229 138 rationes
1395 1521 172 138 prima

518 1595 189 134 ratio
644 1595 252 134 fundatur
833 1595 126 134 in
896 1595 147 134 hoc
980 1595 168 134 quod
1084 1595 315 134 naturaliter
1336 1595 210 134 scimus

505 1664 205 123 deum
633 1664 205 123 esse
761 1664 154 123 et
838 1664 230 123 tamen
992 1664 256 123 scimus
1171 1664 205 123 deum
1299 1664 205 123 esse
1401 1664 128 123 tri

509 1727 174 111 num
609 1727 149 111 et
683 1727 199 111 unum
808 1727 149 111 et
883 1727 174 111 hoc
982 1727 249 111 probat
1157 1727 174 111 per
1256 1727 249 111 plures
1406 1727 125 111 auc

509 1796 322 127 toritates
757 1796 124 127 ¶
806 1796 149 127 2a
881 1796 149 127 si
955 1796 149 127 ex
1029 1796 223 127 puris
1178 1796 372 127 naturalibus

505 1882 306 125 possemus
735 1882 332 125 scientiae
991 1882 358 125 trinitatem
1272 1882 204 125 tunc
1399 1882 179 125 non

517 1939 295 128 egerius
732 1939 161 128 ad
812 1939 188 128 hoc
919 1939 268 128 divina
1107 1939 402 128 revelatione
1429 1939 134 128 ¶

496 2013 157 148 3a
574 2013 157 148 si
653 2013 314 148 possemus
888 2013 183 148 hoc
992 2013 340 148 scientiae
1254 2013 261 148 maxime
1410 2013 105 148 fo

522 2089 150 148 ret
607 2089 150 148 per
693 2089 257 148 effectus
886 2089 150 148 dei
972 2089 300 148 consequens
1208 2089 215 148 falsum
1358 2089 172 148 quia
1444 2089 86 148 ta

505 2150 156 147 les
594 2150 334 147 operationes
861 2150 134 147 ad
928 2150 134 147 ex
994 2150 178 147 sunt
1106 2150 289 147 indivisae
1328 2150 200 147 sicut

514 2226 144 162 patet
610 2226 112 162 per
674 2226 224 162 augustinum
850 2226 96 162 11
898 2226 96 162 de
946 2226 208 162 trinitate
1105 2226 192 162 capitulo
1249 2226 96 162 11
1297 2226 128 162 unde
1377 2226 128 162 hugo

510 2315 186 128 libro
634 2315 186 128 primo
758 2315 124 128 de
821 2315 290 128 sacrmentis
1048 2315 186 128 parte
1172 2315 124 128 11
1234 2315 248 128 capitulo
1420 2315 124 128 26

516 2387 124 123 in
578 2387 144 123 deo
661 2387 103 123 3
702 2387 165 123 sunt
805 2387 350 123 primordinales
1093 2387 206 123 causae
1238 2387 247 123 scilicet
1403 2387 82 123 sa

509 2469 232 124 prientia
683 2469 232 124 potentia
856 2469 116 124 et
914 2469 232 124 voluntas
1088 2469 97 124 a
1127 2469 193 124 quibus
1262 2469 174 124 omnia
1359 2469 135 124 proce

493 2532 184 107 dunt
608 2532 115 107 a
654 2532 299 107 voluntate
884 2532 184 107 quid
999 2532 230 107 divina
1159 2532 184 107 quam
1274 2532 253 107 profici

492 2587 213 139 scimur
641 2587 149 139 per
726 2587 298 139 sapientiam
959 2587 298 139 diriguntur
1193 2587 149 139 per
1278 2587 276 139 potentiam

477 2674 443 124 producuntur
832 2674 355 124 voluntas
1098 2674 177 124 11
1187 2674 266 124 movet
1334 2674 148 124 sap

496 2732 300 146 pientia
714 2732 327 146 disponit
959 2732 327 146 potestas
1204 2732 327 146 explicat

499 2796 171 148 haec
605 2796 171 148 sunt
712 2796 235 148 aeterna
883 2796 235 148 fundata
1054 2796 256 148 causarum
1246 2796 214 148 omnium
1396 2796 128 148 et

495 2870 341 139 principium
763 2870 244 139 primum
933 2870 195 139 quae
1055 2870 366 139 ineffabilia
1348 2870 146 139 et
1397 2870 98 139 in

485 2963 528 125 comprehensibilia
933 2963 211 125 sunt
1066 2963 211 125 omni
1198 2963 343 125 creaturae

485 3015 185 143 cum
590 3015 344 143 principia
855 3015 212 143 sunt
988 3015 318 143 effectus
1226 3015 185 143 non
1305 3015 159 143 nisi

486 3101 332 106 essentialia
752 3101 399 106 demonstraliter
1084 3101 111 106 ¶
1129 3101 133 106 4a
1195 3101 199 106 ratio
1328 3101 177 106 quia

482 3160 173 140 deus
590 3160 130 140 in
655 3160 281 140 praesenti
872 3160 173 140 vita
980 3160 130 140 in
1045 3160 151 140 sua
1131 3160 303 140 substantia
1369 3160 151 140 non

479 3230 252 139 videtur
662 3230 160 139 sed
754 3230 229 139 divina
914 3230 321 139 fecunditas
1166 3230 183 139 quae
1281 3230 206 139 sinus

475 3298 207 155 patris
620 3298 124 155 id
682 3298 145 155 est
765 3298 207 155 summum
910 3298 248 155 secretum
1096 3298 228 155 vocatur
1262 3298 228 155 fudatur

1657 337 115 119 in
1714 337 268 119 substantia
1924 337 191 119 divina
2058 337 191 119 igitur
2192 337 134 119 etc
2268 337 153 119 quod
2364 337 172 119 autem
2479 337 153 119 sins
2574 337 191 119 patris

1661 412 162 118 est
1754 412 278 118 secretum
1962 412 371 118 fecunditatis
2264 412 186 118 suae
2380 412 209 118 dicit
2519 412 232 118 beatus

1663 494 312 113 augustinus
1908 494 201 113 parte
2042 494 201 113 prima
2175 494 201 113 super
2309 494 267 113 iohannes
2509 494 245 113 sermone

1648 564 161 111 3o
1729 564 321 111 tractans
1969 564 241 111 illud
2130 564 321 111 iohannes
2371 564 241 111 primo
2505 564 187 111 unige

1662 634 294 114 initus
1867 634 294 114 filius
2073 634 206 114 dei
2190 634 206 114 qui
2308 634 206 114 est
2425 634 176 114 in
2484 634 176 114 sinu

1657 708 250 104 patris
1832 708 175 104 ubi
1932 708 350 104 augustinus
2207 708 200 104 quid
2332 708 175 104 est
2432 708 150 104 in
2482 708 150 104 sinu

1665 774 201 124 patris
1806 774 121 124 et
1866 774 262 124 respondet
2068 774 121 124 id
2128 774 141 124 est
2209 774 242 124 secretum
2390 774 201 124 patris
2531 774 181 124 secre

1658 847 165 106 tum
1753 847 189 106 enim
1871 847 236 106 patris
2036 847 212 106 sinus
2178 847 236 106 patris
2343 847 260 106 votatur
2532 847 118 106 ¶
2579 847 118 106 5

1640 907 233 130 ratio
1795 907 207 130 quia
1925 907 155 130 in
2003 907 259 130 dearum
2184 907 311 130 doctores
2417 907 181 130 vel
2521 907 233 130 etiam

1646 990 380 101 gentiles
1931 990 221 101 non
2058 990 380 101 poterant
2311 990 380 101 cognoscere

1646 1053 161 119 per
1738 1053 277 119 rationem
1946 1053 300 119 naturalem
2176 1053 253 119 propria
2360 1053 230 119 nomina
2522 1053 230 119 divina

1653 1136 193 98 rum
1764 1136 386 98 personarum
2067 1136 220 98 quae
2204 1136 193 98 eis
2314 1136 358 98 convenunt
2590 1136 165 98 ex

1635 1189 347 112 divinis
1888 1189 505 112 emanatoribus
2298 1189 221 112 Sed
2425 1189 189 112 in
2488 1189 189 112 nono

1652 1263 382 104 testamento
1952 1263 300 104 notitia
2170 1263 246 104 horum
2334 1263 191 104 est
2443 1263 327 104 revelata

1647 1322 223 114 sicut
1796 1322 223 114 patet
1945 1322 173 114 mul
2044 1322 149 114 16
2118 1322 198 114 caro
2242 1322 149 114 et
2316 1322 322 114 sanguinis
2564 1322 173 114 non

1656 1389 336 116 revelabit
1915 1389 207 116 tibi
2044 1389 181 116 etc
2148 1389 233 116 Super
2303 1389 181 116 quo
2406 1389 336 116 ierominus

1654 1461 169 115 libro
1767 1461 113 115 3o
1824 1461 113 115 in
1880 1461 226 115 commento
2050 1461 169 115 super
2163 1461 245 115 matthaeus
2351 1461 151 115 quod
2445 1461 151 115 caro
2539 1461 113 115 et
2577 1461 94 115 san

1647 1532 264 113 guinis
1832 1532 317 113 revelare
2069 1532 185 113 non
2175 1532 291 113 potiunt
2387 1532 317 113 spiritus

1670 1598 245 128 sancti
1841 1598 245 128 gratia
2013 1598 319 128 revelatum
2258 1598 172 128 est
2356 1598 147 128 ad
2429 1598 196 128 idem
2552 1598 172 128 est

1656 1679 207 112 hylarius
1811 1679 86 112 6
1845 1679 103 112 de
1897 1679 224 112 trinitate
2069 1679 207 112 capitulo
2224 1679 103 112 19
2276 1679 276 112 diffinitione
2500 1679 207 112 tractans

1650 1732 200 125 eadem
1783 1732 200 125 verba
1916 1732 133 125 et
1983 1732 355 125 Chrisostomos
2272 1732 200 125 super
2405 1732 133 125 in
2472 1732 267 125 commento

1646 1813 279 130 matthaeus
1860 1813 236 130 omnelis
2032 1813 129 130 54
2097 1813 172 130 Item
2204 1813 279 130 Ierominus
2419 1813 129 130 in
2462 1813 215 130 epistola

1643 1875 167 128 ad
1727 1875 362 128 marcellum
2005 1875 251 128 dicit
2172 1875 223 128 quod
2311 1875 139 128 x
2367 1875 223 128 sunt
2506 1875 223 128 nona

1644 1945 321 139 cilicet
1877 1945 204 139 hel
1994 1945 292 139 helyon
2199 1945 175 139 et
2286 1945 263 139 heloe
2432 1945 263 139 calamon

1638 2027 162 148 id
1719 2027 189 148 est
1827 2027 297 148 sabaoht
2043 2027 162 148 et
2124 2027 270 148 heloym
2312 2027 162 148 et
2393 2027 378 148 efferielle

1622 2127 310 111 adonay
1839 2127 186 111 et
1932 2127 186 111 ya
2025 2127 186 111 et
2118 2127 527 111 tetragramaton
2552 2127 186 111 et

1616 2182 290 137 saday
1809 2182 226 137 cum
1938 2182 226 137 hoc
2067 2182 290 137 nomen
2261 2182 290 137 pater
2455 2182 226 137 non

1621 2247 213 128 fuit
1755 2247 240 128 clare
1914 2247 373 128 manifestum
2208 2247 213 128 quod
2341 2247 240 128 tamen
2501 2247 187 128 deo

1647 2326 293 105 naturaliter
1881 2326 137 105 est
1959 2326 234 105 proprium
2134 2326 156 105 Unde
2232 2326 234 105 iohannes
2407 2326 117 105 17
2466 2326 176 105 dicit

1620 2391 380 118 christus
1905 2391 285 118 pater
2095 2391 443 118 manifestam
2412 2391 222 118 nomen

1631 2479 167 108 etc
1726 2479 214 108 Super
1869 2479 167 108 quo
1965 2479 334 108 augustinus
2227 2479 214 108 parte
2370 2479 143 108 2a
2441 2479 214 108 super

1628 2535 329 124 iohannes
1874 2535 274 124 omelis
2066 2535 192 124 vel
2176 2535 302 124 sermone
2396 2535 165 124 52
2478 2535 192 124 non

1618 2614 288 94 igitur
1820 2614 346 94 noverant
2080 2614 202 94 dei
2195 2614 260 94 nomen
2368 2614 202 94 cum
2483 2614 260 94 esset

1619 2691 271 81 iudaei
1808 2691 162 81 et
1890 2691 190 81 ubi
1998 2691 190 81 est
2106 2691 217 81 quod
2242 2691 298 81 legitur
2458 2691 244 81 notus

1632 2742 158 112 in
1711 2742 236 112 iudea
1868 2742 210 112 deus
1999 2742 184 112 etc
2104 2742 368 112 respondens
2393 2742 315 112 subdicit

1629 2811 365 103 augustinus
1916 2811 183 103 non
2020 2811 235 103 illud
2177 2811 235 103 nomen
2334 2811 183 103 quo
2438 2811 287 103 notatis

1609 2884 209 125 deus
1739 2884 183 125 sed
1844 2884 235 125 illud
2000 2884 183 125 quo
2105 2884 287 125 vocatur
2314 2884 235 125 pater
2470 2884 209 125 quod

1614 2961 293 101 nomen
1810 2961 489 101 manifestare
2201 2961 261 101 sive
2364 2961 326 101 ipsius

1611 3038 260 97 ipsius
1793 3038 234 97 filii
1949 3038 468 97 manifestatione
2339 3038 182 97 non
2443 3038 260 97 potest

1609 3110 108 99 ¶
1653 3110 130 99 Ad
1717 3110 173 99 idem
1825 3110 151 99 est
1912 3110 324 99 crisostomos
2171 3110 194 99 super
2300 3110 259 99 iohannes
2473 3110 173 99 omelis

1617 3160 99 109 81
1667 3160 199 109 hylarius
1816 3160 83 109 3
1849 3160 99 109 de
1899 3160 215 109 trinitate
2065 3160 199 109 capitulo
2214 3160 83 109 7
2247 3160 99 109 de
2297 3160 182 109 tritate
2429 3160 83 109 7
2462 3160 199 109 capitulo

1606 3241 138 87 19
1675 3241 321 87 augustinus
1927 3241 344 87 indevidendo
2203 3241 184 87 deum
2318 3241 275 87 capitulo
2524 3241 138 87 16

1603 3288 137 135 ¶
1657 3288 165 135 6a
1740 3288 247 135 ratio
1904 3288 192 135 est
2014 3288 165 135 si
2096 3288 247 135 dicta
2261 3288 219 135 illa
2398 3288 274 135 essent
