2964 4244
527 352 319 131 legostileos
782 352 234 131 quoniam
953 352 170 131 deus
1059 352 213 131 deorum
1208 352 256 131 secundum
1400 352 128 131 fe

505 428 164 132 cit
598 428 188 132 deum
716 428 188 132 Idem
833 428 141 132 et
903 428 234 132 simile
1067 428 211 132 dicit
1208 428 328 132 augustinus

517 507 142 132 in
588 507 213 132 eodem
730 507 189 132 sibi
848 507 142 132 de
919 507 260 132 sibilla
1108 507 142 132 et
1179 507 260 132 habetur
1369 507 213 132 etiam

513 570 146 139 per
597 570 188 139 ipsum
722 570 104 139 8
764 570 125 139 de
827 570 251 139 civitate
1015 570 251 139 capitulo
1203 570 104 139 8
1244 570 125 139 11
1307 570 125 139 Et
1370 570 125 139 18
1432 570 125 139 de

522 659 249 123 civitate
709 659 249 123 capitulo
896 659 124 123 23
958 659 145 123 hoc
1041 659 166 123 idem
1144 659 187 123 patet
1269 659 124 123 de
1331 659 145 123 Iob
1414 659 124 123 et

521 715 215 150 balaam
671 715 150 150 sic
757 715 215 150 igitur
907 715 193 150 patet
1036 715 215 150 contra
1186 715 193 150 prima
1315 715 172 150 vera
1422 715 129 150 et

522 798 173 122 quid
631 798 260 122 dicendum
826 798 130 122 ad
891 798 238 122 obiecta
1064 798 195 122 patet
1194 798 152 122 per
1281 798 282 122 praedicta

520 880 108 145 ¶
564 880 129 145 ad
628 880 259 145 rationem
823 880 216 145 primum
974 880 324 145 corollarium
1232 880 151 145 cum
1319 880 237 145 dicitur

522 957 169 138 quod
628 957 169 138 sive
733 957 148 138 hac
818 957 254 138 scientia
1008 957 148 138 etc
1093 957 212 138 potest
1241 957 169 138 dici
1347 957 169 138 quod
1431 957 85 138 li

509 1029 191 131 cet
618 1029 218 131 sive
754 1029 191 131 hac
863 1029 327 131 scientia
1108 1029 272 131 posset
1298 1029 299 131 aliquis

520 1114 301 138 pollere
738 1114 301 138 virtute
957 1114 164 138 et
1039 1114 219 138 fide
1176 1114 246 138 nullo
1313 1114 191 138 tamen

522 1179 186 129 modo
638 1179 233 129 potest
801 1179 163 129 hoc
894 1179 186 129 sine
1011 1179 280 129 scientia
1220 1179 140 129 et
1267 1179 233 129 doctrina

527 1261 197 134 huius
659 1261 285 134 scientiae
878 1261 175 134 ideo
987 1261 131 134 si
1053 1261 197 134 verba
1184 1261 307 134 corollarii
1403 1261 110 134 pen

545 1330 192 140 sentur
679 1330 172 140 patet
794 1330 153 140 quod
890 1330 172 140 ratio
1005 1330 134 140 non
1081 1330 230 140 procedit
1254 1330 192 140 contra
1388 1330 172 140 ipsum

509 1419 197 119 quia
632 1419 197 119 dico
755 1419 197 119 quod
878 1419 295 119 stundens
1100 1419 172 119 per
1198 1419 320 119 scientiam
1420 1419 98 119 in

526 1494 287 118 struitur
741 1494 144 118 et
813 1494 287 118 doctrina
1029 1494 311 118 scientiae
1268 1494 311 118 rquiritur

523 1566 91 113 ¶
559 1566 109 113 ad
614 1566 109 113 3m
669 1566 182 113 contra
796 1566 273 113 corollarium
1015 1566 128 113 cum
1087 1566 200 113 dicitur
1233 1566 146 113 quod
1324 1566 182 113 plures

502 1622 350 154 propositiones
790 1622 165 154 sunt
893 1622 247 154 secundum
1078 1622 206 154 sensum
1222 1622 288 154 litteralem
1428 1622 82 154 di

511 1704 188 146 citur
636 1704 188 146 sicut
761 1704 188 146 patet
886 1704 125 146 ex
949 1704 313 146 notabilibus
1199 1704 125 146 et
1262 1704 292 146 corolariis

518 1787 155 143 quod
614 1787 135 143 hoc
692 1787 135 143 est
769 1787 193 143 falsum
905 1787 310 143 intelligendo
1156 1787 116 143 de
1214 1787 310 143 propositioni

519 1853 185 145 bus
624 1853 211 145 quae
756 1853 343 145 assertive
1020 1853 158 145 et
1099 1853 185 145 non
1205 1853 238 145 solum
1337 1853 158 145 nume

498 1937 245 136 rative
669 1937 293 136 ponuntur
889 1937 147 136 et
962 1937 171 136 per
1060 1937 196 136 haec
1182 1937 220 136 patet
1329 1937 220 136 etiam

505 2011 204 131 quid
632 2011 305 131 dicendum
861 2011 153 131 ad
937 2011 229 131 totum
1090 2011 254 131 primum
1243 2011 254 131 principa

516 2081 150 132 le
591 2081 200 132 quia
716 2081 225 132 omnes
865 2081 225 132 illae
1015 2081 424 132 propositiones
1364 2081 200 132 sunt

501 2173 174 129 vere
610 2173 261 129 secundum
805 2173 217 129 sensum
957 2173 174 129 quem
1066 2173 195 129 earum
1196 2173 304 129 autritores
1413 2173 87 129 in

502 2232 280 132 tendebant
718 2232 108 132 ¶
761 2232 129 132 ad
825 2232 258 132 rationem
1019 2232 215 132 contra
1170 2232 129 132 3m
1234 2232 323 132 corollarium

501 2312 131 117 cum
576 2312 225 117 arguitur
745 2312 112 117 ex
801 2312 187 117 dictis
932 2312 112 117 in
988 2312 206 117 prologo
1138 2312 206 117 concedo
1288 2312 262 117 antecedens

515 2377 165 139 primae
630 2377 280 139 consequentiae
861 2377 99 139 et
910 2377 132 139 nego
993 2377 280 139 consequentiam
1224 2377 99 139 et
1273 2377 115 139 cum
1339 2377 198 139 probatur

494 2482 253 100 negatur
678 2482 207 100 etiam
816 2482 184 100 illa
931 2482 368 100 consequentia
1230 2482 276 100 innitens

515 2518 152 132 solum
616 2518 185 132 rationi
751 2518 253 132 neccessario
954 2518 270 132 neccessitate
1173 2518 287 132 consequentiae
1392 2518 118 132 pecca

498 2612 155 118 bit
586 2612 221 118 igitur
741 2612 155 118 est
830 2612 221 118 contra
985 2612 266 118 rationem
1184 2612 155 118 non
1273 2612 266 118 sequitur

487 2679 164 143 sed
580 2679 280 143 sufficit
790 2679 187 143 quod
907 2679 164 143 sit
1001 2679 210 143 super
1141 2679 280 143 rationem
1351 2679 164 143 nam

470 2746 292 136 ydeota
674 2746 292 136 volens
879 2746 175 136 se
967 2746 468 136 intromittere
1347 2746 175 136 de
1405 2746 88 136 a

485 2829 241 112 liqua
646 2829 321 112 scientia
886 2829 214 112 quam
1020 2829 294 112 penitus
1234 2829 294 112 ignorat

496 2900 302 117 neccessario
738 2900 222 117 errabit
899 2900 121 117 et
959 2900 181 117 tamen
1080 2900 181 117 talis
1201 2900 242 117 scientia
1382 2900 141 117 non

484 2968 142 144 est
565 2968 203 144 contra
707 2968 162 144 eius
808 2968 243 144 rationem
991 2968 142 144 sed
1072 2968 183 144 solum
1194 2968 183 144 supra
1315 2968 243 144 scientia

480 3045 143 156 suam
569 3045 107 156 et
623 3045 143 156 haec
712 3045 107 156 de
766 3045 161 156 prima
873 3045 268 156 conclusione
1087 3045 89 156 ¶
1123 3045 107 156 2a
1176 3045 232 156 conclusio
1355 3045 107 156 in
1408 3045 161 156 super

474 3145 272 124 simplici
678 3145 295 124 essentiae
905 3145 249 124 unitate
1087 3145 181 124 sunt
1200 3145 113 124 3
1245 3145 272 124 personae

475 3230 262 124 relative
672 3230 262 124 realiter
868 3230 284 124 distincte
1086 3230 175 124 ista
1195 3230 349 124 conclusionem

473 3321 169 132 non
569 3321 217 132 probo
714 3321 241 132 aliter
883 3321 193 132 nisi
1004 3321 217 132 sicut
1148 3321 169 132 eam
1245 3321 289 132 magister

1643 321 166 128 probat
1760 321 100 128 in
1810 321 183 128 littera
1943 321 166 128 istius
2059 321 283 128 distinctionis
2292 321 116 128 per
2359 321 266 128 auctoritates
2575 321 133 128 utri

1659 408 177 117 usque
1777 408 197 117 beatum
1915 408 276 117 testamenti
2132 408 217 117 veterum
2290 408 158 117 quod
2368 408 276 117 significatur

1648 482 187 117 per
1755 482 213 117 agar
1888 482 320 117 ancillam
2128 482 160 117 et
2208 482 213 117 novi
2341 482 213 117 quod
2474 482 240 117 signi

1665 561 200 116 ficatur
1811 561 128 116 per
1883 561 164 116 saram
1993 561 200 116 galatos
2138 561 109 116 4o
2193 561 200 116 proprie
2339 561 164 116 tamen
2448 561 128 116 lex
2521 561 200 116 dicitur

1660 652 211 119 nova
1792 652 397 119 testamentum
2109 652 211 119 quia
2241 652 238 119 morte
2400 652 370 119 testatorum

1647 709 278 119 christi
1849 709 379 119 confirmatur
2153 709 278 119 namquam
2355 709 177 119 diu
2456 709 304 119 testator

1660 784 239 122 vivit
1820 784 398 122 testamentum
2138 784 186 122 est
2244 784 345 122 variabile
2510 784 212 122 esto

1657 851 244 114 etiam
1820 851 217 114 quod
1955 851 271 114 pactum
2145 851 434 114 internveniat
2498 851 244 114 sicut

1651 923 223 130 patet
1800 923 223 130 extra
1948 923 149 130 de
2023 923 248 130 pactis
2196 923 223 130 etiam
2344 923 149 130 de
2419 923 322 130 codicibus

1647 986 152 124 haec
1742 986 247 124 conclusio
1933 986 209 124 ponitur
2085 986 114 124 ab
2142 986 247 124 augustino
2332 986 171 124 primo
2447 986 114 124 de
2485 986 190 124 trintate

1655 1061 139 119 et
1724 1061 278 119 habentur
1933 1061 208 119 verba
2071 1061 139 119 in
2141 1061 255 119 littera
2326 1061 393 119 distinctionis

1651 1133 160 136 ubi
1742 1133 205 136 dicit
1879 1133 319 136 augustinus
2130 1133 182 136 haec
2244 1133 228 136 itaque
2403 1133 182 136 vera
2517 1133 137 136 et
2563 1133 114 136 pia

1645 1210 227 138 fide
1786 1210 340 138 tenendum
2042 1210 199 138 est
2155 1210 340 138 trinitas
2410 1210 199 138 sit
2524 1210 227 138 unus

1640 1289 162 115 et
1721 1289 242 115 solus
1882 1289 242 115 verus
2044 1289 215 115 deus
2178 1289 242 115 pater
2340 1289 162 115 et
2421 1289 269 115 filius

1655 1365 100 121 et
1705 1365 200 121 spiritus
1855 1365 183 121 sanctus
1989 1365 133 121 haec
2072 1365 217 121 conclusio
2238 1365 117 121 est
2305 1365 267 121 determinatio
2522 1365 217 121 ecclesiae

1632 1439 166 107 et
1715 1439 305 107 veritas
1937 1439 194 107 rei
2048 1439 166 107 in
2131 1439 222 107 ista
2270 1439 305 107 materia
2492 1439 222 107 ideo

1636 1512 273 113 nullus
1827 1512 246 113 debet
1991 1512 191 113 nec
2100 1512 273 113 potest
2291 1512 246 113 solum
2455 1512 219 113 salu

1645 1585 234 140 britur
1809 1585 304 140 oppositum
2043 1585 211 140 crede
2183 1585 164 140 vel
2277 1585 234 140 tenere
2441 1585 117 140 ¶
2488 1585 234 140 primum

1629 1650 324 125 corollarium
1889 1650 216 125 contra
2040 1650 195 125 modum
2170 1650 260 125 loquendi
2365 1650 260 125 magistri
2559 1650 130 125 in

1636 1722 274 121 littera
1835 1722 224 121 huius
1985 1722 424 121 distinctionis
2334 1722 174 121 non
2434 1722 224 121 solum
2558 1722 100 121 so

1634 1792 273 126 litudo
1825 1792 191 126 vel
1934 1792 437 126 singularitas
2290 1792 301 126 negatur
2509 1792 164 126 in

1638 1866 208 119 divinis
1790 1866 133 119 sed
1865 1866 152 119 vera
1960 1866 227 119 trinitas
2131 1866 246 119 reperitur
2320 1866 114 119 et
2377 1866 265 119 coprobatur
2566 1866 76 119 in

1632 1936 225 120 personis
1801 1936 169 120 patet
1914 1936 282 120 corollarium
2139 1936 113 120 ex
2196 1936 282 120 conclusione
2421 1936 150 120 quia
2515 1936 131 120 non

1643 2009 294 99 essent
1848 2009 206 99 nec
1966 2009 235 99 esse
2113 2009 323 99 possent
2348 2009 353 99 realiter

1623 2068 358 127 distincte
1899 2068 220 127 nisi
2036 2068 248 127 foret
2202 2068 220 127 vera
2339 2068 165 127 et
2422 2068 275 127 realis

1632 2147 319 102 trinitas
1872 2147 372 102 personarum
2164 2147 239 102 istam
2323 2147 346 102 veritatem
2563 2147 106 102 de

1628 2226 244 99 ducit
1791 2226 298 99 dominus
2007 2226 380 99 benedictus
2306 2226 163 99 in
2387 2226 325 99 tractatu

1633 2275 285 123 contra
1832 2275 313 123 errores
2060 2275 313 123 eckardi
2288 2275 171 123 et
2373 2275 171 123 24
2459 2275 171 123 et
2544 2275 171 123 25

1627 2346 292 123 articulis
1851 2346 269 123 capitulo
2053 2346 135 123 2o
2120 2346 247 123 probans
2300 2346 269 123 personas
2501 2346 179 123 esse

1616 2424 382 122 distinctas
1916 2424 245 122 alias
2079 2424 164 122 et
2161 2424 245 122 alias
2325 2424 273 122 contra
2516 2424 191 122 eck

1630 2502 230 115 ardum
1784 2502 179 115 qui
1886 2502 154 115 25
1963 2502 307 115 articulo
2193 2502 230 115 dixit
2347 2502 205 115 quod
2475 2502 230 115 omnis

1617 2566 428 150 distinctio
1954 2566 214 150 est
2076 2566 153 150 a
2138 2566 214 150 deo
2260 2566 306 150 aliena
2444 2566 214 150 neque

1628 2651 143 114 in
1700 2651 262 114 naturis
1890 2651 214 114 neque
2033 2651 333 114 impersonis
2294 2651 285 114 probavit
2508 2651 190 114 quia

1617 2716 194 135 ipsa
1738 2716 243 135 natura
1908 2716 170 135 est
2005 2716 194 135 unum
2127 2716 146 135 et
2200 2716 170 135 hoc
2297 2716 194 135 unum
2418 2716 146 135 et
2491 2716 194 135 quae

1619 2789 224 121 libet
1768 2789 274 121 persona
1968 2789 174 121 est
2067 2789 174 121 una
2167 2789 149 121 et
2242 2789 149 121 id
2316 2789 224 121 ipsum
2466 2789 199 121 unum

1625 2854 144 129 quod
1715 2854 181 129 natura
1842 2854 181 129 contra
1968 2854 144 129 quam
2058 2854 235 129 articulum
2239 2854 126 129 est
2311 2854 199 129 christi
2455 2854 217 129 Iohannes
2600 2854 72 129 11

1623 2940 230 108 alius
1777 2940 179 108 est
1879 2940 179 108 qui
1982 2940 384 108 testimonium
2289 2940 307 108 perhibet
2519 2940 154 108 de
2571 2940 102 108 me

1608 3012 202 115 Item
1734 3012 303 115 iohannes
1961 3012 152 115 14
2037 3012 227 115 alium
2189 3012 354 115 peraclitum
2466 3012 227 115 dabit

1617 3074 229 118 nobis
1769 3074 203 118 Item
1896 3074 279 118 athanus
2099 3074 203 118 alia
2226 3074 178 118 est
2328 3074 279 118 persona
2531 3074 178 118 etc

1622 3148 219 114 modo
1759 3148 274 114 certum
1950 3148 192 114 est
2060 3148 219 114 quod
2197 3148 246 114 iuxta
2361 3148 219 114 suum
2470 3148 192 114 modum

1612 3221 229 118 ponendi
1779 3221 208 118 habent
1924 3221 270 118 concedere
2132 3221 312 118 alienitatem
2381 3221 208 118 igitur
2527 3221 125 118 et

1616 3307 350 117 distinctionem
1905 3307 103 117 ¶
1946 3307 165 117 Item
2049 3307 206 117 probat
2193 3307 247 117 veritate
2379 3307 288 117 corollarii
