2964 4227
278 316 123 136 et
340 316 329 136 conclusionis
608 316 144 136 est
690 316 268 136 concilium
896 316 226 136 nicenum
1060 316 144 136 ubi
1143 316 226 136 dicitur

277 420 235 108 haec
423 420 205 108 est
541 420 264 108 fides
717 420 235 108 quam
864 420 176 108 ex
952 420 381 108 posuerunt
1216 420 117 108 pa

279 482 222 123 tres
418 482 278 123 primum
613 482 278 123 quidem
808 482 306 123 advesus
1030 482 250 123 arrii
1169 482 139 123 bla

277 554 289 110 sfemiam
487 554 315 110 dicentem
723 554 341 110 creaturam
986 554 210 110 esse
1117 554 263 110 filium

283 630 180 110 dei
386 630 180 110 ubi
489 630 231 110 etiam
643 630 334 110 dapmnatur
900 630 334 110 sabellius
1132 630 154 110 quid

288 699 237 114 oppositum
470 699 255 114 corollarii
671 699 109 114 et
725 699 292 114 conclusionis
962 699 182 114 sensit
1090 699 146 114 Item
1181 699 109 114 in
1218 699 109 114 sino

264 789 196 95 do
362 789 327 95 Romana
591 789 294 95 facta
788 789 229 95 sub
918 789 327 95 damoso
1115 789 196 95 papa

272 847 639 109 anathematizamus
811 847 236 109 qui
945 847 404 109 sabellii

287 903 284 120 secuntur
501 903 261 120 errorem
690 903 190 120 Item
809 903 332 120 augustinum
1069 903 142 120 in
1140 903 213 120 libro

279 991 160 103 de
359 991 213 103 fide
492 991 346 103 catholica
759 991 240 103 istam
918 991 426 103 sinceritatem

269 1045 288 127 ponit
461 1045 256 127 Item
621 1045 384 127 hylarius
908 1045 160 127 5
972 1045 192 127 de
1068 1045 320 127 sinodi

287 1122 309 99 capitulo
519 1122 155 99 18
596 1122 258 99 sinodi
777 1122 155 99 si
854 1122 232 99 summi
1009 1122 232 99 papae
1163 1122 206 99 Item

289 1193 148 135 ad
363 1193 172 135 hoc
462 1193 172 135 est
560 1193 222 135 totus
708 1193 320 135 processus
954 1193 246 135 sancti
1127 1193 246 135 thomae

298 1274 115 124 4
344 1274 231 124 contra
506 1274 277 124 gentiles
714 1274 277 124 capitulo
921 1274 115 124 2
968 1274 162 124 ubi
1060 1274 231 124 plures
1222 1274 139 124 ad

290 1346 155 118 hoc
378 1346 353 118 auctoritates
665 1346 243 118 adducit
842 1346 110 118 ¶
886 1346 133 118 2m
952 1346 331 118 corollarium
1217 1346 177 118 deus

301 1413 202 133 non
416 1413 259 133 solum
589 1413 375 133 subsistit
878 1413 346 133 intribus
1137 1413 259 133 super

292 1486 309 116 positis
517 1486 197 116 uno
629 1486 337 116 realiter
882 1486 169 116 et
967 1486 281 116 duobus
1135 1486 197 116 inten

285 1566 459 98 tentioalibus
658 1566 201 98 sed
773 1566 287 98 tribus
973 1566 401 98 distinctis

302 1628 243 134 realiter
484 1628 304 134 ypostatibus
728 1628 183 134 patet
849 1628 142 134 hoc
930 1628 304 134 corollarium
1174 1628 122 134 ex
1235 1628 142 134 dic

298 1708 166 127 tis
393 1708 142 127 et
464 1708 261 127 ponitur
654 1708 284 127 expersse
867 1708 213 127 primo
1009 1708 284 127 iohannes
1222 1708 118 127 5

291 1768 168 153 ubi
387 1768 263 153 dicitur
578 1768 192 153 quod
698 1768 192 153 tres
818 1768 192 153 sunt
938 1768 168 153 qui
1034 1768 359 153 testimonium

281 1868 221 83 dant
419 1868 165 83 in
502 1868 248 83 caelo
667 1868 165 83 Ad
750 1868 248 83 illud
915 1868 221 83 idem
1053 1868 193 83 est
1136 1868 193 83 proce

318 1940 165 128 ssus
421 1940 206 128 domini
565 1940 247 128 alphonsi
750 1940 123 128 in
812 1940 185 128 forma
935 1940 329 128 distinctione
1203 1940 165 128 ista

299 2015 235 102 quarta
463 2015 329 102 quaestione
722 2015 212 102 unica
863 2015 141 102 2o
933 2015 141 102 et
1004 2015 118 102 3
1051 2015 306 102 articulis

289 2081 163 140 et
370 2081 300 140 habetur
588 2081 300 140 materia
806 2081 245 140 libro
970 2081 245 140 primo
1106 2081 245 140 aureoli

303 2156 232 121 distinctione
491 2156 72 121 3
520 2156 203 121 quaestione
679 2156 72 121 3
708 2156 174 121 articulo
838 2156 72 121 3
867 2156 159 121 prolixe
983 2156 72 121 ¶
1012 2156 87 121 3m
1055 2156 217 121 corollarium
1229 2156 116 121 deus

305 2245 472 127 intelligendo
688 2245 177 127 se
776 2245 206 127 vel
894 2245 295 127 amanda
1100 2245 177 127 se
1189 2245 206 127 non

312 2319 241 135 solum
473 2319 241 135 ponit
633 2319 160 135 se
713 2319 214 135 ante
847 2319 160 135 se
927 2319 187 135 vel
1034 2319 241 135 extra
1194 2319 160 135 se

308 2392 192 134 sed
417 2392 302 134 nostrum
637 2392 247 134 modum
801 2392 439 134 intelligendi
1130 2392 192 134 inten

310 2465 352 131 tionabiliter
596 2465 220 131 domice
750 2465 154 131 sed
838 2465 264 131 realiter
1036 2465 264 131 perfecte
1234 2465 154 131 cum

313 2535 359 137 ydemptitate
600 2535 263 137 naturae
792 2535 168 137 vel
887 2535 191 137 vere
1007 2535 311 137 relatione
1222 2535 120 137 dis

321 2615 230 135 tinctive
493 2615 173 135 patet
608 2615 134 135 per
685 2615 153 135 idem
781 2615 307 135 proverbiorum
1030 2615 96 135 8
1068 2615 211 135 dominus
1222 2615 173 135 posse

311 2697 189 116 dit
419 2697 162 116 me
500 2697 189 116 etc
609 2697 325 116 sequitur
852 2697 271 116 bodens
1041 2697 189 116 cor
1150 2697 162 116 eo
1231 2697 189 116 etc

336 2760 146 140 Ex
409 2760 171 140 quo
506 2760 219 140 patet
652 2760 195 140 quod
774 2760 317 140 sabellius
1018 2760 195 140 male
1140 2760 268 140 exposit

313 2846 375 98 auctoritates
618 2846 141 98 ut
688 2846 258 98 deducit
876 2846 258 98 dominus
1063 2846 329 98 benedictus

324 2916 143 127 12
396 2916 167 127 ubi
491 2916 215 127 supra
635 2916 143 127 ut
707 2916 215 127 patet
850 2916 215 127 dicto
993 2916 143 127 2o
1065 2916 143 127 ad
1137 2916 215 127 dicta
1256 2916 72 127 a

303 2979 327 139 ugustini
548 2979 164 139 de
630 2979 246 139 plone
794 2979 218 139 hunc
930 2979 246 139 autem
1094 2979 327 139 sabellii

314 3074 322 111 errorem
548 3074 322 111 tractat
782 3074 322 111 sanctus
1016 3074 293 111 thomas
1192 3074 117 111 4o

310 3150 244 113 contra
480 3150 293 113 gentiles
700 3150 293 113 capitulo
920 3150 122 113 5
969 3150 171 113 ubi
1066 3150 220 113 ponit
1213 3150 195 113 eius

313 3222 253 113 motiva
490 3222 152 113 Et
566 3222 304 113 capitulo
793 3222 202 113 novo
920 3222 177 113 ubi
1021 3222 253 113 solvit
1198 3222 202 113 sabe

332 3303 169 135 llii
437 3303 253 135 arguenta
627 3303 190 135 patet
753 3303 211 135 igitur
901 3303 126 135 ex
964 3303 169 135 hiis
1069 3303 169 135 quod
1174 3303 211 135 dictum

1449 287 313 131 eckardi
1676 287 171 131 in
1762 287 228 131 suis
1904 287 171 131 25
1990 287 171 131 et
2075 287 171 131 24
2161 287 370 131 articulis

1464 377 214 103 merito
1613 377 321 103 redarguitur
1870 377 128 103 et
1934 377 299 103 reprobatur
2169 377 107 103 ¶
2212 377 150 103 Sed
2297 377 214 103 contra

1461 442 186 126 istam
1586 442 331 126 conclusionem
1855 442 145 126 est
1938 442 186 126 primo
2062 442 186 126 totum
2186 442 124 126 2m
2248 442 290 126 principale

1464 503 199 125 primo
1596 503 177 125 quia
1707 503 398 125 incommuncabile
2038 503 199 125 esset
2171 503 375 125 communicabile

1457 580 182 110 2o
1548 580 242 110 quia
1699 580 242 110 deus
1850 580 212 110 est
1971 580 333 110 omnibus
2213 580 272 110 modis

1446 632 216 131 idem
1581 632 162 131 3o
1662 632 216 131 quia
1797 632 189 131 aut
1905 632 324 131 essentia
2148 632 270 131 divina
2337 632 189 131 sub

1458 707 254 137 respectu
1649 707 297 137 privitatis
1882 707 148 137 est
1966 707 360 137 compossibilis
2263 707 191 137 filio
2369 707 106 137 aut

1445 784 177 108 non
1546 784 177 108 etc
1647 784 177 108 sed
1748 784 253 108 nullum
1925 784 278 108 istorum
2127 784 126 108 ¶
2178 784 152 108 2o
2254 784 152 108 si
2329 784 202 108 sunt

1448 856 211 133 tres
1579 856 316 133 personae
1816 856 316 133 realiter
2053 856 316 133 relative
2264 856 237 133 distinc

1453 923 128 101 te
1517 923 213 101 igitur
1666 923 128 101 in
1730 923 235 101 divinis
1901 923 171 101 erit
2008 923 235 101 relatio
2178 923 128 101 et
2242 923 235 101 oppinio
2392 923 85 101 re

1462 994 254 96 lationis
1652 994 148 96 vel
1737 994 212 96 igitur
1885 994 169 96 erit
1991 994 212 96 tantum
2139 994 148 96 una
2224 994 148 96 vel
2309 994 212 96 plures

1461 1059 143 117 si
1533 1059 238 117 tantum
1699 1059 167 117 una
1795 1059 238 117 igitur
1962 1059 214 117 erunt
2105 1059 214 117 solum
2248 1059 167 117 ibi
2343 1059 167 117 duo

1455 1117 311 151 supposita
1694 1117 143 151 et
1766 1117 191 151 duae
1885 1117 287 151 personae
2100 1117 143 151 et
2172 1117 191 151 tunc
2268 1117 191 151 contra

1463 1196 317 132 conclusionem
1721 1196 119 132 si
1780 1196 158 132 vero
1879 1196 198 132 plures
2018 1196 158 132 quam
2117 1196 139 132 una
2196 1196 198 132 igitur
2334 1196 178 132 erunt

1454 1261 140 134 ad
1524 1261 209 134 minus
1663 1261 256 134 quatuor
1849 1261 279 134 personae
2058 1261 186 134 quod
2175 1261 163 134 est
2268 1261 279 134 haeresis

1451 1344 276 129 expressa
1658 1344 138 129 Et
1727 1344 207 129 patet
1865 1344 368 129 consequentia
2164 1344 184 129 quia
2279 1344 207 129 omnis
2394 1344 92 129 op

1450 1418 336 111 positio
1695 1418 366 111 relativa
1969 1418 366 111 requirit
2244 1418 214 111 duo
2366 1418 183 111 ex

1450 1483 263 113 trema
1625 1483 146 113 ¶
1683 1483 175 113 3o
1771 1483 233 113 deus
1917 1483 350 113 omnimodo
2179 1483 204 113 est
2296 1483 233 113 idem

1453 1565 300 123 quomodo
1671 1565 409 123 simpliciter
1998 1565 191 123 est
2107 1565 273 123 melius
2298 1565 218 123 esse

1469 1620 172 131 idem
1576 1620 172 131 quod
1683 1620 150 131 non
1769 1620 172 131 idem
1876 1620 150 131 sed
1962 1620 172 131 esse
2069 1620 172 131 idem
2176 1620 365 131 essentialiter

1455 1699 148 133 et
1529 1699 393 133 personaliter
1849 1699 172 133 est
1947 1699 246 133 melius
2119 1699 197 133 quod
2242 1699 172 133 non
2340 1699 197 133 esse

1478 1776 169 106 sic
1574 1776 193 106 idem
1695 1776 241 106 igitur
1864 1776 193 106 deus
1985 1776 169 106 est
2081 1776 169 106 sic
2178 1776 193 106 idem
2298 1776 217 106 maior

1467 1853 152 132 patet
1568 1853 118 132 per
1636 1853 202 132 anselmum
1788 1853 236 132 monologion
1973 1853 101 132 15
2024 1853 152 132 minor
2125 1853 202 132 probatur
2277 1853 135 132 quia
2361 1853 135 132 quod

1471 1910 299 148 convenit
1695 1910 224 148 patri
1845 1910 150 148 et
1920 1910 274 148 culibet
2119 1910 299 148 personae
2343 1910 174 148 est

1467 1993 241 138 melius
1636 1993 217 138 ipsum
1780 1993 193 138 quam
1901 1993 169 138 non
1997 1993 217 138 ipsum
2142 1993 169 138 sed
2238 1993 193 138 esse
2358 1993 193 138 idem

1477 2073 284 133 convenit
1690 2073 284 133 cuilibet
1903 2073 284 133 personae
2116 2073 189 133 quia
2235 2073 308 133 quaelibet

1476 2152 236 127 persona
1647 2152 343 127 personaliter
1926 2152 129 127 et
1990 2152 365 127 essentialiter
2291 2152 150 127 est
2376 2152 172 127 idem

1473 2220 248 124 essentia
1659 2220 227 124 divinae
1824 2220 207 124 igitur
1969 2220 227 124 videtur
2134 2220 165 124 quod
2238 2220 310 124 simpliciter

1468 2306 197 112 sit
1580 2306 225 112 idem
1721 2306 225 112 esse
1862 2306 197 112 est
1974 2306 281 112 melius
2171 2306 225 112 quam
2312 2306 197 112 non
2397 2306 84 112 p

1475 2368 158 114 ipsum
1581 2368 105 114 et
1633 2368 123 114 per
1703 2368 245 114 consequens
1896 2368 228 114 conclusio
2071 2368 158 114 falsa
2176 2368 88 114 ¶
2211 2368 175 114 Contra
2334 2368 175 114 primum

1471 2454 219 108 corollarium
1647 2454 175 108 arguitur
1778 2454 175 108 sequitur
1910 2454 88 108 si
1953 2454 219 108 corollarium
2129 2454 131 108 esset
2216 2454 131 108 verum
2304 2454 117 108 quod
2377 2454 73 108 3
2406 2454 117 108 sunt

1476 2524 233 115 aeternae
1651 2524 233 115 personae
1825 2524 117 115 et
1884 2524 175 115 tamen
2000 2524 136 115 non
2078 2524 156 115 sunt
2175 2524 233 115 aeternae
2350 2524 156 115 quod

1481 2610 128 105 est
1554 2610 256 105 inplicatio
1755 2610 164 105 patet
1864 2610 292 105 consequentia
2102 2610 146 105 quia
2193 2610 110 105 si
2248 2610 274 105 corollarium

1467 2671 148 104 est
1551 2671 190 104 verum
1678 2671 211 104 igitur
1825 2671 169 104 sunt
1931 2671 169 104 tres
2036 2671 190 104 verae
2163 2671 295 104 coaeternae
2395 2671 148 104 per

1492 2750 155 100 onae
1588 2750 193 100 igitur
1724 2750 116 100 et
1782 2750 232 100 aeternae
1956 2750 135 100 sed
2033 2750 155 100 quod
2130 2750 135 100 non
2207 2750 155 100 sunt
2304 2750 97 100 3
2343 2750 232 100 aeternae

1477 2811 212 138 patet
1619 2811 165 138 per
1713 2811 330 138 athanasium
1972 2811 141 138 in
2043 2811 259 138 simbolo
2231 2811 165 138 ubi
2325 2811 212 138 dicit

1497 2888 137 115 non
1576 2888 156 115 tres
1673 2888 215 115 aeterni
1830 2888 137 115 sed
1908 2888 156 115 unus
2006 2888 235 115 aeternus
2182 2888 195 115 igitur
2319 2888 235 115 sequitur

1493 2972 277 118 corollarium
1714 2972 185 118 falsum
1844 2972 92 118 ¶
1881 2972 166 118 conra
1992 2972 111 118 2m
2047 2972 277 118 corollarium
2269 2972 111 118 si
2325 2972 166 118 ipsum
2436 2972 129 118 est

1487 3043 203 114 verum
1623 3043 271 114 sequitur
1827 3043 181 114 quod
1940 3043 203 114 erunt
2075 3043 181 114 octo
2188 3043 158 114 res
2279 3043 317 114 distinctae

1485 3122 289 84 idividuis
1707 3122 178 84 quod
1818 3122 222 84 omnino
1973 3122 244 84 videtur
2151 3122 222 84 falsum
2307 3122 133 84 et
2373 3122 222 84 loquor

1472 3193 365 117 destinctione
1769 3193 205 117 reali
1906 3193 274 117 probatur
2111 3193 365 117 consequentia
2408 3193 183 117 quia

1482 3272 155 134 per
1570 3272 331 134 corollarium
1835 3272 177 134 tres
1946 3272 177 134 sunt
2056 3272 265 134 personae
2255 3272 309 134 distinctae
