2964 4244
493 324 162 150 sed
585 324 162 150 non
678 324 208 150 minus
816 324 369 150 proprietates
1116 324 231 150 quibus
1278 324 277 150 personae

518 428 218 112 habent
671 428 175 112 esse
780 428 175 112 sunt
889 428 305 112 distinctae
1129 428 175 112 quae
1238 428 175 112 enim
1347 428 196 112 inter

510 487 148 124 se
584 487 172 124 non
683 487 320 124 differunt
929 487 296 124 realiter
1151 487 172 124 non
1249 487 271 124 possunt
1422 487 99 124 da

511 578 127 101 re
574 578 169 101 esse
680 578 275 101 differens
892 578 254 101 realiter
1083 578 148 101 cum
1167 578 212 101 igitur
1315 578 169 101 tres
1400 578 106 101 pro

518 628 256 120 prietates
715 628 276 120 distinctae
932 628 158 120 quia
1031 628 237 120 secundum
1208 628 256 120 richardum
1406 628 99 120 4
1445 628 118 120 de

507 705 210 107 trintate
665 705 210 107 capitulo
823 705 105 107 17
875 705 105 107 in
928 705 140 107 illa
1016 705 228 107 trinitate
1191 705 193 107 oportet
1331 705 123 107 tot
1383 705 123 107 perso

513 775 199 115 nales
645 775 353 115 proprietates
933 775 177 115 esse
1043 775 199 115 quote
1176 775 177 115 sunt
1286 775 265 115 personae

504 847 249 128 igitur
678 847 174 128 sex
778 847 199 128 sunt
902 847 348 128 distinctae
1176 847 174 128 sed
1275 847 199 128 duae
1400 847 174 128 ema

504 924 318 120 nationes
743 924 212 120 sunt
876 924 239 120 etiam
1035 924 372 120 distinctae
1327 924 239 120 dicen

502 988 95 137 te
550 988 173 137 anselmo
676 988 142 137 libro
770 988 95 137 de
817 988 252 137 processionem
1022 988 189 137 spiritus
1164 988 158 137 sancti
1274 988 189 137 capitulo
1416 988 95 137 2o

507 1054 270 147 filius
696 1054 324 147 nascendo
939 1054 243 147 habet
1100 1054 216 147 esse
1235 1054 162 147 de
1316 1054 243 147 patre

520 1131 260 168 spiritus
715 1131 217 168 sactus
867 1131 152 168 non
954 1131 260 168 nascendo
1148 1131 152 168 sed
1235 1131 303 168 procedendo

518 1211 115 134 id
575 1211 173 134 circo
690 1211 134 134 nec
767 1211 192 134 filius
901 1211 192 134 potest
1036 1211 153 134 esse
1132 1211 230 134 spiritus
1304 1211 211 134 sanctus

507 1282 162 154 nec
600 1282 279 154 spiritus
809 1282 255 154 sanctus
994 1282 209 154 valet
1133 1282 186 154 esse
1249 1282 186 154 ille
1366 1282 209 154 cuius

523 1349 253 168 spiritus
713 1349 148 168 est
797 1349 295 168 Expressius
1029 1349 190 168 ponit
1156 1349 148 168 hoc
1240 1349 295 168 damascenus

503 1429 195 158 libro
633 1429 195 158 primo
763 1429 259 158 capitulo
957 1429 130 158 10
1022 1429 151 158 ubi
1109 1429 195 158 dicit
1239 1429 216 158 filius
1390 1429 151 158 est

517 1507 111 149 a
561 1507 201 149 patre
695 1507 290 149 generatus
918 1507 267 149 spiritus
1118 1507 245 149 sanctus
1296 1507 134 149 Et
1363 1507 178 149 ipse

491 1569 210 180 quidem
638 1569 105 180 a
680 1569 189 180 patre
806 1569 147 180 est
890 1569 147 180 sed
974 1569 147 180 non
1058 1569 315 180 generaliter
1310 1569 147 180 sed
1394 1569 147 180 pro

506 1667 356 153 cessionaliter
799 1667 126 153 et
862 1667 231 153 quoniam
1030 1667 147 153 est
1114 1667 210 153 quidem
1240 1667 272 153 differentia

494 1739 343 148 generationis
772 1739 128 148 et
836 1739 343 148 processionis
1115 1739 278 148 didiscius
1329 1739 214 148 igitur

512 1815 189 129 sequitur
654 1815 157 129 primum
764 1815 220 129 consequens
937 1815 173 129 illatum
1063 1815 94 129 si
1110 1815 236 129 corollarium
1299 1815 110 129 sit
1362 1815 142 129 verum

470 1885 120 150 ¶
518 1885 240 150 Contra
686 1885 144 150 3m
758 1885 360 150 corollarium
1046 1885 168 150 nam
1142 1885 144 150 si
1214 1885 168 150 una
1310 1885 264 150 persona

507 1967 167 141 per
602 1967 191 141 suum
722 1967 357 141 intelligere
1008 1967 167 141 vel
1103 1967 238 141 dilige
1270 1967 214 141 ponit
1413 1967 143 141 se

507 2028 144 161 ante
597 2028 108 161 se
651 2028 126 161 vel
724 2028 163 161 extra
832 2028 108 161 se
886 2028 217 161 sequitur
1049 2028 144 161 quod
1139 2028 235 161 quaelibet
1320 2028 108 161 et
1374 2028 126 161 cum

485 2130 222 107 filius
640 2130 311 107 intelligat
884 2130 133 107 se
951 2130 266 107 sequitur
1151 2130 200 107 etiam
1284 2130 178 107 quod
1373 2130 155 107 ponit

515 2191 132 139 se
581 2191 176 139 ante
691 2191 132 139 se
757 2191 132 139 et
822 2191 263 139 spiritus
1020 2191 242 139 sanctus
1196 2191 307 139 intelliget
1415 2191 88 139 di

505 2281 226 118 ligit
656 2281 151 118 se
731 2281 251 118 igitur
907 2281 226 118 etiam
1057 2281 226 118 ponit
1208 2281 151 118 se
1283 2281 201 118 ante
1384 2281 100 118 se

487 2329 137 157 ex
556 2329 137 157 et
624 2329 205 157 extra
760 2329 137 157 se
829 2329 182 157 quae
943 2329 205 157 tamen
1079 2329 205 157 omnia
1216 2329 182 157 sunt
1330 2329 205 157 falsa

490 2402 223 143 igitur
646 2402 156 143 etc
735 2402 112 143 ¶
780 2402 134 143 Ad
847 2402 179 143 ista
959 2402 291 143 respondeo
1182 2402 134 143 et
1250 2402 201 143 primo
1384 2402 134 143 ad

487 2470 123 111 2m
548 2470 286 111 principale
773 2470 163 111 unde
875 2470 143 111 cum
956 2470 184 111 primo
1079 2470 225 111 dicitur
1242 2470 163 111 quod
1345 2470 204 111 nullum

483 2546 132 124 in
549 2546 374 124 communicabile
857 2546 154 124 etc
945 2546 220 124 posset
1098 2546 198 124 primo
1230 2546 176 124 dici
1340 2546 176 124 quod

477 2609 224 132 proprie
640 2609 122 132 et
701 2609 224 132 stricte
864 2609 245 132 loquendo
1048 2609 163 132 quod
1150 2609 245 132 essentia
1334 2609 204 132 divina

489 2688 145 130 non
572 2688 145 130 est
655 2688 374 130 communicabilis
967 2688 249 130 personis
1154 2688 228 130 divinis
1320 2688 187 130 patet

483 2764 174 131 hoc
583 2764 174 131 sic
682 2764 298 131 summendo
906 2764 373 131 communicari
1204 2764 249 131 nichil
1354 2764 124 131 co-

490 2836 252 122 micatur
673 2836 229 122 alteri
834 2836 183 122 nisi
948 2836 160 122 sit
1040 2836 321 122 distinctum
1292 2836 137 122 ab
1361 2836 183 122 ipso

491 2910 167 92 modo
596 2910 251 92 essentia
784 2910 209 92 divina
931 2910 147 92 non
1014 2910 356 92 distinguuitur
1308 2910 105 92 a
1328 2910 147 92 perso

492 2988 151 96 nis
579 2988 151 96 nec
665 2988 237 96 econaso
837 2988 194 96 quare
966 2988 151 96 non
1052 2988 215 96 potest
1202 2988 237 96 proprie
1374 2988 151 96 eis

480 3039 335 135 communicari
748 3039 112 135 ¶
792 3039 223 135 Aliter
949 3039 223 135 potest
1105 3039 179 135 dici
1217 3039 313 135 admittendo

488 3113 169 120 modum
601 3113 301 120 conclusionem
845 3113 225 120 loquendi
1014 3113 225 120 doctoris
1183 3113 225 120 scilicet
1352 3113 150 120 quod

474 3191 246 120 essentia
659 3191 205 120 divina
803 3191 144 120 sit
885 3191 349 120 commuicabilis
1172 3191 123 120 et
1233 3191 144 120 non
1315 3191 226 120 persona

479 3247 137 110 et
548 3247 183 110 tunc
662 3247 160 110 cum
753 3247 274 110 arguitur
959 3247 229 110 nullum
1096 3247 389 110 incommunicabile

469 3322 219 132 tribus
623 3322 175 132 dico
732 3322 175 132 quod
842 3322 175 132 ista
952 3322 197 132 maior
1083 3322 219 132 potest
1237 3322 307 132 dupliciter

1664 326 274 112 intelligi
1875 326 148 112 uno
1959 326 169 112 modo
2065 326 148 112 sic
2149 326 211 112 nullum
2296 326 358 112 communicabile
2592 326 148 112 etc

1665 401 119 114 id
1725 401 139 114 est
1804 401 139 114 non
1884 401 139 114 est
1963 401 179 114 aliud
2082 401 159 114 quod
2182 401 318 114 communicatur
2440 401 199 114 tribus
2559 401 119 114 tunc

1657 459 224 112 maior
1807 459 174 112 est
1906 459 374 112 simpliciter
2205 459 224 112 falsa
2355 459 125 112 ¶
2405 459 199 112 alio
2529 459 199 112 modo

1663 526 159 118 sic
1754 526 159 118 non
1845 526 159 118 est
1936 526 386 118 communicabile
2254 526 136 118 id
2322 526 159 118 est
2413 526 204 118 ipsum
2549 526 159 118 non

1658 597 225 125 potest
1815 597 337 125 communicari
2084 597 225 125 tribus
2241 597 180 125 tunc
2354 597 314 125 conceditur
2601 597 112 125 a

1651 662 166 112 et
1734 662 249 112 forma
1900 662 332 112 arguendi
2149 662 193 112 non
2259 662 249 112 valet
2425 662 138 112 ¶
2481 662 166 112 ad
2563 662 166 112 2m

1653 724 203 134 satis
1788 724 203 134 patet
1923 724 135 134 ex
1990 724 225 134 dictis
2148 724 248 134 sanctis
2328 724 248 134 thoomas
2508 724 203 134 parte

1666 805 173 123 prima
1781 805 269 123 quaestione
1992 805 115 123 28
2050 805 230 123 articulo
2222 805 115 123 3o
2280 805 173 123 etiam
2395 805 173 123 satis
2491 805 211 123 diffusive

1664 873 143 108 ad
1736 873 215 108 illam
1879 873 287 108 rationem
2094 873 310 108 respondet
2333 873 167 108 sed
2428 873 263 108 dominus
2595 873 96 108 be

1645 946 408 106 nedictus
1951 946 510 106 retractando
2358 946 340 106 enudem
2562 946 136 106 ar

1638 1022 289 119 ticulum
1848 1022 289 119 eckardi
2057 1022 236 119 dicit
2215 1022 236 119 illum
2372 1022 367 119 inhaeresim

1639 1085 292 131 sabellim
1857 1085 316 131 incidisse
2100 1085 146 131 et
2173 1085 170 131 pro
2271 1085 267 131 ratione
2465 1085 219 131 ultra

1646 1163 365 132 responsionem
1943 1163 228 132 sancti
2103 1163 228 132 thomae
2263 1163 206 132 dicit
2400 1163 183 132 quod
2514 1163 206 132 licet

1641 1244 329 110 quaelibet
1894 1244 329 110 divinarum
2147 1244 355 110 personarum
2426 1244 177 110 sit
2527 1244 203 110 tota

1644 1323 234 99 divina
1807 1323 281 99 essentia
2018 1323 164 99 non
2112 1323 211 99 tamen
2252 1323 328 99 tottaliter
2509 1323 140 99 in
2579 1323 140 99 se

1635 1378 208 134 habet
1774 1378 208 134 omnia
1913 1378 185 134 quae
2028 1378 139 134 in
2098 1378 231 134 divina
2260 1378 278 134 essentia
2468 1378 231 134 aliquo

1648 1456 212 128 modo
1780 1456 212 128 sunt
1912 1456 212 128 quia
2044 1456 238 128 licet
2203 1456 344 128 quaelibet
2468 1456 291 128 persona

1655 1530 162 108 sit
1747 1530 185 108 tota
1863 1530 232 108 divina
2025 1530 232 108 natura
2188 1530 208 108 tamen
2327 1530 232 108 divina
2489 1530 232 108 natura

1645 1596 466 139 consequentibiliter
2047 1596 148 139 non
2132 1596 148 139 est
2216 1596 296 139 tottaliter
2449 1596 191 139 eadem
2576 1596 148 139 cum

1644 1673 321 124 qualibet
1885 1673 294 124 persona
2099 1673 401 124 singlariter
2420 1673 294 124 accepta

1644 1759 232 118 plura
1799 1759 232 118 dicit
1954 1759 232 118 circa
2109 1759 206 118 ista
2238 1759 206 118 quae
2367 1759 155 118 ad
2444 1759 232 118 sanum

1637 1831 400 114 intellectum
1958 1831 294 114 aestimo
2171 1831 214 114 esse
2305 1831 214 114 bona
2438 1831 240 114 licet

1655 1899 230 105 plura
1808 1899 230 105 circa
1961 1899 153 105 ea
2037 1899 281 105 possent
2241 1899 383 105 particulari
2547 1899 153 105 ad

1641 1980 256 103 propositum
1842 1980 201 103 videtur
1988 1980 146 103 esse
2080 1980 238 103 processus
2262 1980 238 103 damasceni
2445 1980 165 103 libro
2555 1980 165 103 primo

1640 2031 283 145 capitulo
1852 2031 141 145 11
1923 2031 165 145 ubi
2017 2031 212 145 dicit
2159 2031 165 145 sed
2253 2031 212 145 omnia
2394 2031 188 145 unum
2512 2031 188 145 sunt

1639 2119 193 133 pater
1767 2119 129 133 et
1832 2119 215 133 filius
1982 2119 129 133 et
2047 2119 258 133 spiritus
2240 2119 236 133 sanctus
2412 2119 236 133 praeter
2584 2119 129 133 in

1635 2189 304 115 generationem
1882 2189 114 115 et
1939 2189 304 115 generationem
2187 2189 114 115 et
2244 2189 304 115 processionem
2491 2189 247 115 ecclesiae

1628 2246 164 137 quod
1731 2246 205 137 aliqua
1875 2246 226 137 excipit
2039 2246 164 137 Item
2142 2246 287 137 damascenus
2367 2246 185 137 libro
2490 2246 185 137 primo

1624 2324 258 126 capitulo
1818 2324 108 126 5
1861 2324 129 126 in
1926 2324 301 126 divinitate
2163 2324 172 126 unam
2270 2324 237 126 naturam
2421 2324 258 126 confitemur

1621 2416 173 125 tres
1730 2416 195 125 autem
1860 2416 303 125 ypostaseos
2098 2416 130 125 id
2163 2416 152 125 est
2249 2416 260 125 personas
2444 2416 260 125 secundum

1626 2462 380 125 veritatem
1918 2462 263 125 entes
2094 2462 176 125 in
2182 2462 293 125 quibus
2386 2462 176 125 et
2474 2462 263 125 omnia

1620 2542 242 140 quidem
1789 2542 314 140 naturalia
2031 2542 145 140 et
2103 2542 411 140 substantialia
2442 2542 314 140 simplicia

1627 2614 146 136 in
1700 2614 244 136 quibus
1870 2614 146 136 id
1943 2614 171 136 est
2041 2614 268 136 dicimus
2236 2614 268 136 differt
2430 2614 219 136 autem
2552 2614 122 136 ypo

1637 2685 206 128 staseon
1787 2685 169 128 solum
1900 2685 300 128 proprietatem
2144 2685 150 128 Item
2238 2685 244 128 richardum
2425 2685 169 128 libro
2538 2685 113 128 4o
2594 2685 113 128 de

1618 2767 290 116 trinitate
1841 2767 268 116 capitulo
2042 2767 134 116 17
2109 2767 268 116 fidentis
2309 2767 268 116 fateamur
2488 2767 156 116 perso

1629 2835 122 117 nas
1698 2835 105 117 in
1751 2835 244 117 divinitate
1942 2835 209 117 secundum
2099 2835 262 117 substantias
2308 2835 174 117 dictas
2431 2835 105 117 et
2465 2835 227 117 substantiam

1628 2922 338 93 significare
1899 2922 135 93 et
1967 2922 225 93 plures
2124 2922 158 93 ibi
2215 2922 271 93 personas
2417 2922 158 93 non
2508 2922 225 93 plures

1622 2974 339 116 substantias
1894 2974 181 116 esse
2007 2974 181 116 quia
2120 2974 181 116 sunt
2233 2974 226 116 plures
2391 2974 271 116 habentes

1612 3044 168 126 unum
1717 3044 126 126 et
1780 3044 316 126 indifferens
2033 3044 168 126 esse
2138 3044 126 126 ex
2201 3044 295 126 differenti
2432 3044 316 126 proprietate

1600 3132 267 105 unitas
1787 3132 267 105 itaque
1974 3132 187 105 ibi
2080 3132 187 105 est
2187 3132 187 105 est
2293 3132 240 105 iuxta
2453 3132 240 105 modum

1603 3163 286 116 essendi
1811 3163 364 116 pluralitas
2097 3163 234 116 iuxtz
2252 3163 234 116 modum
2382 3163 234 116 exeundi

1612 3239 201 93 haec
1738 3239 201 93 ille
1864 3239 126 93 ¶
1914 3239 151 93 Ad
1989 3239 201 93 idem
2115 3239 176 93 est
2216 3239 277 93 boetius
2417 3239 227 93 circa
2543 3239 101 93 fi

1604 3305 157 118 nem
1693 3305 202 118 libro
1828 3305 135 118 de
1895 3305 292 118 trinitate
2120 3305 269 118 anselmus
2322 3305 135 118 de
2389 3305 337 118 processione
