2964 4244
546 301 134 170 et
613 301 157 170 sic
702 301 157 170 est
792 301 134 170 in
859 301 202 170 patre
994 301 134 170 et
1061 301 202 170 filio
1195 301 157 170 non
1285 301 202 170 solum
1397 301 112 170 con

532 407 324 137 stituitiva
787 407 324 137 personarum
1041 407 255 137 ipsarum
1226 407 162 137 sed
1319 407 208 137 etiam

534 483 147 115 sit
618 483 358 115 communicativa
913 483 211 115 ipsius
1061 483 126 115 et
1124 483 169 115 isto
1229 483 169 115 modo
1334 483 147 115 non
1419 483 147 115 est

549 553 116 134 in
607 553 213 134 spiritu
762 553 194 134 sancto
898 553 116 134 et
956 553 136 134 sic
1034 553 194 134 aliter
1169 553 175 134 modus
1286 553 136 134 est
1363 553 213 134 divinae

547 620 258 140 essentiae
746 620 278 140 existentis
965 620 119 140 in
1024 620 219 140 persona
1183 620 119 140 ut
1243 620 139 140 est
1302 620 219 140 constitui

530 692 221 135 tiva
668 692 221 135 inee
806 692 359 135 personali
1082 692 166 135 et
1165 692 248 135 alter
1331 692 248 135 modus

541 766 231 129 eiusdem
709 766 273 129 essentiae
919 766 147 129 est
1003 766 294 129 principium
1233 766 336 129 communicandi

527 838 132 135 se
593 838 198 135 ipsum
725 838 220 135 alteri
879 838 264 135 personae
1077 838 132 135 in
1143 838 264 135 veritate
1341 838 242 135 eiusdem

538 910 294 122 essentiae
765 910 181 122 haec
878 910 159 122 ibi
969 910 113 122 ¶
1014 910 159 122 per
1105 910 159 122 hoc
1195 910 136 122 ad
1263 910 227 122 formam
1422 910 159 122 cum

531 975 187 134 dicit
656 975 187 134 ockam
780 975 166 134 quid
884 975 270 134 essentiam
1092 975 125 134 in
1154 975 187 134 patre
1279 975 145 134 est
1362 975 145 134 est
1424 975 83 134 in

545 1038 309 138 compossiblis
795 1038 231 138 producta
969 1038 154 138 haec
1065 1038 135 138 est
1143 1038 174 138 falsa
1258 1038 289 138 simpliciter

536 1126 175 102 dicit
652 1126 214 102 dominus
808 1126 272 102 benedictus
1022 1126 156 102 quod
1119 1126 175 102 istae
1236 1126 331 102 propositiones

523 1180 216 142 sunt
658 1180 324 142 duplices
901 1180 162 142 in
982 1180 189 142 uno
1090 1180 243 142 sensu
1252 1180 216 142 sunt
1360 1180 162 142 vere

526 1243 144 142 in
598 1243 192 142 alio
718 1243 216 142 sensu
863 1243 192 142 sunt
983 1243 216 142 falsa
1127 1243 192 142 ideo
1247 1243 168 142 cum
1344 1243 216 142 ockam

523 1319 204 135 dicit
659 1319 181 135 quod
773 1319 181 135 sint
886 1319 227 135 falsae
1045 1319 340 135 simpliciter
1316 1319 181 135 male
1430 1319 159 135 dic

521 1387 174 153 quod
630 1387 195 153 autem
760 1387 282 153 huiusmodi
977 1387 369 153 propositiones
1280 1387 174 153 sint
1367 1387 152 153 dupli

519 1462 171 151 ces
616 1462 220 151 patet
763 1462 147 151 ex
836 1462 147 151 3o
909 1462 318 151 supposito
1154 1462 147 151 et
1227 1462 269 151 deducit
1398 1462 122 151 pro

523 1532 178 133 lixe
634 1532 155 133 per
723 1532 133 133 3m
789 1532 133 133 et
856 1532 133 133 5m
922 1532 289 133 capitulum
1145 1532 266 133 articuli
1344 1532 222 133 illius

522 1615 269 146 difficile
730 1615 187 146 tamen
854 1615 228 146 videtur
1020 1615 207 146 posset
1165 1615 124 146 ex
1227 1615 166 146 toto
1310 1615 228 146 falsifica

523 1697 134 113 ri
590 1697 223 113 dictum
745 1697 200 113 ockam
879 1697 245 113 tenendo
1057 1697 200 113 huius
1190 1697 378 113 propositiones

520 1778 352 109 reduplicative
810 1778 186 109 sicut
934 1778 186 109 patet
1058 1778 124 109 ex
1120 1778 186 109 eorum
1244 1778 124 109 ex
1306 1778 269 109 positione

519 1848 189 126 tibus
645 1848 147 126 qui
729 1848 210 126 igitur
876 1848 168 126 vult
981 1848 210 126 dicere
1128 1848 336 126 consequenter
1401 1848 126 126 ad
1443 1848 84 126 oc

501 1908 159 136 kam
592 1908 227 136 potest
751 1908 341 136 restringere
1024 1908 136 136 et
1092 1908 227 136 dicere
1251 1908 182 136 quod
1365 1908 182 136 sint

507 1986 243 128 falsae
677 1986 170 128 qui
774 1986 170 128 non
872 1986 195 128 vult
993 1986 170 128 eum
1090 1986 243 128 negare
1261 1986 292 128 sequatur

505 2056 277 122 modum
690 2056 338 122 ponendi
936 2056 400 122 benedicta
1243 2056 215 122 qui
1335 2056 154 122 fun

505 2120 231 141 datur
659 2120 231 141 super
813 2120 256 141 dictis
992 2120 308 141 doctoris
1223 2120 333 141 solempnis

502 2207 116 135 in
560 2207 174 135 summa
675 2207 232 135 articulo
849 2207 116 135 56
907 2207 270 135 quaestione
1119 2207 97 135 4
1158 2207 174 135 verum
1274 2207 174 135 tamen
1390 2207 135 135 est

496 2279 206 138 quod
625 2279 258 138 aliqua
806 2279 309 138 supponit
1038 2279 361 138 benedictus
1321 2279 206 138 quae

490 2363 265 96 moderni
683 2363 169 96 non
779 2363 313 96 admittunt
1020 2363 217 96 sicut
1164 2363 217 96 patet
1308 2363 144 96 de
1357 2363 144 96 illa

485 2432 367 115 constitutione
788 2432 130 115 et
853 2432 130 115 de
918 2432 194 115 primo
1047 2432 346 115 communicandi
1328 2432 216 115 primum

494 2510 183 121 horum
616 2510 245 121 inprobat
799 2510 265 121 diffusive
1003 2510 265 121 gregorius
1207 2510 183 121 libro
1329 2510 183 121 primo

475 2563 256 141 disinctione
680 2563 102 141 26
731 2563 256 141 conclusione
936 2563 154 141 prima
1038 2563 171 141 primae
1158 2563 256 141 quaestionis
1345 2563 171 141 inprobat

487 2654 261 106 distinctione
699 2654 82 106 7
731 2654 147 106 primi
829 2654 196 106 articulo
976 2654 82 106 2
1009 2654 163 106 contra
1123 2654 179 106 sanctum
1254 2654 163 106 thomam
1368 2654 196 106 aegidium

476 2718 220 112 ockam
622 2718 147 112 et
695 2718 244 112 scotum
866 2718 318 112 diffusive
1111 2718 171 112 pro
1208 2718 147 112 me
1282 2718 244 112 beatum

463 2781 263 94 hunc
627 2781 328 94 reputo
857 2781 230 94 qui
989 2781 328 94 credit
1218 2781 263 94 sine
1350 2781 131 94 de

496 2848 151 126 fectu
597 2848 185 126 videtur
731 2848 151 126 tamen
832 2848 151 126 michi
932 2848 134 126 quod
1016 2848 101 126 si
1067 2848 235 126 praedictae
1251 2848 285 126 propositiones

487 2938 220 110 sunt
625 2938 468 110 reduplicative
1011 2938 165 110 et
1093 2938 386 110 praeiatens
1369 2938 110 110 re

489 3003 426 124 reduplicative
840 3003 176 124 est
940 3003 226 124 prima
1091 3003 301 124 exponens
1317 3003 201 124 quod

465 3058 181 143 sed
569 3058 258 143 logcam
749 3058 233 143 ockam
905 3058 181 143 vel
1008 3058 284 143 modicum
1215 3058 181 143 vel
1318 3058 233 143 nihil

480 3146 263 117 errant
664 3146 158 117 in
742 3146 184 117 hac
847 3146 236 117 parte
1005 3146 315 117 haberent
1241 3146 263 117 namque

477 3209 304 128 consequenter
724 3209 190 128 dicere
857 3209 152 128 ipse
952 3209 247 128 bendictus
1143 3209 152 128 quod
1238 3209 228 128 essentia

479 3267 223 122 divina
635 3267 156 122 sub
724 3267 268 122 respectu
925 3267 357 122 paternitatis
1215 3267 246 122 generat
1394 3267 134 122 et

464 3329 135 140 sub
541 3329 231 140 respectu
714 3329 309 140 paternitatis
965 3329 251 140 generatur
1158 3329 154 140 quod
1255 3329 116 140 si
1312 3329 135 140 sic
1390 3329 135 140 sic

1665 321 383 90 benedictum
1966 321 329 90 relinquo
2212 321 329 90 studiose
2459 321 164 90 Ad
2513 321 192 90 ratio

1665 394 139 118 nem
1744 394 198 118 contra
1883 394 198 118 primum
2022 394 297 118 corollarium
2259 394 198 118 dicunt
2398 394 198 118 aliqui
2536 394 158 118 quod

1670 472 236 97 sicut
1827 472 183 97 non
1932 472 209 97 sunt
2063 472 131 97 3
2115 472 236 97 magni
2272 472 183 97 nec
2377 472 209 97 tres
2508 472 236 97 magni

1659 525 224 108 tudines
1822 525 122 108 2m
1883 525 204 108 beatum
2025 525 285 108 augustinum
2249 525 122 108 5o
2310 525 122 108 de
2371 525 265 108 trinitate
2575 525 102 108 8
2616 525 122 108 et

1657 594 154 100 10
1734 594 335 100 capitulis
1992 594 180 100 ita
2095 594 180 100 nec
2198 594 206 100 tres
2326 594 283 100 aeterni
2532 594 180 100 nec

1673 662 167 100 tres
1777 662 250 100 aeternae
1965 662 125 100 et
2027 662 125 100 ex
2089 662 146 100 hoc
2173 662 208 100 dicunt
2318 662 187 100 ipsum
2443 662 291 100 anathasium

1661 716 383 113 inplicasse
1961 716 219 113 quia
2098 716 246 113 primo
2262 716 246 113 dixit
2426 716 191 113 non
2535 716 219 113 tres

1665 792 249 115 aeterni
1847 792 136 115 et
1915 792 227 115 postea
2073 792 204 115 dixit
2209 792 295 115 coaeterni
2436 792 181 115 sibi
2549 792 181 115 sunt

1651 856 159 115 et
1731 856 372 115 coaequales
2023 856 186 115 sed
2129 856 186 115 hoc
2236 856 186 115 non
2342 856 186 115 est
2448 856 292 115 arguere

1655 921 342 112 anathasium
1923 921 171 112 sed
2021 921 220 112 totum
2168 921 318 112 ecclesiae
2412 921 220 112 ritum
2558 921 195 112 quae

1657 987 277 110 utitur
1851 987 221 110 illo
1989 987 304 110 simbolo
2210 987 249 110 quare
2376 987 221 110 puto
2515 987 194 110 hoc

1657 1060 172 105 male
1764 1060 215 105 dictum
1914 1060 107 105 ¶
1957 1060 172 105 ideo
2065 1060 215 105 potest
2215 1060 301 105 responderi
2452 1060 129 105 ex
2516 1060 215 105 dictis

1663 1136 177 105 dominum
1792 1136 161 105 Egidii
1905 1136 161 105 magini
2017 1136 145 105 libro
2114 1136 145 105 primo
2211 1136 258 105 distinctione
2420 1136 81 105 9
2452 1136 226 105 quaestione
2630 1136 81 105 3

1642 1200 149 112 ubi
1727 1200 192 112 dicit
1855 1200 171 112 quod
1962 1200 235 112 aeterni
2132 1200 213 112 potest
2282 1200 192 112 stare
2410 1200 320 112 substantive

1649 1260 143 106 et
1721 1260 334 106 adiectivae
1983 1260 143 106 si
2055 1260 358 106 substantive
2341 1260 167 106 sic
2436 1260 167 106 non
2532 1260 191 106 tres

1658 1327 258 110 aeterni
1845 1327 164 110 sed
1939 1327 188 110 unus
2057 1327 282 110 aeternus
2268 1327 141 110 Si
2339 1327 282 110 adiectem
2550 1327 188 110 tunc

1652 1397 253 118 possunt
1836 1397 184 118 dici
1951 1397 184 118 tres
2066 1397 253 118 aeterni
2250 1397 230 118 aliter
2411 1397 299 118 respondet

1644 1473 163 118 ibi
1737 1473 325 118 praedictus
1992 1473 232 118 doctor
2155 1473 186 118 quod
2271 1473 186 118 haec
2387 1473 163 118 est
2480 1473 209 118 magis

1643 1530 222 122 propria
1805 1530 182 122 pater
1926 1530 121 122 et
1986 1530 202 122 filius
2128 1530 162 122 sunt
2229 1530 263 122 coaeterni
2431 1530 162 122 quam
2532 1530 202 122 dicere

1650 1604 205 127 sunt
1779 1604 282 127 aeterni
1984 1604 180 127 nam
2087 1604 257 127 primum
2266 1604 180 127 non
2369 1604 231 127 negat
2523 1604 205 127 atha

1653 1676 196 118 nasius
1791 1676 137 118 sed
1869 1676 118 118 2m
1928 1676 98 118 ¶
1967 1676 118 118 ad
2026 1676 235 118 rationem
2202 1676 196 118 contra
2339 1676 118 118 2m
2398 1676 294 118 corollarium

1643 1738 194 119 dico
1764 1738 267 119 negando
1958 1738 340 119 antecedens
2225 1738 194 119 quia
2346 1738 218 119 solum
2492 1738 194 119 sunt

1648 1800 147 125 tres
1739 1800 128 125 res
1813 1800 110 125 in
1868 1800 202 125 divinis
2015 1800 110 125 et
2070 1800 128 125 cum
2143 1800 220 125 probatur
2308 1800 110 125 de
2363 1800 330 125 proprietatibus

1638 1883 342 135 relativus
1901 1883 158 135 et
1980 1883 447 135 emanationibus
2348 1883 368 135 personarum

1646 1955 290 127 dicendum
1863 1955 145 127 2m
1936 1955 338 127 benedictum
2202 1955 121 127 5
2250 1955 145 127 de
2323 1955 411 127 consideatione

1638 2021 135 131 et
1705 2021 248 131 patebit
1885 2021 203 131 magis
2020 2021 203 131 infra
2155 2021 360 131 distinctione
2448 2021 135 131 27
2493 2021 158 131 perso

1647 2093 190 115 narum
1773 2093 337 115 proprietates
2047 2093 190 115 aliud
2174 2093 169 115 quam
2279 2093 190 115 ipsas
2405 2093 169 115 quod
2511 2093 147 115 non

1634 2156 258 118 aliud
1806 2156 229 118 quod
1949 2156 229 118 unum
2093 2156 229 118 deum
2236 2156 229 118 unam
2379 2156 315 118 divinam

1642 2230 331 129 substantiam
1907 2230 177 129 unam
2017 2230 243 129 divinam
2194 2230 243 129 naturam
2371 2230 177 129 unam
2481 2230 221 129 divina

1645 2286 291 123 summam
1848 2286 407 123 maiestatem
2168 2286 262 123 fides
2342 2286 378 123 catholica

1635 2358 262 139 confitetur
1841 2358 187 139 numera
1972 2358 187 139 igitur
2103 2358 112 139 si
2159 2358 168 139 potes
2271 2358 131 139 aut
2346 2358 150 139 sive
2440 2358 262 139 substantia

1623 2454 334 120 personas
1874 2454 223 120 quae
2013 2454 223 120 ipsa
2153 2454 223 120 sunt
2292 2454 195 120 aut
2403 2454 223 120 sive
2515 2454 139 120 per

1636 2520 219 118 sonis
1782 2520 389 118 proprietates
2098 2520 195 118 quae
2219 2520 195 118 ipse
2341 2520 195 118 sunt
2462 2520 170 118 aut
2560 2520 146 118 si

1620 2605 357 93 dividemus
1894 2605 220 93 quis
2032 2605 302 93 tenetur
2251 2605 192 93 aut
2361 2605 330 93 personas

1629 2659 104 116 a
1671 2659 292 116 substantia
1900 2659 146 116 vel
1984 2659 334 116 proprietates
2255 2659 104 116 a
2296 2659 250 116 personis
2484 2659 209 116 nescio

1627 2716 279 132 quomodo
1830 2716 355 132 trinitatis
2109 2716 152 132 se
2185 2716 304 132 cultorem
2413 2716 254 132 posset

1629 2796 163 99 qui
1722 2796 279 99 intantam
1931 2796 209 99 rerum
2071 2796 326 99 excusserit
2303 2796 349 99 numerositatem

1630 2854 146 125 haec
1721 2854 146 125 ille
1812 2854 110 125 Ex
1867 2854 183 125 quibus
1995 2854 219 125 praestet
2159 2854 146 125 quod
2250 2854 164 125 licet
2360 2854 201 125 persona
2488 2854 164 125 interse

1621 2940 147 138 ex
1695 2940 393 138 proprietates
2014 2940 196 138 sive
2137 2940 368 138 emanationes
2407 2940 221 138 disting

1624 3047 237 92 uuantur
1797 3047 172 92 sunt
1905 3047 259 92 praecise
2098 3047 172 92 tres
2206 3047 151 92 res
2292 3047 172 92 quia
2400 3047 323 92 emanationes

1634 3099 115 125 et
1691 3099 306 125 proprietates
1939 3099 153 125 sunt
2035 3099 153 125 idem
2130 3099 229 125 personis
2302 3099 115 125 et
2360 3099 153 125 sunt
2455 3099 229 125 personae

1622 3157 213 105 miror
1765 3157 237 105 igitur
1931 3157 261 105 quliter
2120 3157 332 105 benedictus
2381 3157 213 105 ponit

1614 3249 365 100 proprietates
1911 3249 343 100 constuuntur
2185 3249 274 100 personas
2391 3249 160 100 Cum
2482 3249 183 100 tame

1619 3319 204 109 istam
1755 3319 363 109 auctoritatem
2050 3319 295 109 benedicti
2277 3319 159 109 pro
2368 3319 136 109 se
2436 3319 250 109 adducat
