2964 4154
386 399 132 122 2
438 399 158 122 et
517 399 184 122 per
623 399 237 122 illum
781 399 263 122 textum
965 399 237 122 Exodi
1123 399 184 122 Ego
1228 399 211 122 omni

385 484 156 117 dam
474 484 179 117 tibi
586 484 179 117 omne
698 484 201 117 bonum
832 484 134 117 ad
899 484 246 117 romanos
1077 484 112 117 5
1122 484 156 117 per
1212 484 201 117 ipsum

396 560 108 109 et
450 560 108 109 in
504 560 180 109 iposio
630 560 180 109 etctio
755 560 108 109 Et
809 560 216 109 haerenes
971 560 269 109 philosophus
1186 560 108 109 in
1240 560 162 109 libro

384 611 137 126 de
453 611 206 126 verbo
590 611 251 126 aeterno
772 611 183 126 quid
887 611 137 126 de
955 611 160 126 est
1046 611 137 126 ei
1115 611 183 126 quia
1229 611 183 126 ipse

389 696 206 113 est
506 696 265 113 omnia
683 696 147 113 a
742 696 177 113 in
831 696 236 113 ipso
978 696 236 113 sunt
1126 696 265 113 omnia

412 772 128 113 su
476 772 171 113 ista
582 772 299 113 quaestione
817 772 149 113 sic
903 772 256 113 procedam
1095 772 171 113 quia
1202 772 192 113 primo

390 837 223 125 ponam
539 837 173 125 pro
638 837 322 125 solutione
885 837 371 125 quaestionis
1182 837 272 125 aliquas

397 912 350 117 conclusiones
681 912 131 117 2o
747 912 197 117 ponam
878 912 262 117 rationum
1075 912 350 117 principiarum

394 986 175 108 lum
494 986 350 108 solutiones
769 986 150 108 Et
844 986 175 108 sic
944 986 350 108 dicentaxat
1219 986 200 108 duus

400 1047 196 129 huius
531 1047 326 129 quaestionis
791 1047 196 129 erunt
922 1047 261 129 articuli
1117 1047 217 129 primus
1269 1047 152 129 est

406 1125 117 103 ut
465 1125 195 103 dictum
602 1125 137 103 est
680 1125 312 103 conclusionis
934 1125 293 103 responsivus
1168 1125 137 103 2us
1246 1125 156 103 erit

400 1187 141 113 cum
480 1187 242 113 patribus
662 1187 282 113 collativus
883 1187 161 113 quam
984 1187 201 113 igitur
1125 1187 121 113 ad
1186 1187 201 113 primum
1327 1187 101 113 o

378 1237 153 137 sic
466 1237 153 137 hec
553 1237 285 137 conclusio
772 1237 197 137 prima
903 1237 219 137 Qumvis
1057 1237 219 137 primus
1210 1237 219 137 vultus

397 1330 153 108 sic
485 1330 262 108 neccesse
681 1330 175 108 esse
790 1330 131 108 et
856 1330 371 108 perfectioalit
1162 1330 262 108 inmensus

420 1400 198 101 tamen
552 1400 264 101 continer
750 1400 154 101 est
838 1400 220 101 primus
992 1400 154 101 vel
1080 1400 220 101 summus
1234 1400 198 101 prima

390 1464 199 111 pars
514 1464 223 111 patet
663 1464 223 111 primo
812 1464 273 111 ratione
1011 1464 248 111 primus
1184 1464 248 111 vultus

392 1532 167 120 omne
496 1532 187 120 illud
621 1532 146 120 est
705 1532 167 120 quod
809 1532 187 120 ipsum
934 1532 375 120 perfectioliter
1246 1532 167 120 esse

385 1600 179 112 est
488 1600 256 112 melius
667 1600 205 112 esse
795 1600 153 112 4i
871 1600 179 112 non
974 1600 333 112 ipsumsset
1230 1600 153 112 in
1281 1600 102 112 de

400 1675 242 116 pendete
576 1675 176 116 esse
686 1675 132 116 et
752 1675 176 116 sibi
862 1675 352 116 sufficienter
1148 1675 176 116 esse
1258 1675 154 116 est

388 1740 224 119 melius
544 1740 179 119 quam
656 1740 157 119 non
746 1740 202 119 ipsum
880 1740 202 119 maior
1015 1740 157 119 est
1104 1740 314 119 consemunis

400 1818 163 110 ai
481 1818 353 110 concentio
753 1818 217 110 quam
889 1818 244 110 omnes
1051 1818 271 110 sectae
1241 1818 163 110 ad

388 1881 329 89 mittunt
627 1881 359 89 ponentes
897 1881 239 89 deum
1046 1881 209 89 Sed
1166 1881 239 89 bino
1285 1881 120 89 ma

397 1959 270 115 nfesta
586 1959 216 115 quia
721 1959 324 115 dependet
965 1959 162 115 et
1046 1959 378 115 indigenter

389 2030 460 110 inperfectionem
773 2030 307 110 importat
1003 2030 230 110 enare
1156 2030 307 110 praeclus

393 2104 269 91 nominat
588 2104 220 91 ipsum
735 2104 244 91 primum
906 2104 244 91 vultum
1077 2104 220 91 entis
1224 2104 171 91 ens

387 2173 122 118 id
448 2173 142 118 est
529 2173 162 118 sibi
630 2173 324 118 sufficientis
894 2173 101 118 /
934 2173 122 118 2o
995 2173 182 118 probo
1116 2173 162 118 ista
1218 2173 203 118 partem

392 2252 260 99 auctcrtae
592 2252 180 99 primo
712 2252 300 99 philosophis
951 2252 120 99 in
1011 2252 180 99 libro
1131 2252 120 99 de
1191 2252 180 99 mundo
1291 2252 80 99 lo

376 2312 277 111 quentis
577 2312 151 111 de
653 2312 176 111 deo
753 2312 151 111 et
829 2312 302 111 dicentis
1055 2312 176 111 non
1156 2312 252 111 egeret

377 2377 411 97 artificio
693 2377 284 97 neque
883 2377 316 97 alieno
1072 2377 316 97 amniculo

385 2459 176 115 2o
473 2459 381 115 averrogis
766 2459 264 115 super
942 2459 293 115 textum
1147 2459 293 115 arcuus

384 2522 243 112 novo
536 2522 395 112 methaisem
840 2522 426 112 centesimio
1174 2522 182 112 de
1235 2522 152 112 amo

395 2587 254 107 saeptio
580 2587 208 107 super
719 2587 185 107 ista
834 2587 254 107 littera
1019 2587 162 107 aui
1112 2587 162 107 vel
1204 2587 208 107 poten

383 2665 217 104 tia
507 2665 186 104 3o
600 2665 155 104 a
662 2665 310 104 vicene
880 2665 186 104 on
973 2665 279 104 metha
1159 2665 248 104 suae

390 2727 136 121 6o
458 2727 114 121 6
504 2727 273 121 dicentis
708 2727 182 121 quod
822 2727 273 121 neccesse
1026 2727 159 121 est
1117 2727 159 121 non
1208 2727 204 121 habet

386 2793 213 119 causam
535 2793 128 119 et
598 2793 128 119 6o
662 2793 106 119 8
705 2793 255 119 neccesse
896 2793 170 119 esse
1002 2793 149 119 est
1087 2793 276 119 perfectum
1300 2793 128 119 et

398 2873 191 111 plus
518 2873 191 111 quam
637 2873 311 111 perfectum
877 2873 144 111 4o
948 2873 383 111 diffinitione
1259 2873 191 111 Ista

390 2939 126 124 24
453 2939 357 124 philosophorum
747 2939 147 124 qua
831 2939 231 124 decitur
998 2939 168 124 deus
1103 2939 147 124 est
1187 2939 210 124 semper

386 3017 255 114 existens
577 3017 340 114 neccessitate
853 3017 191 114 solus
981 3017 170 114 sibi
1087 3017 319 114 habendantur

394 3090 293 119 sufficis
613 3090 146 119 Ex
687 3090 171 119 hac
784 3090 220 119 parte
931 3090 146 119 et
1004 3090 415 119 probationibus

416 3152 199 128 nferro
555 3152 159 128 tria
655 3152 279 128 corollaria
874 3152 199 128 contra
1013 3152 259 128 magistrum
1213 3152 179 128 hugle

386 3232 210 129 rium
517 3232 210 129 nunc
649 3232 289 129 priorem
859 3232 342 129 generalem
1122 3232 289 129 nostrum

1505 370 206 124 primum
1650 370 145 124 non
1732 370 186 124 omnis
1856 370 289 124 propositio
2083 370 268 124 argusenum
2290 370 124 124 5s
2352 370 165 124 dedo
2434 370 83 124 ad

1511 458 219 117 mente
1657 458 195 117 eius
1779 458 195 117 fuit
1900 458 341 117 inpossibis
2168 458 292 117 probatur
2387 458 170 117 nam

1514 534 250 91 propositio
1711 534 250 91 argiseonis
1907 534 89 91 i
1943 534 286 91 amintiabatur
2176 534 179 91 nullum
2301 534 268 91 contingenes

1523 594 145 120 fore
1614 594 182 120 primum
1741 594 109 120 et
1795 594 163 120 ipsum
1904 594 182 120 primum
2031 594 272 120 simpliciter
2249 594 290 120 neccessariam

1526 666 171 113 sust
1633 666 150 113 vea
1718 666 128 113 ad
1782 666 214 113 mentem
1932 666 235 113 eimoigi
2103 666 321 113 corollarium
2360 666 193 113 verum

1510 737 288 112 consequentia
1744 737 144 112 nota
1834 737 252 112 antecedens
2031 737 216 112 arguitur
2193 737 198 112 facitit
2337 737 126 112 nam
2391 737 126 112 sicon

1511 800 249 117 ipem
1666 800 342 117 lapidem
1915 800 249 117 esse
2071 800 249 117 ligi
2226 800 187 117 et
2319 800 280 117 dicem

1512 875 246 112 lignum
1685 875 172 112 non
1783 875 172 112 est
1882 875 197 112 homo
2005 875 222 112 adhuc
2152 875 345 112 propositio
2399 875 98 112 ad

1515 953 263 111 mentem
1699 953 158 111 in
1778 953 184 111 eam
1883 953 184 111 non
1988 953 237 111 esset
2146 953 421 111 inpossibilis

1524 1021 198 111 Cum
1637 1021 198 111 nec
1750 1021 255 111 lapis
1920 1021 198 111 nec
2033 1021 283 111 lignum
2231 1021 198 111 sit
2344 1021 226 111 homo

1530 1081 140 121 ita
1610 1081 241 121 simliter
1791 1081 241 121 arguitur
1971 1081 120 121 in
2032 1081 261 121 proposito
2232 1081 120 121 2o
2292 1081 120 121 si
2353 1081 181 121 ratio

1513 1157 168 114 sua
1609 1157 216 114 valet
1753 1157 336 114 aequaliter
2017 1157 288 114 arguerem
2233 1157 192 114 quod
2353 1157 240 114 tichum

1531 1209 217 125 numquam
1689 1209 197 125 habuit
1827 1209 236 125 rationem
2004 1209 138 125 vel
2083 1209 335 125 propositionem
2359 1209 177 125 veram
2457 1209 79 125 de

1522 1296 269 115 essentia
1723 1296 224 115 divina
1880 1296 202 115 patet
2015 1296 179 115 quia
2127 1296 224 115 habuit
2284 1296 292 115 conceptum

1524 1361 224 96 sibi
1664 1361 393 96 depugentem
1973 1361 168 96 2m
2057 1361 533 96 determinationem

1532 1425 236 112 ecclesiae
1713 1425 218 112 scilicet
1877 1425 145 112 quod
1967 1425 236 112 generaret
2149 1425 109 112 et
2203 1425 236 112 spitraret
2385 1425 200 112 Siliter

1522 1490 259 137 arguerem
1717 1490 130 137 de
1782 1490 302 137 augustinus
2019 1490 130 137 si
2084 1490 238 137 numquam
2257 1490 302 137 habumisset

1521 1574 222 118 aliquem
1682 1574 262 118 conceptum
1884 1574 141 118 deo
1965 1574 282 118 contrarium
2186 1574 121 118 et
2247 1574 222 118 propter
2408 1574 141 118 hoc

1507 1643 134 132 de
1574 1643 157 132 deo
1663 1643 246 132 numquam
1843 1643 202 132 scrnt
1977 1643 246 132 aliquem
2156 1643 202 132 verum
2291 1643 291 132 probitate

1530 1705 132 110 cor
1606 1705 132 110 est
1681 1705 189 110 dictum
1814 1705 265 110 augustinus
2022 1705 95 110 8
2059 1705 227 110 decitate
2230 1705 132 110 dei
2305 1705 227 110 capitulo

1524 1778 166 141 ubi
1619 1778 213 141 dicit
1761 1778 332 141 platonicos
2022 1778 166 141 dei
2117 1778 355 141 congitiores
2401 1778 190 141 Item

1524 1850 163 122 6uo
1617 1850 117 122 6
1664 1850 163 122 ubi
1757 1850 210 122 dicit
1897 1850 257 122 videntr
2083 1850 187 122 esse
2200 1850 140 122 ad
2270 1850 163 122 eni
2363 1850 233 122 primam

1521 1920 201 119 esset
1655 1920 134 119 et
1722 1920 134 119 in
1789 1920 313 119 commubilis
2035 1920 246 119 species
2214 1920 134 119 et
2281 1920 179 119 ideo
2393 1920 157 119 nec

1527 1992 219 131 coralis
1687 1992 160 131 atue
1786 1992 140 131 ibi
1866 1992 160 131 esse
1966 1992 179 131 rerum
2085 1992 279 131 principium
2305 1992 279 131 rectissius

1526 2071 256 121 cedidunt
1718 2071 171 121 quod
1825 2071 235 121 sanctum
1995 2071 149 121 non
2081 2071 192 121 esset
2209 2071 128 121 ex
2273 2071 149 121 quo
2359 2071 192 121 facta

1526 2149 238 110 essent
1693 2149 238 110 cuncta
1860 2149 191 110 Item
1979 2149 143 110 ad
2050 2149 262 110 Romanos
2241 2149 214 110 primo
2360 2149 143 110 quid

1517 2210 255 94 notum
1687 2210 198 94 est
1800 2210 198 94 dei
1913 2210 311 94 maietum
2139 2210 198 94 est
2253 2210 283 94 nullis

1517 2269 156 139 et
1595 2269 260 139 ibidem
1777 2269 182 139 cum
1881 2269 390 139 cognonisset
2192 2269 286 139 dominum
2400 2269 182 139 non

1517 2346 187 117 sicut
1642 2346 208 117 domini
1788 2346 312 117 glrificavit
2038 2346 104 117 /
2079 2346 125 117 2m
2142 2346 312 117 corollarium
2392 2346 146 117 non

1524 2415 177 122 portet
1648 2415 141 122 quod
1736 2415 159 122 illud
1842 2415 177 122 primum
1966 2415 159 122 verum
2072 2415 212 122 scilicet
2231 2415 141 122 deum
2319 2415 141 122 esse
2408 2415 124 122 sit

1514 2492 255 115 diversus
1705 2492 170 115 apud
1811 2492 170 115 omni
1917 2492 297 115 theologium
2151 2492 127 115 et
2214 2492 255 115 argustus
2384 2492 170 115 intenu

1520 2596 212 94 patet
1662 2596 188 94 quia
1780 2596 141 94 si
1850 2596 165 94 sic
1945 2596 165 94 hoc
2039 2596 212 94 esset
2180 2596 141 94 ex
2251 2596 141 94 eo
2322 2596 188 94 quod
2416 2596 94 94 ap

1531 2648 185 131 unum
1647 2648 209 131 esset
1786 2648 209 131 verum
1925 2648 139 131 et
1994 2648 185 131 aput
2110 2648 209 131 alium
2249 2648 232 131 falsum
2411 2648 162 131 sed

1507 2721 186 119 hoc
1614 2721 186 119 non
1720 2721 318 119 apoparet
1958 2721 159 119 ut
2038 2721 239 119 patet
2197 2721 159 119 ex
2276 2721 239 119 primo

1532 2795 218 90 colro
1677 2795 121 90 /
1726 2795 146 90 3m
1799 2795 315 90 corollari
2041 2795 243 90 primus
2211 2795 243 90 vultus
2381 2795 170 90 non

1524 2873 155 119 per
1612 2873 199 119 solam
1745 2873 310 119 theologiam
1989 2873 332 119 cognoscitur
2254 2873 199 119 verum
2387 2873 199 119 patet

1522 2948 116 121 ex
1580 2948 291 121 procionibus
1812 2948 174 121 prius
1929 2948 252 121 allegatis
2122 2948 136 121 pro
2200 2948 291 121 conclusione
2432 2948 174 121 horum

1502 3032 341 112 opposita
1758 3032 256 112 ponit
1928 3032 398 112 praedictus
2241 3032 313 112 veneris
2440 3032 114 112 ma

1497 3099 193 123 gister
1632 3099 116 123 in
1690 3099 135 123 suo
1768 3099 213 123 prologo
1922 3099 271 123 quaestione
2135 3099 97 123 1
2174 3099 232 123 articulo
2348 3099 193 123 repecu
2464 3099 58 123 o

1498 3179 151 99 et
1573 3179 252 99 plures
1750 3179 151 99 in
1825 3179 202 99 hiis
1951 3179 227 99 ipsum
2102 3179 328 99 secuuntur
2354 3179 252 99 Roanes

1494 3256 320 124 iudicio
1727 3256 204 124 meo
1843 3256 320 124 quamvis
2076 3256 233 124 sint
2221 3256 349 124 subtiles
