2964 4230
348 409 250 112 voluntas
536 409 146 112 sed
619 409 333 112 consequentia
890 409 250 112 probatur
1077 409 167 112 quia
1182 409 250 112 voluntas

334 506 216 99 est
458 506 216 99 una
581 506 247 99 mens
736 506 216 99 una
859 506 432 99 substantia
1199 506 216 99 una

352 581 172 95 vita
460 581 259 95 secundum
654 581 302 95 augustinus
891 581 129 95 ut
956 581 237 95 habetur
1128 581 129 95 in
1171 581 194 95 littera

338 643 463 92 distinctionis
719 643 136 92 3
774 643 245 92 primi
937 643 436 92 sententiarum
1264 643 136 92 qua

355 721 126 103 re
418 721 274 103 conclusio
628 721 231 103 videtur
797 721 168 103 vera
902 721 147 103 sed
986 721 168 103 quod
1091 721 147 103 sit
1176 721 274 103 receptiva

342 771 380 106 communiter
641 771 299 106 tenetur
858 771 190 106 non
967 771 299 106 indiget
1184 771 244 106 magis

348 844 354 118 probatione
626 844 253 118 potest
802 844 227 118 tamen
954 844 278 118 probari
1156 844 227 118 primo

344 911 175 116 ex
431 911 262 116 textu
606 911 320 116 evalius
839 911 291 116 luncis
1043 911 175 116 16
1130 911 262 116 filii
1276 911 116 116 re

343 984 377 97 cordarre
625 984 220 97 ubi
751 984 377 97 loquitur
1034 984 188 97 ad
1128 984 314 97 animam

342 1060 193 114 sed
453 1060 193 114 hoc
563 1060 193 114 non
673 1060 221 114 fuit
811 1060 248 114 solum
977 1060 193 114 per
1087 1060 221 114 abla
1225 1060 193 114 sed

349 1128 186 116 etiam
473 1128 227 116 hystora
639 1128 248 116 secundum
825 1128 289 116 augustinum
1052 1128 103 116 8
1093 1128 186 116 super
1217 1128 186 116 gesem

346 1196 247 109 capitulo
531 1196 103 109 7
573 1196 123 109 ad
634 1196 164 109 idem
737 1196 144 109 est
819 1196 308 109 venerabilis
1066 1196 226 109 anselmi
1230 1196 123 109 de
1271 1196 103 109 coe

346 1273 268 111 ceptum
534 1273 321 111 virinali
775 1273 321 111 capitulo
1016 1273 161 111 4o
1096 1273 161 111 in
1177 1273 268 111 mebris

333 1327 375 125 corporis
614 1327 313 125 nichil
833 1327 281 125 delet
1020 1327 313 125 nichil
1208 1327 125 125 de

346 1411 285 114 lectatur
560 1411 190 114 nisi
679 1411 214 114 anima
821 1411 143 114 et
893 1411 285 114 voluntas
1083 1411 285 114 rationalis

339 1481 126 108 ¶
389 1481 226 108 primu
540 1481 377 108 corollarium
841 1481 251 108 nullus
1017 1481 226 108 actus
1168 1481 251 108 animae

354 1553 339 115 effective
615 1553 235 115 habet
771 1553 235 115 solum
928 1553 209 115 unum
1058 1553 365 115 principium

348 1620 165 127 et
430 1620 220 127 unam
567 1620 274 127 causam
759 1620 329 127 praecise
1006 1620 329 127 probatur
1226 1620 137 127 nam

343 1694 272 130 obiectum
547 1694 204 130 talis
683 1694 204 130 actus
819 1694 158 130 est
909 1694 317 130 principium
1158 1694 249 130 effecti

345 1770 139 124 num
424 1770 218 124 percila
583 1770 178 124 tmale
702 1770 238 124 secundum
880 1770 159 124 quod
979 1770 178 124 primi
1098 1770 119 124 in
1158 1770 238 124 quaestio

343 1853 165 124 ne
425 1853 274 124 primae
617 1853 466 124 distinctionis
1001 1853 165 124 et
1083 1853 329 124 probatur

338 1923 105 121 9
380 1923 126 121 de
443 1923 272 121 trinitate
652 1923 252 121 capitulo
841 1923 126 121 13
904 1923 147 121 ubi
988 1923 293 121 augustinus
1218 1923 189 121 omnis

318 2006 238 121 res
454 2006 272 121 quam
624 2006 476 121 cognoscius
998 2006 340 121 cogiat
1202 2006 136 121 in

339 2073 236 126 nobis
496 2073 315 126 notitiam
732 2073 184 126 sui
837 2073 184 126 sed
942 2073 184 126 cum
1047 2073 184 126 hoc
1151 2073 236 126 habet

326 2155 271 122 ipsam
506 2155 271 122 anima
687 2155 421 122 principium
1017 2155 180 122 et
1108 2155 301 122 causam

327 2236 199 110 igitur
466 2236 299 110 corollarium
705 2236 179 110 verum
825 2236 100 110 ¶
864 2236 119 110 2m
924 2236 299 110 corollarium
1163 2236 199 110 causam
1282 2236 80 110 na

332 2292 179 123 lem
435 2292 153 123 ad
511 2292 306 123 effectum
741 2292 281 123 liberem
945 2292 357 123 concurrere
1225 2292 179 123 non

334 2376 169 125 est
430 2376 362 125 simpliciter
720 2376 362 125 inpossibile
1010 2376 290 125 probatur
1227 2376 193 125 quia

342 2448 263 117 obiectum
540 2448 198 117 cauat
671 2448 329 117 naturaliter
935 2448 263 117 naturali
1132 2448 263 117 influxum

340 2530 341 115 causativo
602 2530 157 115 et
681 2530 184 115 cum
786 2530 341 115 concurrit
1048 2530 341 115 effective

334 2607 144 115 ad
406 2607 216 115 actus
550 2607 240 115 liberi
718 2607 216 115 catio
862 2607 240 115 igitur
1030 2607 360 115 corollarium

333 2677 199 129 verum
466 2677 111 129 ¶
510 2677 133 129 3m
576 2677 332 129 corollarium
842 2677 177 129 quod
953 2677 199 129 anima
1063 2677 266 129 intellecti

320 2759 175 106 na
407 2759 292 106 suorum
612 2759 322 106 activiu
846 2759 292 106 libere
1051 2759 322 106 csativa

320 2829 288 111 divinae
529 2829 367 111 trinitatis
817 2829 183 111 est
922 2829 236 111 ymago
1079 2829 288 111 proprie

332 2891 522 134 repraesentativa
771 2891 330 134 probatur
1018 2891 220 134 quia
1155 2891 192 134 est
1238 2891 137 134 ibi

335 2974 368 94 essentialis
629 2974 245 94 unitas
800 2974 147 94 et
874 2974 294 94 causalis
1094 2974 294 94 trinitas

336 3054 169 121 igitur
455 3054 254 121 corollarium
658 3054 152 121 verum
759 3054 271 121 consequentia
979 3054 102 121 et
1030 3054 237 121 antecedens
1216 3054 186 121 pateret

311 3132 139 122 ex
380 3132 231 122 dictis
542 3132 301 122 augustini
774 3132 139 122 et
843 3132 278 122 magistri
1051 3132 139 122 in
1121 3132 255 122 littera

332 3205 376 120 praesentis
628 3205 457 120 distinctionis
1004 3205 188 120 3ae
1112 3205 242 120 primi
1246 3205 108 120 li

339 3276 156 119 beri
436 3276 97 119 /
475 3276 195 119 contra
611 3276 311 119 conclusionem
864 3276 233 119 sequitur
1039 3276 156 119 quod
1136 3276 156 119 idem
1233 3276 156 119 eset

308 3360 408 130 movens
594 3360 245 130 et
716 3360 327 130 motu
921 3360 368 130 agens
1166 3360 245 130 et

1502 398 312 136 passum
1720 398 156 136 ¶
1783 398 187 136 2o
1876 398 281 136 esset
2063 398 374 136 infinite
2344 398 250 136 vite

1515 491 281 96 tutis
1702 491 250 96 quia
1858 491 375 96 infinite
2140 491 500 96 receptibitis

1523 563 160 119 3o
1603 563 160 119 si
1684 563 240 119 esset
1844 563 267 119 activa
2031 563 374 119 intrinsece
2324 563 267 119 posset

1513 630 225 123 agere
1663 630 200 123 sine
1788 630 300 123 sensibus
2013 630 200 123 quod
2139 630 175 123 est
2239 630 250 123 falsum
2414 630 150 123 et

1525 713 195 115 ita
1637 713 279 115 posset
1832 713 251 115 cetus
1999 713 446 115 auctoriatate
2361 713 223 115 silo

1498 778 269 121 gaare
1678 778 179 121 de
1767 778 389 121 coloribus
2066 778 150 121 ¶
2126 778 299 121 contra
2336 778 269 121 primu

1531 859 305 112 corollarium
1775 859 244 112 sequitur
1958 859 163 112 quod
2060 859 163 112 idem
2161 859 183 112 agens
2283 859 244 112 praecise
2467 859 122 112 eo

1520 937 178 113 dem
1621 937 203 113 modo
1748 937 254 113 posset
1925 937 203 113 esse
2052 937 228 113 causa
2204 937 380 113 oppositorum

1508 1006 274 119 patet
1690 1006 244 119 quia
1843 1006 305 119 stante
2056 1006 244 119 tali
2208 1006 427 119 cognitione

1512 1077 308 117 voluntas
1743 1077 257 117 libere
1923 1077 257 117 potest
2102 1077 257 117 habere
2282 1077 231 117 velle
2436 1077 180 117 vel

1522 1155 216 114 nolle
1666 1155 144 114 et
1738 1155 192 114 tunc
1859 1155 289 114 cognitio
2075 1155 265 114 obiecti
2267 1155 337 114 aequaliter

1523 1239 138 112 est
1602 1239 178 112 causa
1721 1239 237 112 iutusque
1899 1239 158 112 quod
1998 1239 217 112 videtur
2156 1239 198 112 falsum
2294 1239 99 112 ¶
2334 1239 198 112 contra
2472 1239 119 112 2m

1527 1305 342 117 corollarium
1801 1305 183 117 quia
1915 1305 183 117 tunc
2029 1305 274 117 obiectum
2234 1305 228 117 posset
2394 1305 183 117 esse

1514 1376 231 125 causa
1668 1376 385 125 dilectionis
1976 1376 180 125 sed
2079 1376 257 125 contra
2259 1376 205 125 quia
2387 1376 205 125 tunc

1518 1453 287 83 obiecto
1727 1453 287 83 intenso
1936 1453 392 83 intuderetur
2249 1453 313 83 dilectio

1520 1527 166 104 quod
1624 1527 145 104 est
1707 1527 208 104 falsum
1853 1527 104 104 ¶
1894 1527 208 104 contra
2040 1527 125 104 3m
2102 1527 249 104 essentia
2289 1527 208 104 animae
2434 1527 166 104 nuda

1504 1603 194 112 est
1615 1603 194 112 dei
1726 1603 249 112 ymago
1892 1603 222 112 vera
2031 1603 277 112 igitur
2224 1603 194 112 non
2335 1603 166 112 in
2418 1603 166 112 eo

1507 1673 218 120 quod
1643 1673 272 120 suorum
1833 1673 272 120 activi
2024 1673 354 120 effectiva
2296 1673 191 120 vel
2378 1673 163 120 rece

1508 1751 217 97 ptiva
1652 1751 144 97 ad
1725 1751 193 97 ista
1845 1751 313 97 respondeo
2086 1751 265 97 concedo
2278 1751 337 97 consequens

1505 1824 180 110 de
1595 1824 300 110 agente
1805 1824 360 110 partiali
2076 1824 180 110 et
2166 1824 420 110 receptivos

1504 1892 288 124 totali
1706 1892 259 124 sicut
1879 1892 202 124 est
1994 1892 259 124 anima
2167 1892 288 124 suorum
2340 1892 230 124 actuum

1495 1965 200 120 et
1595 1965 400 120 loquendo
1894 1965 500 120 depassionem
2294 1965 266 120 quae

1515 2037 177 115 non
1616 2037 177 115 est
1717 2037 304 115 abiectio
1945 2037 177 115 sed
2046 2037 228 115 salus
2198 2037 152 115 et
2249 2037 278 115 perfectio

1481 2121 159 88 ¶
1545 2121 191 88 ad
1641 2121 191 88 2m
1736 2121 255 88 nego
1896 2121 255 88 quia
2055 2121 255 88 esse
2182 2121 383 88 receptivum

1494 2179 178 115 non
1595 2179 178 115 est
1697 2179 406 115 perfectionis
2027 2179 381 115 simpliciter
2331 2179 254 115 saltem

1492 2246 133 121 /
1546 2246 160 121 ad
1625 2246 160 121 3m
1705 2246 213 121 nego
1838 2246 452 121 consequentiam
2211 2246 213 121 quia
2344 2246 239 121 anima

1500 2323 227 114 non
1629 2323 227 114 est
1759 2323 357 114 totalis
2019 2323 292 114 causa
2213 2323 195 114 ad
2311 2323 292 114 alium

1514 2404 182 110 contra
1641 2404 182 110 primum
1769 2404 273 110 corollarium
1988 2404 255 110 concedendo
2188 2404 255 110 consequens
2389 2404 128 110 nec
2462 2404 128 110 est

1495 2465 461 121 inconveniens
1870 2465 173 121 de
1956 2465 259 121 causa
2129 2465 346 121 partiali
2389 2465 202 121 non

1485 2542 412 118 elicitive
1802 2542 222 118 sed
1929 2542 285 118 solum
2120 2542 476 118 inquisitive

1501 2611 395 117 concurrente
1817 2611 211 117 quam
1948 2611 158 117 ad
2027 2611 237 117 modum
2186 2611 184 117 est
2265 2611 263 117 obiectum

1491 2687 181 119 vel
1594 2687 232 119 etiam
1749 2687 310 119 cognitio
1981 2687 258 119 ipsius
2162 2687 284 119 obiecti
2368 2687 129 119 ¶
2420 2687 155 119 ad

1495 2763 169 116 2rum
1601 2763 212 116 potest
1749 2763 297 116 dupliciter
1982 2763 297 116 responderi
2215 2763 191 116 primo
2342 2763 254 116 ne¶gario

1487 2833 192 119 gando
1615 2833 363 119 consequentiam
1913 2833 171 119 quia
2020 2833 149 119 non
2105 2833 235 119 oportet
2276 2833 171 119 quod
2361 2833 171 119 semper

1500 2905 299 116 intensa
1717 2905 244 116 causa
1880 2905 326 116 partiali
2125 2905 380 116 intendatur
2423 2905 163 116 ef

1503 2973 197 117 fectus
1641 2973 197 117 aliter
1779 2973 197 117 potest
1916 2973 157 117 dici
2015 2973 216 117 concedo
2172 2973 393 117 consequensilicet

1484 3051 219 126 quod
1620 3051 164 126 ad
1702 3051 437 126 perceptialem
2057 3051 328 126 intensio
2303 3051 191 126 nem
2385 3051 137 126 cog

1488 3123 377 119 nitionis
1771 3123 377 119 sequatur
2053 3123 377 119 intensio
2305 3123 220 119 cogni

1488 3202 248 121 tionis
1662 3202 373 121 dilectionis
1960 3202 224 121 etiam
2109 3202 298 121 secundum
2333 3202 273 121 aliquis

1484 3280 315 112 stante
1705 3280 379 112 praecise
1989 3280 284 112 eadem
2179 3280 284 112 velle
2336 3280 158 112 quo

1501 3352 251 122 prius
1668 3352 195 122 sed
1780 3352 251 122 tamen
1947 3352 223 122 hanc
2086 3352 446 122 responsionem
