2964 4276
498 404 180 183 primae
624 404 180 183 causae
750 404 270 183 simpliciter
966 404 180 183 igitur
1093 404 234 183 conclusio
1273 404 144 183 vera
1363 404 90 183 ¶
1399 404 162 183 Cofrr

508 530 263 106 matur
683 530 263 106 nulla
858 530 263 106 causa
1034 530 204 106 non
1150 530 409 106 sufficiens

503 582 201 142 sibi
629 582 201 142 ipsi
754 582 201 142 esse
880 582 176 142 per
981 582 151 142 se
1056 582 302 142 sufficit
1283 582 252 142 alerum
1434 582 75 142 a

508 668 181 115 gere
621 668 158 115 per
712 668 136 115 se
780 668 226 115 igitur
938 668 203 115 nulla
1073 668 203 115 causa
1209 668 316 115 temporalis

518 750 151 119 per
605 750 130 119 se
670 750 259 119 sufficit
864 750 195 119 agere
994 750 238 119 alterum
1167 750 108 119 ¶
1210 750 238 119 cCoorum
1383 750 216 119 primum

501 813 215 111 Sola
635 813 242 111 causa
797 813 242 111 prima
958 813 269 111 potest
1146 813 215 111 esse
1280 813 242 111 causa
1415 813 107 111 to

511 890 129 115 lis
584 890 258 115 cuiuslibet
787 890 258 115 causabilis
990 890 111 115 in
1045 890 184 115 natura
1174 890 166 115 patet
1266 890 240 115 exconclusio

487 949 263 131 quia
652 949 263 131 sola
816 949 263 131 illa
981 949 362 131 magendo
1244 949 165 131 a
1310 949 296 131 nulla

510 1034 211 123 alia
642 1034 317 123 dependet
879 1034 185 123 sed
985 1034 211 123 sibi
1117 1034 211 123 ipsi
1249 1034 343 123 sufficint

520 1099 126 135 ad
583 1099 189 135 agere
709 1099 126 135 et
772 1099 168 135 esse
878 1099 105 135 ¶
920 1099 126 135 2m
983 1099 316 135 corollarium
1235 1099 126 135 si
1299 1099 189 135 dinuo
1425 1099 147 135 est

537 1171 186 123 sent
653 1171 209 123 aeque
792 1171 209 123 prima
932 1171 279 123 nullorum
1140 1171 255 123 istorum
1326 1171 232 123 potest

520 1233 188 135 esse
638 1233 283 135 alicuius
850 1233 283 135 producti
1062 1233 353 135 simpliciter
1345 1233 235 135 toalis

517 1306 235 132 causa
674 1306 235 132 patet
830 1306 183 132 cum
935 1306 366 132 influentia
1222 1306 366 132 cuiuslibet

507 1372 154 124 ad
584 1372 409 124 productionem
917 1372 256 124 illius
1096 1372 230 124 foret
1250 1372 333 124 requisita

509 1449 221 134 aliter
664 1449 155 134 non
752 1449 199 134 esset
884 1449 199 134 aeque
1017 1449 199 134 prima
1149 1449 110 134 ¶
1194 1449 133 134 3m
1260 1449 331 134 corollarium

522 1513 287 146 inplicat
737 1513 454 146 contradictionem
1120 1513 287 146 formalem
1335 1513 239 146 plures

511 1581 211 146 fore
642 1581 237 146 unius
800 1581 395 146 simpliciter
1116 1581 263 146 causas
1300 1581 289 146 totales

509 1655 218 152 patet
654 1655 194 152 quia
775 1655 218 152 tales
920 1655 242 152 forent
1089 1655 169 152 vel
1186 1655 218 152 aeque
1331 1655 242 152 primoe

506 1728 215 114 vel
629 1728 460 114 subordinate
997 1728 215 114 non
1120 1728 215 114 sub
1242 1728 368 114 ordinate

519 1792 115 155 per
584 1792 247 155 consesionem
782 1792 115 155 nec
848 1792 148 155 aeque
947 1792 165 155 primae
1062 1792 115 155 per
1128 1792 247 155 corollarium
1326 1792 165 155 igitur
1441 1792 132 155 illo

514 1873 203 144 modo
641 1873 152 144 Ex
717 1873 178 144 quo
818 1873 228 144 patet
971 1873 330 144 responsio
1224 1873 152 144 ad
1301 1873 203 144 quem
1427 1873 152 144 ut

521 1947 220 156 videtur
681 1947 160 156 quod
781 1947 160 156 pars
882 1947 301 156 quaestionis
1122 1947 261 156 affirmati
1323 1947 140 156 est
1403 1947 160 156 vera

531 2028 141 129 sed
612 2028 202 129 contra
753 2028 141 129 hoc
834 2028 141 129 est
914 2028 283 129 argumentum
1137 2028 283 129 principale
1359 2028 121 129 et
1399 2028 101 129 con

509 2097 355 134 firmatur
775 2097 207 134 nam
894 2097 236 134 idem
1041 2097 266 134 ignis
1219 2097 148 134 b
1278 2097 295 134 produc

505 2168 180 130 tus
608 2168 154 130 ab
685 2168 129 130 a
737 2168 257 130 potest
917 2168 180 130 vel
1020 2168 283 130 potiunt
1226 2168 283 130 produci
1432 2168 129 130 a

519 2227 202 137 capitulo
671 2227 168 137 igitur
789 2227 185 137 videtur
923 2227 219 137 conclusio
1092 2227 118 137 non
1159 2227 135 137 essa
1243 2227 135 137 vera
1328 2227 84 137 ¶
1361 2227 101 137 2o
1412 2227 135 137 quia

509 2315 110 136 si
564 2315 238 136 conclusio
747 2315 165 136 esset
857 2315 147 136 vera
949 2315 128 136 cum
1022 2315 275 136 corollariis
1242 2315 202 136 videtur
1389 2315 183 136 sequir

499 2385 189 148 quod
618 2385 450 148 invincibilitaer
996 2385 331 148 probaretur
1257 2385 189 148 unum
1375 2385 213 148 solum

515 2451 254 143 primum
693 2451 204 143 esse
820 2451 178 143 vel
922 2451 254 143 tantum
1100 2451 204 143 unum
1227 2451 204 143 deum
1354 2451 204 143 esse

523 2533 159 147 sed
614 2533 295 147 oppositum
841 2533 204 147 huius
977 2533 249 147 videtur
1158 2533 159 147 cum
1249 2533 159 147 hoc
1339 2533 159 147 sit
1407 2533 91 147 ar

508 2596 175 148 tius
618 2596 219 148 igitur
771 2596 110 148 ¶
815 2596 132 148 3o
881 2596 219 148 plures
1034 2596 241 148 possunt
1210 2596 175 148 esse
1320 2596 219 148 causae
1451 2596 66 148 a

496 2665 297 147 licuius
712 2665 324 147 effectus
955 2665 270 147 quarum
1144 2665 351 147 quaelibet
1387 2665 108 147 po

516 2763 205 131 sita
645 2763 308 131 sequitur
875 2763 308 131 effectum
1106 2763 205 131 poni
1234 2763 179 131 sed
1337 2763 179 131 sic

502 2803 216 156 esse
637 2803 270 156 causam
826 2803 189 156 est
934 2803 216 156 esse
1070 2803 270 156 causam
1259 2803 297 156 totalem

504 2886 165 146 igitur
619 2886 99 146 3m
668 2886 247 146 corollarium
866 2886 115 146 est
932 2886 165 146 falsum
1047 2886 231 146 antecedens
1228 2886 181 146 videtur
1360 2886 132 146 quia
1443 2886 115 146 non

507 2959 250 136 videtur
689 2959 341 136 inpossibile
962 2959 182 136 quod
1076 2959 250 136 abraham
1257 2959 136 136 ab
1326 2959 182 136 alia

502 3019 288 170 fuisset
711 3019 288 170 genitus
920 3019 209 170 quam
1051 3019 209 170 adam
1182 3019 157 170 et
1260 3019 183 170 sic
1365 3019 235 170 alius

510 3106 237 131 multis
676 3106 237 131 igitur
842 3106 166 131 etc
936 3106 118 131 ¶
984 3106 142 131 ad
1055 3106 189 131 ista
1173 3106 308 131 respondeo
1386 3106 95 131 po

508 3166 307 146 vendo
712 3166 443 146 aliqualem
1053 3166 511 146 declationem

505 3232 175 163 huius
621 3232 214 163 trminum
776 3232 175 163 causa
893 3232 214 163 totalis
1048 3232 136 163 qui
1126 3232 272 163 dupliciter
1340 3232 194 163 potest

518 3316 149 135 ii
593 3316 199 135 unuo
717 3316 199 135 modo
841 3316 274 135 dicitur
1040 3316 224 135 causa
1190 3316 249 135 toalis
1364 3316 199 135 quae

508 3373 221 172 sola
646 3373 165 172 in
729 3373 221 172 isto
867 3373 276 172 ordine
1060 3373 276 172 causat
1253 3373 303 172 tenendo

1642 417 210 127 sola
1773 417 367 127 excludtiae
2061 417 184 127 non
2166 417 236 127 solum
2324 417 367 127 praecisive
2612 417 157 127 et

1671 497 172 133 sic
1770 497 246 133 causat
1942 497 196 133 sola
2064 497 196 133 quod
2187 497 246 133 nichil
2359 497 172 133 cum
2457 497 147 133 ea
2531 497 221 133 talem

1668 565 264 118 effectum
1866 565 220 118 causat
2020 565 154 118 sic
2108 565 286 118 intelligo
2329 565 352 118 conclusionem
2615 565 132 118 et

1663 651 288 116 corollari
1884 651 111 116 ¶
1928 651 177 116 Alio
2039 651 177 116 modo
2150 651 243 116 dicitur
2327 651 199 116 causa
2459 651 243 116 totalis
2614 651 111 116 qua

1659 705 252 118 posita
1835 705 201 118 omni
1961 705 201 118 alio
2087 705 252 118 istius
2263 705 277 118 ordinis
2439 705 252 118 respectu

1671 769 204 141 mota
1798 769 306 141 pronitur
2028 769 179 141 vel
2130 769 255 141 potest
2308 769 204 141 poni
2436 769 255 141 inesse
2614 769 153 141 ef

1670 837 203 117 tcens
1806 837 135 117 in
1874 837 181 117 tali
1986 837 203 117 causa
2122 837 135 117 2m
2189 837 181 117 eius
2302 837 248 117 propria
2483 837 293 117 principai

1647 898 306 116 agente
1862 898 184 116 Et
1953 898 245 116 dico
2106 898 367 116 notanter
2382 898 306 116 istius
2566 898 122 116 or

1648 970 290 111 dinis
1841 970 194 111 ad
1938 970 226 111 non
2067 970 484 111 excludendum
2454 970 323 111 concur

1659 1037 219 111 sum
1784 1037 407 111 generalem
2097 1037 219 111 dei
2222 1037 219 111 sic
2347 1037 219 111 aut
2472 1037 282 111 summe

1658 1106 132 125 do
1724 1106 220 125 causam
1878 1106 242 125 totalem
2055 1106 154 125 non
2143 1106 242 125 videtur
2319 1106 132 125 in
2385 1106 220 125 plirio
2540 1106 220 125 contra

1657 1180 345 119 dictionis
1923 1180 212 119 quin
2055 1180 265 119 plures
2241 1180 265 119 causae
2426 1180 292 119 totales
2612 1180 106 119 po

1672 1237 192 146 sint
1792 1237 192 146 esse
1912 1237 288 146 respectu
2128 1237 264 146 eiusdem
2319 1237 288 146 effectus
2535 1237 216 146 super

1660 1307 271 119 posito
1849 1307 244 119 tamen
2012 1307 190 119 uno
2120 1307 217 119 quod
2256 1307 271 119 doctor
2445 1307 325 119 subtilis

1674 1385 207 100 libro
1812 1385 207 100 primo
1950 1385 138 100 et
2019 1385 138 100 4o
2088 1385 276 100 concedit
2296 1385 207 100 scile
2434 1385 184 100 quod
2549 1385 184 100 idem

1659 1463 295 108 effectus
1881 1463 246 108 possit
2053 1463 271 108 produci
2250 1463 320 108 adverisus
2496 1463 271 108 causris

1658 1498 321 139 creatis
1891 1498 379 139 aliquibus
2183 1498 321 139 illarum
2416 1498 233 139 sive
2562 1498 233 139 alii

1648 1577 161 114 et
1729 1577 188 114 sic
1836 1577 348 114 procedunt
2104 1577 321 114 rationes
2345 1577 161 114 om
2398 1577 295 114 praedicta

1657 1643 261 135 quas
1821 1643 359 135 concedo
2082 1643 326 135 adhunc
2310 1643 326 135 sensum
2538 1643 196 135 Et

1657 1715 146 113 si
1730 1715 268 113 arguito
1925 1715 244 113 contra
2096 1715 195 113 quia
2218 1715 171 113 sic
2315 1715 268 113 dicendo
2510 1715 220 113 habeb

1661 1779 240 123 dicere
1829 1779 192 123 quod
1949 1779 216 123 talis
2093 1779 288 123 effectus
2309 1779 144 123 ab
2381 1779 240 123 aliqua
2525 1779 168 123 causa

1657 1863 346 106 dependet
1916 1863 230 106 quam
2060 1863 202 106 non
2176 1863 374 106 existente
2464 1863 288 106 staret

1662 1916 217 118 talem
1806 1916 289 118 effectum
2023 1916 337 118 aequaliter
2288 1916 193 118 esse
2408 1916 193 118 quod
2529 1916 217 118 vider

1647 1993 269 123 contra
1836 1993 323 123 rationem
2078 1993 162 123 de
2159 1993 296 123 pensise
2374 1993 269 123 posset
2535 1993 162 123 suni

1659 2045 289 140 pliciter
1876 2045 145 140 et
1948 2045 289 140 absolute
2165 2045 265 140 concedi
2358 2045 241 140 contra
2526 2045 193 140 quia

1661 2117 264 129 omnis
1837 2117 353 129 effectus
2101 2117 294 129 causae
2307 2117 323 129 creatae
2513 2117 176 129 real

1649 2179 386 132 dependet
1938 2179 161 132 a
2002 2179 225 132 sua
2131 2179 289 132 causa
2324 2179 321 132 creata
2548 2179 193 132 et

1654 2251 354 133 tamenea
1912 2251 226 133 non
2040 2251 419 133 existente
2363 2251 322 133 staret
2556 2251 129 133 in

1661 2325 381 116 thilomnius
1960 2325 245 116 talem
2123 2325 326 116 effectum
2368 2325 136 116 a
2422 2325 190 116 deo
2504 2325 190 116 produ

1661 2387 146 117 ci
1734 2387 171 117 pro
1831 2387 171 117 quo
1929 2387 293 117 notandum
2148 2387 195 117 quod
2270 2387 293 117 effectum
2490 2387 146 117 de
2539 2387 146 117 pent

1650 2459 225 108 dipite
1808 2459 383 108 essentialiter
2124 2459 135 108 ab
2191 2459 225 108 aliquo
2349 2459 225 108 potest
2484 2459 203 108 intelli

1644 2529 133 120 gi
1710 2529 332 120 tripliciter
1976 2529 155 120 uno
2064 2529 177 120 modo
2175 2529 155 120 sic
2263 2529 177 120 quod
2374 2529 266 120 effectus
2573 2529 177 120 sive

1644 2579 291 119 causa
1837 2579 258 119 illa
1999 2579 226 119 nec
2128 2579 323 119 posset
2354 2579 291 119 fieri
2548 2579 226 119 nec

1659 2659 286 121 causari
1867 2659 416 121 quobuscumque
2206 2659 234 121 aliis
2362 2659 182 121 vel
2466 2659 286 121 positis

1653 2733 177 128 vel
1754 2733 353 128 applicatis
2031 2733 151 128 2o
2107 2733 177 128 sic
2208 2733 202 128 quod
2334 2733 227 128 talis
2485 2733 303 128 effectus

1655 2805 189 111 non
1763 2805 352 111 poneretur
2034 2805 189 111 nec
2142 2805 460 111 conservaretur
2521 2805 216 111 nisi

1637 2873 264 124 talis
1813 2873 264 124 foret
1989 2873 235 124 eius
2135 2873 264 124 causa
2312 2873 264 124 licet
2488 2873 264 124 tamen

1651 2952 209 128 sive
1782 2952 157 128 ea
1860 2952 235 128 causa
2017 2952 366 128 conservari
2305 2952 262 128 posset
2488 2952 131 128 ¶
2540 2952 209 128 3mmo

1638 3022 212 131 sic
1759 3022 243 131 quia
1911 3022 273 131 talis
2093 3022 364 131 effectus
2365 3022 243 131 acti
2487 3022 212 131 causa

1650 3102 227 122 capit
1801 3102 202 122 esse
1928 3102 152 122 de
2004 3102 227 122 facto
2155 3102 152 122 et
2231 3102 227 122 tamen
2383 3102 202 122 ipsa
2484 3102 202 122 certum

1636 3177 331 119 scripta
1876 3177 271 119 adhuc
2057 3177 301 119 inesse
2267 3177 391 119 poneretur
2568 3177 180 119 et

1647 3242 157 117 in
1725 3242 210 117 esse
1857 3242 446 117 conservaretur
2224 3242 210 117 modo
2355 3242 315 117 summendo
2565 3242 105 117 de

1651 3320 309 114 pendere
1876 3320 253 114 primo
2044 3320 225 114 modo
2184 3320 197 114 non
2297 3320 197 114 est
2409 3320 365 114 possibile

1637 3387 218 117 quod
1773 3387 300 117 aliquis
1991 3387 327 117 effectus
2237 3387 327 117 dependet
2483 3387 136 117 a
2510 3387 191 117 causa
