<?xml version="1.0" encoding="UTF-8"?>
<alto xmlns:xsi="http://www.w3.org/2001/XMLSchema-instance"
      xmlns="http://www.loc.gov/standards/alto/ns-v2#"
      xmlns:page="http://schema.primaresearch.org/PAGE/gts/pagecontent/2013-07-15"
      xsi:schemaLocation="http://www.loc.gov/standards/alto/ns-v2# http://www.loc.gov/standards/alto/alto.xsd">
   <Description>
      <MeasurementUnit>pixel</MeasurementUnit>
      <OCRProcessing ID="IdOcr">
         <ocrProcessingStep>
            <processingDateTime>2020-07-06T18:22:18.255-04:00</processingDateTime>
            <processingSoftware>
               <softwareCreator>READ COOP</softwareCreator>
               <softwareName>Transkribus</softwareName>
            </processingSoftware>
         </ocrProcessingStep>
      </OCRProcessing>
   </Description>
   <Tags/>
   <Layout>
      <Page ID="Page1" PHYSICAL_IMG_NR="1" HEIGHT="4230" WIDTH="2964">
         <TopMargin HEIGHT="0" WIDTH="2964" VPOS="0" HPOS="0"/>
         <LeftMargin HEIGHT="4230" WIDTH="0" VPOS="0" HPOS="0"/>
         <RightMargin HEIGHT="4230" WIDTH="0" VPOS="0" HPOS="2964"/>
         <BottomMargin HEIGHT="0" WIDTH="2964" VPOS="4230" HPOS="0"/>
         <PrintSpace HEIGHT="4230" WIDTH="2964" VPOS="0" HPOS="0">
            <TextBlock ID="r2" HEIGHT="3050" WIDTH="1065" VPOS="450" HPOS="228">
               <Shape>
                  <Polygon POINTS="228,450 228,3500 1293,3500 1293,450"/>
               </Shape>
               <TextLine ID="r2l1"
                         BASELINE="551"
                         HEIGHT="155"
                         WIDTH="998"
                         VPOS="396"
                         HPOS="269">
                  <String HEIGHT="155"
                          WIDTH="297"
                          VPOS="396"
                          HPOS="242"
                          CONTENT="aeterna"/>
                  <SP HEIGHT="155" WIDTH="27" VPOS="396" HPOS="539"/>
                  <String HEIGHT="155"
                          WIDTH="216"
                          VPOS="396"
                          HPOS="458"
                          CONTENT="modo"/>
                  <SP HEIGHT="155" WIDTH="27" VPOS="396" HPOS="674"/>
                  <String HEIGHT="155"
                          WIDTH="270"
                          VPOS="396"
                          HPOS="593"
                          CONTENT="certum"/>
                  <SP HEIGHT="155" WIDTH="27" VPOS="396" HPOS="862"/>
                  <String HEIGHT="155"
                          WIDTH="189"
                          VPOS="396"
                          HPOS="781"
                          CONTENT="est"/>
                  <SP HEIGHT="155" WIDTH="27" VPOS="396" HPOS="970"/>
                  <String HEIGHT="155"
                          WIDTH="216"
                          VPOS="396"
                          HPOS="889"
                          CONTENT="quod"/>
                  <SP HEIGHT="155" WIDTH="27" VPOS="396" HPOS="1105"/>
                  <String HEIGHT="155"
                          WIDTH="189"
                          VPOS="396"
                          HPOS="1024"
                          CONTENT="hoc"/>
                  <SP HEIGHT="155" WIDTH="27" VPOS="396" HPOS="1213"/>
                  <String HEIGHT="155"
                          WIDTH="189"
                          VPOS="396"
                          HPOS="1132"
                          CONTENT="non"/>
                  <SP HEIGHT="155" WIDTH="27" VPOS="396" HPOS="1321"/>
                  <String HEIGHT="155" WIDTH="54" VPOS="396" HPOS="1213" CONTENT=""/>
               </TextLine>
               <TextLine ID="r2l2"
                         BASELINE="637"
                         HEIGHT="142"
                         WIDTH="1008"
                         VPOS="495"
                         HPOS="275">
                  <String HEIGHT="142"
                          WIDTH="275"
                          VPOS="495"
                          HPOS="257"
                          CONTENT="intelibiter"/>
                  <SP HEIGHT="142" WIDTH="18" VPOS="495" HPOS="532"/>
                  <String HEIGHT="142"
                          WIDTH="257"
                          VPOS="495"
                          HPOS="477"
                          CONTENT="principate"/>
                  <SP HEIGHT="142" WIDTH="18" VPOS="495" HPOS="733"/>
                  <String HEIGHT="142"
                          WIDTH="220"
                          VPOS="495"
                          HPOS="678"
                          CONTENT="secundum"/>
                  <SP HEIGHT="142" WIDTH="18" VPOS="495" HPOS="898"/>
                  <String HEIGHT="142"
                          WIDTH="147"
                          VPOS="495"
                          HPOS="843"
                          CONTENT="quod"/>
                  <SP HEIGHT="142" WIDTH="18" VPOS="495" HPOS="990"/>
                  <String HEIGHT="142"
                          WIDTH="183"
                          VPOS="495"
                          HPOS="935"
                          CONTENT="dictum"/>
                  <SP HEIGHT="142" WIDTH="18" VPOS="495" HPOS="1118"/>
                  <String HEIGHT="142"
                          WIDTH="128"
                          VPOS="495"
                          HPOS="1063"
                          CONTENT="est"/>
                  <SP HEIGHT="142" WIDTH="18" VPOS="495" HPOS="1191"/>
                  <String HEIGHT="142"
                          WIDTH="183"
                          VPOS="495"
                          HPOS="1136"
                          CONTENT="igitur"/>
                  <SP HEIGHT="142" WIDTH="18" VPOS="495" HPOS="1320"/>
                  <String HEIGHT="142" WIDTH="37" VPOS="495" HPOS="1246" CONTENT=""/>
               </TextLine>
               <TextLine ID="r2l3"
                         BASELINE="687"
                         HEIGHT="110"
                         WIDTH="1001"
                         VPOS="577"
                         HPOS="274">
                  <String HEIGHT="110"
                          WIDTH="517"
                          VPOS="577"
                          HPOS="242"
                          CONTENT="complacentis"/>
                  <SP HEIGHT="110" WIDTH="32" VPOS="577" HPOS="758"/>
                  <String HEIGHT="110" WIDTH="194" VPOS="577" HPOS="661" CONTENT="et"/>
                  <SP HEIGHT="110" WIDTH="32" VPOS="577" HPOS="855"/>
                  <String HEIGHT="110"
                          WIDTH="484"
                          VPOS="577"
                          HPOS="758"
                          CONTENT="coexigitive"/>
                  <SP HEIGHT="110" WIDTH="32" VPOS="577" HPOS="1243"/>
                  <String HEIGHT="110"
                          WIDTH="161"
                          VPOS="577"
                          HPOS="1114"
                          CONTENT="qua"/>
               </TextLine>
               <TextLine ID="r2l4"
                         BASELINE="752"
                         HEIGHT="95"
                         WIDTH="1025"
                         VPOS="657"
                         HPOS="266">
                  <String HEIGHT="95"
                          WIDTH="243"
                          VPOS="657"
                          HPOS="239"
                          CONTENT="liter"/>
                  <SP HEIGHT="95" WIDTH="27" VPOS="657" HPOS="482"/>
                  <String HEIGHT="95"
                          WIDTH="243"
                          VPOS="657"
                          HPOS="401"
                          CONTENT="autem"/>
                  <SP HEIGHT="95" WIDTH="27" VPOS="657" HPOS="644"/>
                  <String HEIGHT="95"
                          WIDTH="216"
                          VPOS="657"
                          HPOS="563"
                          CONTENT="ista"/>
                  <SP HEIGHT="95" WIDTH="27" VPOS="657" HPOS="779"/>
                  <String HEIGHT="95"
                          WIDTH="432"
                          VPOS="657"
                          HPOS="698"
                          CONTENT="differntiant"/>
                  <SP HEIGHT="95" WIDTH="27" VPOS="657" HPOS="1129"/>
                  <String HEIGHT="95"
                          WIDTH="243"
                          VPOS="657"
                          HPOS="1048"
                          CONTENT="satis"/>
                  <SP HEIGHT="95" WIDTH="27" VPOS="657" HPOS="1291"/>
                  <String HEIGHT="95" WIDTH="108" VPOS="657" HPOS="1183" CONTENT="pi"/>
               </TextLine>
               <TextLine ID="r2l5"
                         BASELINE="842"
                         HEIGHT="118"
                         WIDTH="1001"
                         VPOS="724"
                         HPOS="272">
                  <String HEIGHT="118"
                          WIDTH="313"
                          VPOS="724"
                          HPOS="241"
                          CONTENT="lechre"/>
                  <SP HEIGHT="118" WIDTH="31" VPOS="724" HPOS="554"/>
                  <String HEIGHT="118"
                          WIDTH="375"
                          VPOS="724"
                          HPOS="460"
                          CONTENT="ostendit"/>
                  <SP HEIGHT="118" WIDTH="31" VPOS="724" HPOS="835"/>
                  <String HEIGHT="118"
                          WIDTH="313"
                          VPOS="724"
                          HPOS="741"
                          CONTENT="doctor"/>
                  <SP HEIGHT="118" WIDTH="31" VPOS="724" HPOS="1054"/>
                  <String HEIGHT="118"
                          WIDTH="375"
                          VPOS="724"
                          HPOS="960"
                          CONTENT="subtilis"/>
                  <SP HEIGHT="118" WIDTH="31" VPOS="724" HPOS="1336"/>
                  <String HEIGHT="118" WIDTH="63" VPOS="724" HPOS="1210" CONTENT=""/>
               </TextLine>
               <TextLine ID="r2l6"
                         BASELINE="907"
                         HEIGHT="112"
                         WIDTH="1034"
                         VPOS="795"
                         HPOS="260">
                  <String HEIGHT="112"
                          WIDTH="312"
                          VPOS="795"
                          HPOS="240"
                          CONTENT="distinctione"/>
                  <SP HEIGHT="112" WIDTH="20" VPOS="795" HPOS="553"/>
                  <String HEIGHT="112"
                          WIDTH="137"
                          VPOS="795"
                          HPOS="494"
                          CONTENT="hac"/>
                  <SP HEIGHT="112" WIDTH="20" VPOS="795" HPOS="631"/>
                  <String HEIGHT="112" WIDTH="98" VPOS="795" HPOS="572" CONTENT="6"/>
                  <SP HEIGHT="112" WIDTH="20" VPOS="795" HPOS="670"/>
                  <String HEIGHT="112"
                          WIDTH="273"
                          VPOS="795"
                          HPOS="611"
                          CONTENT="quaestione"/>
                  <SP HEIGHT="112" WIDTH="20" VPOS="795" HPOS="884"/>
                  <String HEIGHT="112"
                          WIDTH="176"
                          VPOS="795"
                          HPOS="826"
                          CONTENT="unica"/>
                  <SP HEIGHT="112" WIDTH="20" VPOS="795" HPOS="1001"/>
                  <String HEIGHT="112"
                          WIDTH="234"
                          VPOS="795"
                          HPOS="943"
                          CONTENT="articulo"/>
                  <SP HEIGHT="112" WIDTH="20" VPOS="795" HPOS="1177"/>
                  <String HEIGHT="112"
                          WIDTH="117"
                          VPOS="795"
                          HPOS="1118"
                          CONTENT="2o"/>
                  <SP HEIGHT="112" WIDTH="20" VPOS="795" HPOS="1235"/>
                  <String HEIGHT="112" WIDTH="98" VPOS="795" HPOS="1177" CONTENT="¶"/>
                  <SP HEIGHT="112" WIDTH="20" VPOS="795" HPOS="1274"/>
                  <String HEIGHT="112"
                          WIDTH="117"
                          VPOS="795"
                          HPOS="1216"
                          CONTENT="ad"/>
                  <SP HEIGHT="112" WIDTH="20" VPOS="795" HPOS="1333"/>
                  <String HEIGHT="112" WIDTH="39" VPOS="795" HPOS="1255" CONTENT=""/>
               </TextLine>
               <TextLine ID="r2l7"
                         BASELINE="989"
                         HEIGHT="124"
                         WIDTH="991"
                         VPOS="865"
                         HPOS="266">
                  <String HEIGHT="124" WIDTH="161" VPOS="865" HPOS="239" CONTENT="3m"/>
                  <SP HEIGHT="124" WIDTH="27" VPOS="865" HPOS="400"/>
                  <String HEIGHT="124"
                          WIDTH="187"
                          VPOS="865"
                          HPOS="320"
                          CONTENT="non"/>
                  <SP HEIGHT="124" WIDTH="27" VPOS="865" HPOS="507"/>
                  <String HEIGHT="124"
                          WIDTH="241"
                          VPOS="865"
                          HPOS="427"
                          CONTENT="credo"/>
                  <SP HEIGHT="124" WIDTH="27" VPOS="865" HPOS="668"/>
                  <String HEIGHT="124"
                          WIDTH="402"
                          VPOS="865"
                          HPOS="587"
                          CONTENT="auctoritati"/>
                  <SP HEIGHT="124" WIDTH="27" VPOS="865" HPOS="989"/>
                  <String HEIGHT="124"
                          WIDTH="321"
                          VPOS="865"
                          HPOS="909"
                          CONTENT="doctoris"/>
                  <SP HEIGHT="124" WIDTH="27" VPOS="865" HPOS="1230"/>
                  <String HEIGHT="124"
                          WIDTH="161"
                          VPOS="865"
                          HPOS="1150"
                          CONTENT="in"/>
                  <SP HEIGHT="124" WIDTH="27" VPOS="865" HPOS="1311"/>
                  <String HEIGHT="124" WIDTH="54" VPOS="865" HPOS="1203" CONTENT=""/>
               </TextLine>
               <TextLine ID="r2l8"
                         BASELINE="1063"
                         HEIGHT="103"
                         WIDTH="983"
                         VPOS="960"
                         HPOS="271">
                  <String HEIGHT="103"
                          WIDTH="213"
                          VPOS="960"
                          HPOS="244"
                          CONTENT="ista"/>
                  <SP HEIGHT="103" WIDTH="27" VPOS="960" HPOS="457"/>
                  <String HEIGHT="103"
                          WIDTH="239"
                          VPOS="960"
                          HPOS="377"
                          CONTENT="parte"/>
                  <SP HEIGHT="103" WIDTH="27" VPOS="960" HPOS="616"/>
                  <String HEIGHT="103"
                          WIDTH="186"
                          VPOS="960"
                          HPOS="537"
                          CONTENT="sed"/>
                  <SP HEIGHT="103" WIDTH="27" VPOS="960" HPOS="723"/>
                  <String HEIGHT="103"
                          WIDTH="345"
                          VPOS="960"
                          HPOS="643"
                          CONTENT="oppositum"/>
                  <SP HEIGHT="103" WIDTH="27" VPOS="960" HPOS="988"/>
                  <String HEIGHT="103"
                          WIDTH="239"
                          VPOS="960"
                          HPOS="909"
                          CONTENT="credo"/>
                  <SP HEIGHT="103" WIDTH="27" VPOS="960" HPOS="1148"/>
                  <String HEIGHT="103"
                          WIDTH="239"
                          VPOS="960"
                          HPOS="1068"
                          CONTENT="sicut"/>
                  <SP HEIGHT="103" WIDTH="27" VPOS="960" HPOS="1307"/>
                  <String HEIGHT="103" WIDTH="53" VPOS="960" HPOS="1201" CONTENT=""/>
               </TextLine>
               <TextLine ID="r2l9"
                         BASELINE="1142"
                         HEIGHT="130"
                         WIDTH="1015"
                         VPOS="1012"
                         HPOS="271">
                  <String HEIGHT="130"
                          WIDTH="240"
                          VPOS="1012"
                          HPOS="244"
                          CONTENT="satis"/>
                  <SP HEIGHT="130" WIDTH="27" VPOS="1012" HPOS="485"/>
                  <String HEIGHT="130"
                          WIDTH="427"
                          VPOS="1012"
                          HPOS="405"
                          CONTENT="sufficienter"/>
                  <SP HEIGHT="130" WIDTH="27" VPOS="1012" HPOS="832"/>
                  <String HEIGHT="130"
                          WIDTH="321"
                          VPOS="1012"
                          HPOS="752"
                          CONTENT="ostendit"/>
                  <SP HEIGHT="130" WIDTH="27" VPOS="1012" HPOS="1072"/>
                  <String HEIGHT="130"
                          WIDTH="347"
                          VPOS="1012"
                          HPOS="992"
                          CONTENT="gregorius"/>
                  <SP HEIGHT="130" WIDTH="27" VPOS="1012" HPOS="1339"/>
                  <String HEIGHT="130" WIDTH="53" VPOS="1012" HPOS="1233" CONTENT=""/>
               </TextLine>
               <TextLine ID="r2l10"
                         BASELINE="1214"
                         HEIGHT="118"
                         WIDTH="1043"
                         VPOS="1096"
                         HPOS="257">
                  <String HEIGHT="118"
                          WIDTH="169"
                          VPOS="1096"
                          HPOS="229"
                          CONTENT="in"/>
                  <SP HEIGHT="118" WIDTH="28" VPOS="1096" HPOS="398"/>
                  <String HEIGHT="118"
                          WIDTH="226"
                          VPOS="1096"
                          HPOS="313"
                          CONTENT="ista"/>
                  <SP HEIGHT="118" WIDTH="28" VPOS="1096" HPOS="539"/>
                  <String HEIGHT="118" WIDTH="141" VPOS="1096" HPOS="454" CONTENT="6"/>
                  <SP HEIGHT="118" WIDTH="28" VPOS="1096" HPOS="595"/>
                  <String HEIGHT="118"
                          WIDTH="451"
                          VPOS="1096"
                          HPOS="511"
                          CONTENT="distinctione"/>
                  <SP HEIGHT="118" WIDTH="28" VPOS="1096" HPOS="962"/>
                  <String HEIGHT="118"
                          WIDTH="338"
                          VPOS="1096"
                          HPOS="877"
                          CONTENT="quaestio"/>
                  <SP HEIGHT="118" WIDTH="28" VPOS="1096" HPOS="1215"/>
                  <String HEIGHT="118"
                          WIDTH="226"
                          VPOS="1096"
                          HPOS="1131"
                          CONTENT="vica"/>
                  <SP HEIGHT="118" WIDTH="28" VPOS="1096" HPOS="1356"/>
                  <String HEIGHT="118" WIDTH="56" VPOS="1096" HPOS="1244" CONTENT=""/>
               </TextLine>
               <TextLine ID="r2l11"
                         BASELINE="1290"
                         HEIGHT="121"
                         WIDTH="1030"
                         VPOS="1169"
                         HPOS="263">
                  <String HEIGHT="121"
                          WIDTH="269"
                          VPOS="1169"
                          HPOS="241"
                          CONTENT="articulo"/>
                  <SP HEIGHT="121" WIDTH="22" VPOS="1169" HPOS="509"/>
                  <String HEIGHT="121"
                          WIDTH="134"
                          VPOS="1169"
                          HPOS="442"
                          CONTENT="2o"/>
                  <SP HEIGHT="121" WIDTH="22" VPOS="1169" HPOS="576"/>
                  <String HEIGHT="121"
                          WIDTH="134"
                          VPOS="1169"
                          HPOS="509"
                          CONTENT="ad"/>
                  <SP HEIGHT="121" WIDTH="22" VPOS="1169" HPOS="644"/>
                  <String HEIGHT="121"
                          WIDTH="269"
                          VPOS="1169"
                          HPOS="576"
                          CONTENT="rationem"/>
                  <SP HEIGHT="121" WIDTH="22" VPOS="1169" HPOS="845"/>
                  <String HEIGHT="121"
                          WIDTH="224"
                          VPOS="1169"
                          HPOS="778"
                          CONTENT="igitur"/>
                  <SP HEIGHT="121" WIDTH="22" VPOS="1169" HPOS="1002"/>
                  <String HEIGHT="121"
                          WIDTH="157"
                          VPOS="1169"
                          HPOS="935"
                          CONTENT="cum"/>
                  <SP HEIGHT="121" WIDTH="22" VPOS="1169" HPOS="1091"/>
                  <String HEIGHT="121"
                          WIDTH="269"
                          VPOS="1169"
                          HPOS="1024"
                          CONTENT="arguitur"/>
                  <SP HEIGHT="121" WIDTH="22" VPOS="1169" HPOS="1293"/>
                  <String HEIGHT="121"
                          WIDTH="90"
                          VPOS="1169"
                          HPOS="1203"
                          CONTENT="vo"/>
               </TextLine>
               <TextLine ID="r2l12"
                         BASELINE="1367"
                         HEIGHT="120"
                         WIDTH="1030"
                         VPOS="1247"
                         HPOS="254">
                  <String HEIGHT="120"
                          WIDTH="303"
                          VPOS="1247"
                          HPOS="224"
                          CONTENT="luntas"/>
                  <SP HEIGHT="120" WIDTH="30" VPOS="1247" HPOS="527"/>
                  <String HEIGHT="120"
                          WIDTH="333"
                          VPOS="1247"
                          HPOS="436"
                          CONTENT="complat"/>
                  <SP HEIGHT="120" WIDTH="30" VPOS="1247" HPOS="769"/>
                  <String HEIGHT="120"
                          WIDTH="212"
                          VPOS="1247"
                          HPOS="678"
                          CONTENT="etc"/>
                  <SP HEIGHT="120" WIDTH="30" VPOS="1247" HPOS="890"/>
                  <String HEIGHT="120"
                          WIDTH="333"
                          VPOS="1247"
                          HPOS="799"
                          CONTENT="concedo"/>
                  <SP HEIGHT="120" WIDTH="30" VPOS="1247" HPOS="1133"/>
                  <String HEIGHT="120"
                          WIDTH="182"
                          VPOS="1247"
                          HPOS="1042"
                          CONTENT="et"/>
                  <SP HEIGHT="120" WIDTH="30" VPOS="1247" HPOS="1223"/>
                  <String HEIGHT="120"
                          WIDTH="212"
                          VPOS="1247"
                          HPOS="1133"
                          CONTENT="cum"/>
                  <SP HEIGHT="120" WIDTH="30" VPOS="1247" HPOS="1345"/>
                  <String HEIGHT="120" WIDTH="61" VPOS="1247" HPOS="1223" CONTENT=""/>
               </TextLine>
               <TextLine ID="r2l13"
                         BASELINE="1446"
                         HEIGHT="130"
                         WIDTH="1002"
                         VPOS="1316"
                         HPOS="265">
                  <String HEIGHT="130"
                          WIDTH="344"
                          VPOS="1316"
                          HPOS="234"
                          CONTENT="dicitur"/>
                  <SP HEIGHT="130" WIDTH="31" VPOS="1316" HPOS="578"/>
                  <String HEIGHT="130"
                          WIDTH="219"
                          VPOS="1316"
                          HPOS="484"
                          CONTENT="hoc"/>
                  <SP HEIGHT="130" WIDTH="31" VPOS="1316" HPOS="703"/>
                  <String HEIGHT="130"
                          WIDTH="219"
                          VPOS="1316"
                          HPOS="609"
                          CONTENT="est"/>
                  <SP HEIGHT="130" WIDTH="31" VPOS="1316" HPOS="829"/>
                  <String HEIGHT="130"
                          WIDTH="438"
                          VPOS="1316"
                          HPOS="735"
                          CONTENT="perfectius"/>
                  <SP HEIGHT="130" WIDTH="31" VPOS="1316" HPOS="1173"/>
                  <String HEIGHT="130"
                          WIDTH="251"
                          VPOS="1316"
                          HPOS="1079"
                          CONTENT="nota"/>
                  <SP HEIGHT="130" WIDTH="31" VPOS="1316" HPOS="1330"/>
                  <String HEIGHT="130" WIDTH="63" VPOS="1316" HPOS="1204" CONTENT=""/>
               </TextLine>
               <TextLine ID="r2l14"
                         BASELINE="1501"
                         HEIGHT="107"
                         WIDTH="989"
                         VPOS="1394"
                         HPOS="254">
                  <String HEIGHT="107"
                          WIDTH="255"
                          VPOS="1394"
                          HPOS="222"
                          CONTENT="quod"/>
                  <SP HEIGHT="107" WIDTH="32" VPOS="1394" HPOS="477"/>
                  <String HEIGHT="107"
                          WIDTH="319"
                          VPOS="1394"
                          HPOS="382"
                          CONTENT="dupiex"/>
                  <SP HEIGHT="107" WIDTH="32" VPOS="1394" HPOS="701"/>
                  <String HEIGHT="107"
                          WIDTH="223"
                          VPOS="1394"
                          HPOS="605"
                          CONTENT="est"/>
                  <SP HEIGHT="107" WIDTH="32" VPOS="1394" HPOS="828"/>
                  <String HEIGHT="107"
                          WIDTH="287"
                          VPOS="1394"
                          HPOS="733"
                          CONTENT="actus"/>
                  <SP HEIGHT="107" WIDTH="32" VPOS="1394" HPOS="1020"/>
                  <String HEIGHT="107"
                          WIDTH="383"
                          VPOS="1394"
                          HPOS="924"
                          CONTENT="elicitus"/>
                  <SP HEIGHT="107" WIDTH="32" VPOS="1394" HPOS="1307"/>
                  <String HEIGHT="107" WIDTH="64" VPOS="1394" HPOS="1179" CONTENT=""/>
               </TextLine>
               <TextLine ID="r2l15"
                         BASELINE="1598"
                         HEIGHT="124"
                         WIDTH="1012"
                         VPOS="1474"
                         HPOS="264">
                  <String HEIGHT="124"
                          WIDTH="105"
                          VPOS="1474"
                          HPOS="247"
                          CONTENT="et"/>
                  <SP HEIGHT="124" WIDTH="17" VPOS="1474" HPOS="351"/>
                  <String HEIGHT="124"
                          WIDTH="227"
                          VPOS="1474"
                          HPOS="299"
                          CONTENT="perceptus"/>
                  <SP HEIGHT="124" WIDTH="17" VPOS="1474" HPOS="526"/>
                  <String HEIGHT="124"
                          WIDTH="157"
                          VPOS="1474"
                          HPOS="473"
                          CONTENT="patet"/>
                  <SP HEIGHT="124" WIDTH="17" VPOS="1474" HPOS="630"/>
                  <String HEIGHT="124"
                          WIDTH="122"
                          VPOS="1474"
                          HPOS="578"
                          CONTENT="per"/>
                  <SP HEIGHT="124" WIDTH="17" VPOS="1474" HPOS="700"/>
                  <String HEIGHT="124"
                          WIDTH="244"
                          VPOS="1474"
                          HPOS="648"
                          CONTENT="augustinum"/>
                  <SP HEIGHT="124" WIDTH="17" VPOS="1474" HPOS="892"/>
                  <String HEIGHT="124"
                          WIDTH="105"
                          VPOS="1474"
                          HPOS="840"
                          CONTENT="11"/>
                  <SP HEIGHT="124" WIDTH="17" VPOS="1474" HPOS="944"/>
                  <String HEIGHT="124"
                          WIDTH="105"
                          VPOS="1474"
                          HPOS="892"
                          CONTENT="de"/>
                  <SP HEIGHT="124" WIDTH="17" VPOS="1474" HPOS="997"/>
                  <String HEIGHT="124"
                          WIDTH="227"
                          VPOS="1474"
                          HPOS="944"
                          CONTENT="trinitate"/>
                  <SP HEIGHT="124" WIDTH="17" VPOS="1474" HPOS="1171"/>
                  <String HEIGHT="124"
                          WIDTH="174"
                          VPOS="1474"
                          HPOS="1102"
                          CONTENT="capitulo"/>
               </TextLine>
               <TextLine ID="r2l16"
                         BASELINE="1679"
                         HEIGHT="121"
                         WIDTH="991"
                         VPOS="1558"
                         HPOS="268">
                  <String HEIGHT="121"
                          WIDTH="156"
                          VPOS="1558"
                          HPOS="242"
                          CONTENT="13"/>
                  <SP HEIGHT="121" WIDTH="26" VPOS="1558" HPOS="398"/>
                  <String HEIGHT="121"
                          WIDTH="261"
                          VPOS="1558"
                          HPOS="320"
                          CONTENT="primus"/>
                  <SP HEIGHT="121" WIDTH="26" VPOS="1558" HPOS="581"/>
                  <String HEIGHT="121"
                          WIDTH="261"
                          VPOS="1558"
                          HPOS="503"
                          CONTENT="potest"/>
                  <SP HEIGHT="121" WIDTH="26" VPOS="1558" HPOS="764"/>
                  <String HEIGHT="121"
                          WIDTH="209"
                          VPOS="1558"
                          HPOS="685"
                          CONTENT="esse"/>
                  <SP HEIGHT="121" WIDTH="26" VPOS="1558" HPOS="894"/>
                  <String HEIGHT="121"
                          WIDTH="156"
                          VPOS="1558"
                          HPOS="816"
                          CONTENT="in"/>
                  <SP HEIGHT="121" WIDTH="26" VPOS="1558" HPOS="972"/>
                  <String HEIGHT="121"
                          WIDTH="235"
                          VPOS="1558"
                          HPOS="894"
                          CONTENT="nobis"/>
                  <SP HEIGHT="121" WIDTH="26" VPOS="1558" HPOS="1129"/>
                  <String HEIGHT="121"
                          WIDTH="209"
                          VPOS="1558"
                          HPOS="1050"
                          CONTENT="sive"/>
                  <SP HEIGHT="121" WIDTH="26" VPOS="1558" HPOS="1259"/>
                  <String HEIGHT="121"
                          WIDTH="104"
                          VPOS="1558"
                          HPOS="1155"
                          CONTENT="co"/>
               </TextLine>
               <TextLine ID="r2l17"
                         BASELINE="1758"
                         HEIGHT="125"
                         WIDTH="1000"
                         VPOS="1633"
                         HPOS="254">
                  <String HEIGHT="125"
                          WIDTH="293"
                          VPOS="1633"
                          HPOS="230"
                          CONTENT="platione"/>
                  <SP HEIGHT="125" WIDTH="24" VPOS="1633" HPOS="522"/>
                  <String HEIGHT="125"
                          WIDTH="268"
                          VPOS="1633"
                          HPOS="449"
                          CONTENT="notatis"/>
                  <SP HEIGHT="125" WIDTH="24" VPOS="1633" HPOS="717"/>
                  <String HEIGHT="125"
                          WIDTH="171"
                          VPOS="1633"
                          HPOS="644"
                          CONTENT="sed"/>
                  <SP HEIGHT="125" WIDTH="24" VPOS="1633" HPOS="815"/>
                  <String HEIGHT="125"
                          WIDTH="171"
                          VPOS="1633"
                          HPOS="742"
                          CONTENT="non"/>
                  <SP HEIGHT="125" WIDTH="24" VPOS="1633" HPOS="913"/>
                  <String HEIGHT="125"
                          WIDTH="146"
                          VPOS="1633"
                          HPOS="839"
                          CONTENT="2o"/>
                  <SP HEIGHT="125" WIDTH="24" VPOS="1633" HPOS="986"/>
                  <String HEIGHT="125"
                          WIDTH="220"
                          VPOS="1633"
                          HPOS="913"
                          CONTENT="talis"/>
                  <SP HEIGHT="125" WIDTH="24" VPOS="1633" HPOS="1132"/>
                  <String HEIGHT="125"
                          WIDTH="244"
                          VPOS="1633"
                          HPOS="1059"
                          CONTENT="igitur"/>
                  <SP HEIGHT="125" WIDTH="24" VPOS="1633" HPOS="1303"/>
                  <String HEIGHT="125" WIDTH="49" VPOS="1633" HPOS="1205" CONTENT=""/>
               </TextLine>
               <TextLine ID="r2l18"
                         BASELINE="1836"
                         HEIGHT="128"
                         WIDTH="975"
                         VPOS="1708"
                         HPOS="261">
                  <String HEIGHT="128"
                          WIDTH="422"
                          VPOS="1708"
                          HPOS="235"
                          CONTENT="conplacentia"/>
                  <SP HEIGHT="128" WIDTH="26" VPOS="1708" HPOS="656"/>
                  <String HEIGHT="128"
                          WIDTH="343"
                          VPOS="1708"
                          HPOS="577"
                          CONTENT="contingit"/>
                  <SP HEIGHT="128" WIDTH="26" VPOS="1708" HPOS="920"/>
                  <String HEIGHT="128"
                          WIDTH="290"
                          VPOS="1708"
                          HPOS="841"
                          CONTENT="propter"/>
                  <SP HEIGHT="128" WIDTH="26" VPOS="1708" HPOS="1131"/>
                  <String HEIGHT="128"
                          WIDTH="237"
                          VPOS="1708"
                          HPOS="1052"
                          CONTENT="obiec"/>
                  <SP HEIGHT="128" WIDTH="26" VPOS="1708" HPOS="1289"/>
                  <String HEIGHT="128" WIDTH="53" VPOS="1708" HPOS="1183" CONTENT=""/>
               </TextLine>
               <TextLine ID="r2l19"
                         BASELINE="1907"
                         HEIGHT="106"
                         WIDTH="1003"
                         VPOS="1801"
                         HPOS="262">
                  <String HEIGHT="106"
                          WIDTH="210"
                          VPOS="1801"
                          HPOS="239"
                          CONTENT="talem"/>
                  <SP HEIGHT="106" WIDTH="23" VPOS="1801" HPOS="449"/>
                  <String HEIGHT="106"
                          WIDTH="303"
                          VPOS="1801"
                          HPOS="379"
                          CONTENT="distantia"/>
                  <SP HEIGHT="106" WIDTH="23" VPOS="1801" HPOS="682"/>
                  <String HEIGHT="106"
                          WIDTH="257"
                          VPOS="1801"
                          HPOS="612"
                          CONTENT="obiecti"/>
                  <SP HEIGHT="106" WIDTH="23" VPOS="1801" HPOS="868"/>
                  <String HEIGHT="106" WIDTH="117" VPOS="1801" HPOS="798" CONTENT="a"/>
                  <SP HEIGHT="106" WIDTH="23" VPOS="1801" HPOS="915"/>
                  <String HEIGHT="106"
                          WIDTH="280"
                          VPOS="1801"
                          HPOS="845"
                          CONTENT="potentia"/>
                  <SP HEIGHT="106" WIDTH="23" VPOS="1801" HPOS="1125"/>
                  <String HEIGHT="106"
                          WIDTH="233"
                          VPOS="1801"
                          HPOS="1032"
                          CONTENT="percepti"/>
               </TextLine>
               <TextLine ID="r2l20"
                         BASELINE="1986"
                         HEIGHT="110"
                         WIDTH="984"
                         VPOS="1876"
                         HPOS="253">
                  <String HEIGHT="110"
                          WIDTH="204"
                          VPOS="1876"
                          HPOS="219"
                          CONTENT="na"/>
                  <SP HEIGHT="110" WIDTH="34" VPOS="1876" HPOS="423"/>
                  <String HEIGHT="110"
                          WIDTH="238"
                          VPOS="1876"
                          HPOS="321"
                          CONTENT="Sed"/>
                  <SP HEIGHT="110" WIDTH="34" VPOS="1876" HPOS="558"/>
                  <String HEIGHT="110"
                          WIDTH="271"
                          VPOS="1876"
                          HPOS="457"
                          CONTENT="quia"/>
                  <SP HEIGHT="110" WIDTH="34" VPOS="1876" HPOS="728"/>
                  <String HEIGHT="110"
                          WIDTH="204"
                          VPOS="1876"
                          HPOS="626"
                          CONTENT="in"/>
                  <SP HEIGHT="110" WIDTH="34" VPOS="1876" HPOS="830"/>
                  <String HEIGHT="110"
                          WIDTH="238"
                          VPOS="1876"
                          HPOS="728"
                          CONTENT="deo"/>
                  <SP HEIGHT="110" WIDTH="34" VPOS="1876" HPOS="966"/>
                  <String HEIGHT="110"
                          WIDTH="339"
                          VPOS="1876"
                          HPOS="864"
                          CONTENT="unicus"/>
                  <SP HEIGHT="110" WIDTH="34" VPOS="1876" HPOS="1203"/>
                  <String HEIGHT="110"
                          WIDTH="204"
                          VPOS="1876"
                          HPOS="1101"
                          CONTENT="et"/>
                  <SP HEIGHT="110" WIDTH="34" VPOS="1876" HPOS="1305"/>
                  <String HEIGHT="110" WIDTH="68" VPOS="1876" HPOS="1169" CONTENT=""/>
               </TextLine>
               <TextLine ID="r2l21"
                         BASELINE="2067"
                         HEIGHT="124"
                         WIDTH="991"
                         VPOS="1943"
                         HPOS="257">
                  <String HEIGHT="124"
                          WIDTH="321"
                          VPOS="1943"
                          HPOS="228"
                          CONTENT="simplex"/>
                  <SP HEIGHT="124" WIDTH="29" VPOS="1943" HPOS="548"/>
                  <String HEIGHT="124"
                          WIDTH="204"
                          VPOS="1943"
                          HPOS="461"
                          CONTENT="est"/>
                  <SP HEIGHT="124" WIDTH="29" VPOS="1943" HPOS="665"/>
                  <String HEIGHT="124"
                          WIDTH="262"
                          VPOS="1943"
                          HPOS="578"
                          CONTENT="actus"/>
                  <SP HEIGHT="124" WIDTH="29" VPOS="1943" HPOS="840"/>
                  <String HEIGHT="124"
                          WIDTH="437"
                          VPOS="1943"
                          HPOS="753"
                          CONTENT="intellectus"/>
                  <SP HEIGHT="124" WIDTH="29" VPOS="1943" HPOS="1190"/>
                  <String HEIGHT="124"
                          WIDTH="204"
                          VPOS="1943"
                          HPOS="1102"
                          CONTENT="nec"/>
                  <SP HEIGHT="124" WIDTH="29" VPOS="1943" HPOS="1306"/>
                  <String HEIGHT="124" WIDTH="58" VPOS="1943" HPOS="1190" CONTENT=""/>
               </TextLine>
               <TextLine ID="r2l22"
                         BASELINE="2152"
                         HEIGHT="133"
                         WIDTH="970"
                         VPOS="2019"
                         HPOS="269">
                  <String HEIGHT="133"
                          WIDTH="262"
                          VPOS="2019"
                          HPOS="243"
                          CONTENT="potest"/>
                  <SP HEIGHT="133" WIDTH="26" VPOS="2019" HPOS="505"/>
                  <String HEIGHT="133"
                          WIDTH="184"
                          VPOS="2019"
                          HPOS="426"
                          CONTENT="ibi"/>
                  <SP HEIGHT="133" WIDTH="26" VPOS="2019" HPOS="610"/>
                  <String HEIGHT="133"
                          WIDTH="210"
                          VPOS="2019"
                          HPOS="531"
                          CONTENT="esse"/>
                  <SP HEIGHT="133" WIDTH="26" VPOS="2019" HPOS="741"/>
                  <String HEIGHT="133"
                          WIDTH="236"
                          VPOS="2019"
                          HPOS="662"
                          CONTENT="talis"/>
                  <SP HEIGHT="133" WIDTH="26" VPOS="2019" HPOS="898"/>
                  <String HEIGHT="133"
                          WIDTH="341"
                          VPOS="2019"
                          HPOS="820"
                          CONTENT="distantia"/>
                  <SP HEIGHT="133" WIDTH="26" VPOS="2019" HPOS="1160"/>
                  <String HEIGHT="133"
                          WIDTH="184"
                          VPOS="2019"
                          HPOS="1055"
                          CONTENT="obiec"/>
               </TextLine>
               <TextLine ID="r2l23"
                         BASELINE="2221"
                         HEIGHT="122"
                         WIDTH="1016"
                         VPOS="2099"
                         HPOS="244">
                  <String HEIGHT="122"
                          WIDTH="254"
                          VPOS="2099"
                          HPOS="216"
                          CONTENT="talis"/>
                  <SP HEIGHT="122" WIDTH="28" VPOS="2099" HPOS="470"/>
                  <String HEIGHT="122"
                          WIDTH="254"
                          VPOS="2099"
                          HPOS="385"
                          CONTENT="quare"/>
                  <SP HEIGHT="122" WIDTH="28" VPOS="2099" HPOS="639"/>
                  <String HEIGHT="122"
                          WIDTH="452"
                          VPOS="2099"
                          HPOS="554"
                          CONTENT="complacentia"/>
                  <SP HEIGHT="122" WIDTH="28" VPOS="2099" HPOS="1006"/>
                  <String HEIGHT="122"
                          WIDTH="169"
                          VPOS="2099"
                          HPOS="921"
                          CONTENT="in"/>
                  <SP HEIGHT="122" WIDTH="28" VPOS="2099" HPOS="1091"/>
                  <String HEIGHT="122"
                          WIDTH="198"
                          VPOS="2099"
                          HPOS="1006"
                          CONTENT="deo"/>
                  <SP HEIGHT="122" WIDTH="28" VPOS="2099" HPOS="1204"/>
                  <String HEIGHT="122"
                          WIDTH="198"
                          VPOS="2099"
                          HPOS="1119"
                          CONTENT="non"/>
                  <SP HEIGHT="122" WIDTH="28" VPOS="2099" HPOS="1316"/>
                  <String HEIGHT="122" WIDTH="56" VPOS="2099" HPOS="1204" CONTENT=""/>
               </TextLine>
               <TextLine ID="r2l24"
                         BASELINE="2302"
                         HEIGHT="129"
                         WIDTH="1008"
                         VPOS="2173"
                         HPOS="253">
                  <String HEIGHT="129"
                          WIDTH="245"
                          VPOS="2173"
                          HPOS="226"
                          CONTENT="habet"/>
                  <SP HEIGHT="129" WIDTH="27" VPOS="2173" HPOS="471"/>
                  <String HEIGHT="129"
                          WIDTH="245"
                          VPOS="2173"
                          HPOS="389"
                          CONTENT="locum"/>
                  <SP HEIGHT="129" WIDTH="27" VPOS="2173" HPOS="634"/>
                  <String HEIGHT="129"
                          WIDTH="191"
                          VPOS="2173"
                          HPOS="553"
                          CONTENT="per"/>
                  <SP HEIGHT="129" WIDTH="27" VPOS="2173" HPOS="743"/>
                  <String HEIGHT="129"
                          WIDTH="245"
                          VPOS="2173"
                          HPOS="662"
                          CONTENT="istum"/>
                  <SP HEIGHT="129" WIDTH="27" VPOS="2173" HPOS="907"/>
                  <String HEIGHT="129"
                          WIDTH="245"
                          VPOS="2173"
                          HPOS="825"
                          CONTENT="modum"/>
                  <SP HEIGHT="129" WIDTH="27" VPOS="2173" HPOS="1070"/>
                  <String HEIGHT="129"
                          WIDTH="191"
                          VPOS="2173"
                          HPOS="989"
                          CONTENT="sed"/>
                  <SP HEIGHT="129" WIDTH="27" VPOS="2173" HPOS="1179"/>
                  <String HEIGHT="129"
                          WIDTH="218"
                          VPOS="2173"
                          HPOS="1098"
                          CONTENT="tunc"/>
                  <SP HEIGHT="129" WIDTH="27" VPOS="2173" HPOS="1315"/>
                  <String HEIGHT="129" WIDTH="54" VPOS="2173" HPOS="1207" CONTENT=""/>
               </TextLine>
               <TextLine ID="r2l25"
                         BASELINE="2372"
                         HEIGHT="110"
                         WIDTH="1019"
                         VPOS="2262"
                         HPOS="250">
                  <String HEIGHT="110"
                          WIDTH="208"
                          VPOS="2262"
                          HPOS="227"
                          CONTENT="adhuc"/>
                  <SP HEIGHT="110" WIDTH="23" VPOS="2262" HPOS="435"/>
                  <String HEIGHT="110"
                          WIDTH="255"
                          VPOS="2262"
                          HPOS="366"
                          CONTENT="videtur"/>
                  <SP HEIGHT="110" WIDTH="23" VPOS="2262" HPOS="621"/>
                  <String HEIGHT="110"
                          WIDTH="208"
                          VPOS="2262"
                          HPOS="551"
                          CONTENT="stare"/>
                  <SP HEIGHT="110" WIDTH="23" VPOS="2262" HPOS="760"/>
                  <String HEIGHT="110"
                          WIDTH="232"
                          VPOS="2262"
                          HPOS="690"
                          CONTENT="dictum"/>
                  <SP HEIGHT="110" WIDTH="23" VPOS="2262" HPOS="922"/>
                  <String HEIGHT="110"
                          WIDTH="301"
                          VPOS="2262"
                          HPOS="852"
                          CONTENT="augustini"/>
                  <SP HEIGHT="110" WIDTH="23" VPOS="2262" HPOS="1153"/>
                  <String HEIGHT="110"
                          WIDTH="232"
                          VPOS="2262"
                          HPOS="1084"
                          CONTENT="partum"/>
                  <SP HEIGHT="110" WIDTH="23" VPOS="2262" HPOS="1315"/>
                  <String HEIGHT="110" WIDTH="46" VPOS="2262" HPOS="1223" CONTENT=""/>
               </TextLine>
               <TextLine ID="r2l26"
                         BASELINE="2440"
                         HEIGHT="112"
                         WIDTH="950"
                         VPOS="2328"
                         HPOS="263">
                  <String HEIGHT="112"
                          WIDTH="250"
                          VPOS="2328"
                          HPOS="238"
                          CONTENT="mentis"/>
                  <SP HEIGHT="112" WIDTH="25" VPOS="2328" HPOS="488"/>
                  <String HEIGHT="112"
                          WIDTH="175"
                          VPOS="2328"
                          HPOS="413"
                          CONTENT="etc"/>
                  <SP HEIGHT="112" WIDTH="25" VPOS="2328" HPOS="588"/>
                  <String HEIGHT="112"
                          WIDTH="200"
                          VPOS="2328"
                          HPOS="513"
                          CONTENT="dico"/>
                  <SP HEIGHT="112" WIDTH="25" VPOS="2328" HPOS="713"/>
                  <String HEIGHT="112"
                          WIDTH="200"
                          VPOS="2328"
                          HPOS="638"
                          CONTENT="quod"/>
                  <SP HEIGHT="112" WIDTH="25" VPOS="2328" HPOS="838"/>
                  <String HEIGHT="112"
                          WIDTH="300"
                          VPOS="2328"
                          HPOS="763"
                          CONTENT="loquitur"/>
                  <SP HEIGHT="112" WIDTH="25" VPOS="2328" HPOS="1063"/>
                  <String HEIGHT="112"
                          WIDTH="150"
                          VPOS="2328"
                          HPOS="988"
                          CONTENT="de"/>
                  <SP HEIGHT="112" WIDTH="25" VPOS="2328" HPOS="1138"/>
                  <String HEIGHT="112"
                          WIDTH="175"
                          VPOS="2328"
                          HPOS="1038"
                          CONTENT="pertu"/>
               </TextLine>
               <TextLine ID="r2l27"
                         BASELINE="2520"
                         HEIGHT="117"
                         WIDTH="1014"
                         VPOS="2403"
                         HPOS="250">
                  <String HEIGHT="117"
                          WIDTH="267"
                          VPOS="2403"
                          HPOS="223"
                          CONTENT="mentis"/>
                  <SP HEIGHT="117" WIDTH="27" VPOS="2403" HPOS="490"/>
                  <String HEIGHT="117"
                          WIDTH="267"
                          VPOS="2403"
                          HPOS="410"
                          CONTENT="nostre"/>
                  <SP HEIGHT="117" WIDTH="27" VPOS="2403" HPOS="677"/>
                  <String HEIGHT="117"
                          WIDTH="240"
                          VPOS="2403"
                          HPOS="597"
                          CONTENT="sicut"/>
                  <SP HEIGHT="117" WIDTH="27" VPOS="2403" HPOS="837"/>
                  <String HEIGHT="117"
                          WIDTH="240"
                          VPOS="2403"
                          HPOS="757"
                          CONTENT="patet"/>
                  <SP HEIGHT="117" WIDTH="27" VPOS="2403" HPOS="997"/>
                  <String HEIGHT="117"
                          WIDTH="160"
                          VPOS="2403"
                          HPOS="917"
                          CONTENT="ex"/>
                  <SP HEIGHT="117" WIDTH="27" VPOS="2403" HPOS="1077"/>
                  <String HEIGHT="117"
                          WIDTH="240"
                          VPOS="2403"
                          HPOS="997"
                          CONTENT="textu"/>
                  <SP HEIGHT="117" WIDTH="27" VPOS="2403" HPOS="1237"/>
                  <String HEIGHT="117"
                          WIDTH="160"
                          VPOS="2403"
                          HPOS="1157"
                          CONTENT="se"/>
                  <SP HEIGHT="117" WIDTH="27" VPOS="2403" HPOS="1317"/>
                  <String HEIGHT="117" WIDTH="53" VPOS="2403" HPOS="1211" CONTENT=""/>
               </TextLine>
               <TextLine ID="r2l28"
                         BASELINE="2591"
                         HEIGHT="119"
                         WIDTH="997"
                         VPOS="2472"
                         HPOS="248">
                  <String HEIGHT="119"
                          WIDTH="289"
                          VPOS="2472"
                          HPOS="222"
                          CONTENT="cuienti"/>
                  <SP HEIGHT="119" WIDTH="26" VPOS="2472" HPOS="510"/>
                  <String HEIGHT="119" WIDTH="131" VPOS="2472" HPOS="432" CONTENT="¶"/>
                  <SP HEIGHT="119" WIDTH="26" VPOS="2472" HPOS="563"/>
                  <String HEIGHT="119"
                          WIDTH="236"
                          VPOS="2472"
                          HPOS="484"
                          CONTENT="Aliam"/>
                  <SP HEIGHT="119" WIDTH="26" VPOS="2472" HPOS="720"/>
                  <String HEIGHT="119"
                          WIDTH="420"
                          VPOS="2472"
                          HPOS="642"
                          CONTENT="responsionem"/>
                  <SP HEIGHT="119" WIDTH="26" VPOS="2472" HPOS="1061"/>
                  <String HEIGHT="119"
                          WIDTH="315"
                          VPOS="2472"
                          HPOS="983"
                          CONTENT="potensit"/>
                  <SP HEIGHT="119" WIDTH="26" VPOS="2472" HPOS="1297"/>
                  <String HEIGHT="119" WIDTH="52" VPOS="2472" HPOS="1193" CONTENT=""/>
               </TextLine>
               <TextLine ID="r2l29"
                         BASELINE="2666"
                         HEIGHT="112"
                         WIDTH="969"
                         VPOS="2554"
                         HPOS="247">
                  <String HEIGHT="112"
                          WIDTH="424"
                          VPOS="2554"
                          HPOS="217"
                          CONTENT="bonsimlant"/>
                  <SP HEIGHT="112" WIDTH="30" VPOS="2554" HPOS="641"/>
                  <String HEIGHT="112"
                          WIDTH="182"
                          VPOS="2554"
                          HPOS="550"
                          CONTENT="in"/>
                  <SP HEIGHT="112" WIDTH="30" VPOS="2554" HPOS="732"/>
                  <String HEIGHT="112"
                          WIDTH="242"
                          VPOS="2554"
                          HPOS="641"
                          CONTENT="ista"/>
                  <SP HEIGHT="112" WIDTH="30" VPOS="2554" HPOS="883"/>
                  <String HEIGHT="112"
                          WIDTH="485"
                          VPOS="2554"
                          HPOS="792"
                          CONTENT="distinctione"/>
                  <SP HEIGHT="112" WIDTH="30" VPOS="2554" HPOS="1277"/>
                  <String HEIGHT="112" WIDTH="61" VPOS="2554" HPOS="1155" CONTENT=""/>
               </TextLine>
               <TextLine ID="r2l30"
                         BASELINE="2728"
                         HEIGHT="106"
                         WIDTH="960"
                         VPOS="2622"
                         HPOS="253">
                  <String HEIGHT="106"
                          WIDTH="213"
                          VPOS="2622"
                          HPOS="226"
                          CONTENT="quam"/>
                  <SP HEIGHT="106" WIDTH="27" VPOS="2622" HPOS="440"/>
                  <String HEIGHT="106"
                          WIDTH="293"
                          VPOS="2622"
                          HPOS="360"
                          CONTENT="dimitto"/>
                  <SP HEIGHT="106" WIDTH="27" VPOS="2622" HPOS="653"/>
                  <String HEIGHT="106"
                          WIDTH="187"
                          VPOS="2622"
                          HPOS="573"
                          CONTENT="etc"/>
                  <SP HEIGHT="106" WIDTH="27" VPOS="2622" HPOS="760"/>
                  <String HEIGHT="106" WIDTH="133" VPOS="2622" HPOS="680" CONTENT="¶"/>
                  <SP HEIGHT="106" WIDTH="27" VPOS="2622" HPOS="813"/>
                  <String HEIGHT="106"
                          WIDTH="160"
                          VPOS="2622"
                          HPOS="733"
                          CONTENT="2a"/>
                  <SP HEIGHT="106" WIDTH="27" VPOS="2622" HPOS="893"/>
                  <String HEIGHT="106"
                          WIDTH="347"
                          VPOS="2622"
                          HPOS="813"
                          CONTENT="conclusio"/>
                  <SP HEIGHT="106" WIDTH="27" VPOS="2622" HPOS="1160"/>
                  <String HEIGHT="106"
                          WIDTH="187"
                          VPOS="2622"
                          HPOS="1080"
                          CONTENT="non"/>
                  <SP HEIGHT="106" WIDTH="27" VPOS="2622" HPOS="1266"/>
                  <String HEIGHT="106" WIDTH="53" VPOS="2622" HPOS="1160" CONTENT=""/>
               </TextLine>
               <TextLine ID="r2l31"
                         BASELINE="2799"
                         HEIGHT="116"
                         WIDTH="1017"
                         VPOS="2683"
                         HPOS="238">
                  <String HEIGHT="116"
                          WIDTH="269"
                          VPOS="2683"
                          HPOS="208"
                          CONTENT="omnis"/>
                  <SP HEIGHT="116" WIDTH="30" VPOS="2683" HPOS="477"/>
                  <String HEIGHT="116"
                          WIDTH="269"
                          VPOS="2683"
                          HPOS="388"
                          CONTENT="actus"/>
                  <SP HEIGHT="116" WIDTH="30" VPOS="2683" HPOS="657"/>
                  <String HEIGHT="116"
                          WIDTH="299"
                          VPOS="2683"
                          HPOS="567"
                          CONTENT="patris"/>
                  <SP HEIGHT="116" WIDTH="30" VPOS="2683" HPOS="866"/>
                  <String HEIGHT="116"
                          WIDTH="419"
                          VPOS="2683"
                          HPOS="776"
                          CONTENT="aeternalis"/>
                  <SP HEIGHT="116" WIDTH="30" VPOS="2683" HPOS="1195"/>
                  <String HEIGHT="116"
                          WIDTH="209"
                          VPOS="2683"
                          HPOS="1105"
                          CONTENT="est"/>
                  <SP HEIGHT="116" WIDTH="30" VPOS="2683" HPOS="1315"/>
                  <String HEIGHT="116" WIDTH="60" VPOS="2683" HPOS="1195" CONTENT=""/>
               </TextLine>
               <TextLine ID="r2l32"
                         BASELINE="2879"
                         HEIGHT="120"
                         WIDTH="1002"
                         VPOS="2759"
                         HPOS="256">
                  <String HEIGHT="120"
                          WIDTH="258"
                          VPOS="2759"
                          HPOS="227"
                          CONTENT="actus"/>
                  <SP HEIGHT="120" WIDTH="29" VPOS="2759" HPOS="485"/>
                  <String HEIGHT="120"
                          WIDTH="315"
                          VPOS="2759"
                          HPOS="399"
                          CONTENT="notalis"/>
                  <SP HEIGHT="120" WIDTH="29" VPOS="2759" HPOS="714"/>
                  <String HEIGHT="120"
                          WIDTH="344"
                          VPOS="2759"
                          HPOS="628"
                          CONTENT="probatur"/>
                  <SP HEIGHT="120" WIDTH="29" VPOS="2759" HPOS="972"/>
                  <String HEIGHT="120"
                          WIDTH="229"
                          VPOS="2759"
                          HPOS="886"
                          CONTENT="quia"/>
                  <SP HEIGHT="120" WIDTH="29" VPOS="2759" HPOS="1115"/>
                  <String HEIGHT="120"
                          WIDTH="286"
                          VPOS="2759"
                          HPOS="1029"
                          CONTENT="aliter"/>
                  <SP HEIGHT="120" WIDTH="29" VPOS="2759" HPOS="1315"/>
                  <String HEIGHT="120" WIDTH="57" VPOS="2759" HPOS="1201" CONTENT=""/>
               </TextLine>
               <TextLine ID="r2l33"
                         BASELINE="2960"
                         HEIGHT="116"
                         WIDTH="1024"
                         VPOS="2844"
                         HPOS="243">
                  <String HEIGHT="116"
                          WIDTH="323"
                          VPOS="2844"
                          HPOS="216"
                          CONTENT="sequitur"/>
                  <SP HEIGHT="116" WIDTH="27" VPOS="2844" HPOS="539"/>
                  <String HEIGHT="116"
                          WIDTH="216"
                          VPOS="2844"
                          HPOS="459"
                          CONTENT="quod"/>
                  <SP HEIGHT="116" WIDTH="27" VPOS="2844" HPOS="674"/>
                  <String HEIGHT="116"
                          WIDTH="243"
                          VPOS="2844"
                          HPOS="593"
                          CONTENT="actus"/>
                  <SP HEIGHT="116" WIDTH="27" VPOS="2844" HPOS="836"/>
                  <String HEIGHT="116"
                          WIDTH="566"
                          VPOS="2844"
                          HPOS="755"
                          CONTENT="praedestinationis"/>
                  <SP HEIGHT="116" WIDTH="27" VPOS="2844" HPOS="1321"/>
                  <String HEIGHT="116" WIDTH="54" VPOS="2844" HPOS="1213" CONTENT=""/>
               </TextLine>
               <TextLine ID="r2l34"
                         BASELINE="3025"
                         HEIGHT="109"
                         WIDTH="960"
                         VPOS="2916"
                         HPOS="253">
                  <String HEIGHT="109"
                          WIDTH="254"
                          VPOS="2916"
                          HPOS="225"
                          CONTENT="petri"/>
                  <SP HEIGHT="109" WIDTH="28" VPOS="2916" HPOS="479"/>
                  <String HEIGHT="109"
                          WIDTH="254"
                          VPOS="2916"
                          HPOS="394"
                          CONTENT="esset"/>
                  <SP HEIGHT="109" WIDTH="28" VPOS="2916" HPOS="648"/>
                  <String HEIGHT="109"
                          WIDTH="254"
                          VPOS="2916"
                          HPOS="564"
                          CONTENT="actus"/>
                  <SP HEIGHT="109" WIDTH="28" VPOS="2916" HPOS="818"/>
                  <String HEIGHT="109"
                          WIDTH="395"
                          VPOS="2916"
                          HPOS="733"
                          CONTENT="notionalis"/>
                  <SP HEIGHT="109" WIDTH="28" VPOS="2916" HPOS="1128"/>
                  <String HEIGHT="109"
                          WIDTH="226"
                          VPOS="2916"
                          HPOS="1044"
                          CONTENT="quod"/>
                  <SP HEIGHT="109" WIDTH="28" VPOS="2916" HPOS="1269"/>
                  <String HEIGHT="109" WIDTH="56" VPOS="2916" HPOS="1157" CONTENT=""/>
               </TextLine>
               <TextLine ID="r2l35"
                         BASELINE="3098"
                         HEIGHT="111"
                         WIDTH="990"
                         VPOS="2987"
                         HPOS="238">
                  <String HEIGHT="111"
                          WIDTH="275"
                          VPOS="2987"
                          HPOS="211"
                          CONTENT="dicere"/>
                  <SP HEIGHT="111" WIDTH="28" VPOS="2987" HPOS="486"/>
                  <String HEIGHT="111"
                          WIDTH="193"
                          VPOS="2987"
                          HPOS="403"
                          CONTENT="est"/>
                  <SP HEIGHT="111" WIDTH="28" VPOS="2987" HPOS="596"/>
                  <String HEIGHT="111"
                          WIDTH="303"
                          VPOS="2987"
                          HPOS="513"
                          CONTENT="frustra"/>
                  <SP HEIGHT="111" WIDTH="28" VPOS="2987" HPOS="816"/>
                  <String HEIGHT="111"
                          WIDTH="275"
                          VPOS="2987"
                          HPOS="733"
                          CONTENT="dicere"/>
                  <SP HEIGHT="111" WIDTH="28" VPOS="2987" HPOS="1008"/>
                  <String HEIGHT="111"
                          WIDTH="193"
                          VPOS="2987"
                          HPOS="926"
                          CONTENT="nec"/>
                  <SP HEIGHT="111" WIDTH="28" VPOS="2987" HPOS="1118"/>
                  <String HEIGHT="111"
                          WIDTH="248"
                          VPOS="2987"
                          HPOS="1036"
                          CONTENT="verum"/>
                  <SP HEIGHT="111" WIDTH="28" VPOS="2987" HPOS="1283"/>
                  <String HEIGHT="111" WIDTH="55" VPOS="2987" HPOS="1173" CONTENT=""/>
               </TextLine>
               <TextLine ID="r2l36"
                         BASELINE="3147"
                         HEIGHT="95"
                         WIDTH="974"
                         VPOS="3052"
                         HPOS="222">
                  <String HEIGHT="95" WIDTH="132" VPOS="3052" HPOS="196" CONTENT="¶"/>
                  <SP HEIGHT="95" WIDTH="26" VPOS="3052" HPOS="327"/>
                  <String HEIGHT="95"
                          WIDTH="263"
                          VPOS="3052"
                          HPOS="248"
                          CONTENT="primum"/>
                  <SP HEIGHT="95" WIDTH="26" VPOS="3052" HPOS="512"/>
                  <String HEIGHT="95"
                          WIDTH="395"
                          VPOS="3052"
                          HPOS="433"
                          CONTENT="corollarium"/>
                  <SP HEIGHT="95" WIDTH="26" VPOS="3052" HPOS="827"/>
                  <String HEIGHT="95"
                          WIDTH="184"
                          VPOS="3052"
                          HPOS="748"
                          CONTENT="non"/>
                  <SP HEIGHT="95" WIDTH="26" VPOS="3052" HPOS="933"/>
                  <String HEIGHT="95"
                          WIDTH="237"
                          VPOS="3052"
                          HPOS="854"
                          CONTENT="omnis"/>
                  <SP HEIGHT="95" WIDTH="26" VPOS="3052" HPOS="1091"/>
                  <String HEIGHT="95"
                          WIDTH="237"
                          VPOS="3052"
                          HPOS="1012"
                          CONTENT="actus"/>
                  <SP HEIGHT="95" WIDTH="26" VPOS="3052" HPOS="1249"/>
                  <String HEIGHT="95" WIDTH="53" VPOS="3052" HPOS="1143" CONTENT=""/>
               </TextLine>
               <TextLine ID="r2l37"
                         BASELINE="3249"
                         HEIGHT="101"
                         WIDTH="974"
                         VPOS="3148"
                         HPOS="239">
                  <String HEIGHT="101"
                          WIDTH="238"
                          VPOS="3148"
                          HPOS="215"
                          CONTENT="patris"/>
                  <SP HEIGHT="101" WIDTH="24" VPOS="3148" HPOS="453"/>
                  <String HEIGHT="101"
                          WIDTH="285"
                          VPOS="3148"
                          HPOS="382"
                          CONTENT="aeternus"/>
                  <SP HEIGHT="101" WIDTH="24" VPOS="3148" HPOS="667"/>
                  <String HEIGHT="101"
                          WIDTH="166"
                          VPOS="3148"
                          HPOS="595"
                          CONTENT="est"/>
                  <SP HEIGHT="101" WIDTH="24" VPOS="3148" HPOS="762"/>
                  <String HEIGHT="101"
                          WIDTH="285"
                          VPOS="3148"
                          HPOS="690"
                          CONTENT="alicuius"/>
                  <SP HEIGHT="101" WIDTH="24" VPOS="3148" HPOS="975"/>
                  <String HEIGHT="101"
                          WIDTH="285"
                          VPOS="3148"
                          HPOS="904"
                          CONTENT="terminum"/>
                  <SP HEIGHT="101" WIDTH="24" VPOS="3148" HPOS="1189"/>
                  <String HEIGHT="101"
                          WIDTH="119"
                          VPOS="3148"
                          HPOS="1094"
                          CONTENT="pro"/>
               </TextLine>
               <TextLine ID="r2l38"
                         BASELINE="3306"
                         HEIGHT="123"
                         WIDTH="1041"
                         VPOS="3183"
                         HPOS="238">
                  <String HEIGHT="123"
                          WIDTH="305"
                          VPOS="3183"
                          HPOS="213"
                          CONTENT="ductivus"/>
                  <SP HEIGHT="123" WIDTH="25" VPOS="3183" HPOS="517"/>
                  <String HEIGHT="123"
                          WIDTH="305"
                          VPOS="3183"
                          HPOS="441"
                          CONTENT="probatur"/>
                  <SP HEIGHT="123" WIDTH="25" VPOS="3183" HPOS="746"/>
                  <String HEIGHT="123"
                          WIDTH="203"
                          VPOS="3183"
                          HPOS="670"
                          CONTENT="quia"/>
                  <SP HEIGHT="123" WIDTH="25" VPOS="3183" HPOS="873"/>
                  <String HEIGHT="123"
                          WIDTH="254"
                          VPOS="3183"
                          HPOS="797"
                          CONTENT="aliter"/>
                  <SP HEIGHT="123" WIDTH="25" VPOS="3183" HPOS="1050"/>
                  <String HEIGHT="123"
                          WIDTH="355"
                          VPOS="3183"
                          HPOS="974"
                          CONTENT="produceret"/>
                  <SP HEIGHT="123" WIDTH="25" VPOS="3183" HPOS="1330"/>
                  <String HEIGHT="123" WIDTH="51" VPOS="3183" HPOS="1228" CONTENT=""/>
               </TextLine>
               <TextLine ID="r2l39"
                         BASELINE="3398"
                         HEIGHT="107"
                         WIDTH="966"
                         VPOS="3291"
                         HPOS="248">
                  <String HEIGHT="107"
                          WIDTH="331"
                          VPOS="3291"
                          HPOS="220"
                          CONTENT="infinita"/>
                  <SP HEIGHT="107" WIDTH="28" VPOS="3291" HPOS="552"/>
                  <String HEIGHT="107"
                          WIDTH="166"
                          VPOS="3291"
                          HPOS="469"
                          CONTENT="et"/>
                  <SP HEIGHT="107" WIDTH="28" VPOS="3291" HPOS="634"/>
                  <String HEIGHT="107"
                          WIDTH="414"
                          VPOS="3291"
                          HPOS="552"
                          CONTENT="produxisset"/>
                  <SP HEIGHT="107" WIDTH="28" VPOS="3291" HPOS="966"/>
                  <String HEIGHT="107"
                          WIDTH="166"
                          VPOS="3291"
                          HPOS="883"
                          CONTENT="ab"/>
                  <SP HEIGHT="107" WIDTH="28" VPOS="3291" HPOS="1048"/>
                  <String HEIGHT="107"
                          WIDTH="304"
                          VPOS="3291"
                          HPOS="966"
                          CONTENT="aeterno"/>
                  <SP HEIGHT="107" WIDTH="28" VPOS="3291" HPOS="1269"/>
                  <String HEIGHT="107" WIDTH="55" VPOS="3291" HPOS="1159" CONTENT=""/>
               </TextLine>
               <TextLine ID="r2l40"
                         BASELINE="3454"
                         HEIGHT="105"
                         WIDTH="972"
                         VPOS="3349"
                         HPOS="238">
                  <String HEIGHT="105"
                          WIDTH="159"
                          VPOS="3349"
                          HPOS="218"
                          CONTENT="quod"/>
                  <SP HEIGHT="105" WIDTH="20" VPOS="3349" HPOS="377"/>
                  <String HEIGHT="105"
                          WIDTH="139"
                          VPOS="3349"
                          HPOS="317"
                          CONTENT="est"/>
                  <SP HEIGHT="105" WIDTH="20" VPOS="3349" HPOS="456"/>
                  <String HEIGHT="105"
                          WIDTH="198"
                          VPOS="3349"
                          HPOS="397"
                          CONTENT="falsum"/>
                  <SP HEIGHT="105" WIDTH="20" VPOS="3349" HPOS="595"/>
                  <String HEIGHT="105"
                          WIDTH="179"
                          VPOS="3349"
                          HPOS="536"
                          CONTENT="patet"/>
                  <SP HEIGHT="105" WIDTH="20" VPOS="3349" HPOS="714"/>
                  <String HEIGHT="105"
                          WIDTH="317"
                          VPOS="3349"
                          HPOS="655"
                          CONTENT="consequentia"/>
                  <SP HEIGHT="105" WIDTH="20" VPOS="3349" HPOS="972"/>
                  <String HEIGHT="105"
                          WIDTH="139"
                          VPOS="3349"
                          HPOS="912"
                          CONTENT="cum"/>
                  <SP HEIGHT="105" WIDTH="20" VPOS="3349" HPOS="1051"/>
                  <String HEIGHT="105"
                          WIDTH="258"
                          VPOS="3349"
                          HPOS="992"
                          CONTENT="infinitas"/>
                  <SP HEIGHT="105" WIDTH="20" VPOS="3349" HPOS="1250"/>
                  <String HEIGHT="105" WIDTH="40" VPOS="3349" HPOS="1170" CONTENT=""/>
               </TextLine>
               <TextLine ID="r2l41"
                         BASELINE="3509"
                         HEIGHT="105"
                         WIDTH="998"
                         VPOS="3404"
                         HPOS="230">
                  <String HEIGHT="105"
                          WIDTH="579"
                          VPOS="3404"
                          HPOS="198"
                          CONTENT="denominationes"/>
                  <SP HEIGHT="105" WIDTH="32" VPOS="3404" HPOS="777"/>
                  <String HEIGHT="105"
                          WIDTH="354"
                          VPOS="3404"
                          HPOS="681"
                          CONTENT="vitales"/>
                  <SP HEIGHT="105" WIDTH="32" VPOS="3404" HPOS="1035"/>
                  <String HEIGHT="105"
                          WIDTH="354"
                          VPOS="3404"
                          HPOS="938"
                          CONTENT="activas"/>
                  <SP HEIGHT="105" WIDTH="32" VPOS="3404" HPOS="1292"/>
                  <String HEIGHT="105" WIDTH="64" VPOS="3404" HPOS="1164" CONTENT=""/>
               </TextLine>
            </TextBlock>
            <TextBlock ID="r3" HEIGHT="3030" WIDTH="1075" VPOS="457" HPOS="1415">
               <Shape>
                  <Polygon POINTS="1415,457 1415,3487 2490,3487 2490,457"/>
               </Shape>
               <TextLine ID="r3l1"
                         BASELINE="540"
                         HEIGHT="127"
                         WIDTH="1021"
                         VPOS="413"
                         HPOS="1451">
                  <String HEIGHT="127"
                          WIDTH="188"
                          VPOS="413"
                          HPOS="1424"
                          CONTENT="per"/>
                  <SP HEIGHT="127" WIDTH="27" VPOS="413" HPOS="1612"/>
                  <String HEIGHT="127"
                          WIDTH="430"
                          VPOS="413"
                          HPOS="1532"
                          CONTENT="plenitudinem"/>
                  <SP HEIGHT="127" WIDTH="27" VPOS="413" HPOS="1962"/>
                  <String HEIGHT="127"
                          WIDTH="296"
                          VPOS="413"
                          HPOS="1881"
                          CONTENT="unitive"/>
                  <SP HEIGHT="127" WIDTH="27" VPOS="413" HPOS="2176"/>
                  <String HEIGHT="127"
                          WIDTH="430"
                          VPOS="413"
                          HPOS="2096"
                          CONTENT="aeternaliter"/>
                  <SP HEIGHT="127" WIDTH="27" VPOS="413" HPOS="2526"/>
                  <String HEIGHT="127" WIDTH="54" VPOS="413" HPOS="2418" CONTENT=""/>
               </TextLine>
               <TextLine ID="r3l2"
                         BASELINE="582"
                         HEIGHT="87"
                         WIDTH="1036"
                         VPOS="495"
                         HPOS="1460">
                  <String HEIGHT="87"
                          WIDTH="319"
                          VPOS="495"
                          HPOS="1433"
                          CONTENT="includat"/>
                  <SP HEIGHT="87" WIDTH="27" VPOS="495" HPOS="1752"/>
                  <String HEIGHT="87" WIDTH="133" VPOS="495" HPOS="1673" CONTENT="¶"/>
                  <SP HEIGHT="87" WIDTH="27" VPOS="495" HPOS="1805"/>
                  <String HEIGHT="87" WIDTH="159" VPOS="495" HPOS="1726" CONTENT="2m"/>
                  <SP HEIGHT="87" WIDTH="27" VPOS="495" HPOS="1885"/>
                  <String HEIGHT="87"
                          WIDTH="398"
                          VPOS="495"
                          HPOS="1805"
                          CONTENT="corollarium"/>
                  <SP HEIGHT="87" WIDTH="27" VPOS="495" HPOS="2204"/>
                  <String HEIGHT="87"
                          WIDTH="266"
                          VPOS="495"
                          HPOS="2124"
                          CONTENT="nullus"/>
                  <SP HEIGHT="87" WIDTH="27" VPOS="495" HPOS="2390"/>
                  <String HEIGHT="87"
                          WIDTH="239"
                          VPOS="495"
                          HPOS="2310"
                          CONTENT="actus"/>
                  <SP HEIGHT="87" WIDTH="27" VPOS="495" HPOS="2549"/>
                  <String HEIGHT="87" WIDTH="53" VPOS="495" HPOS="2443" CONTENT=""/>
               </TextLine>
               <TextLine ID="r3l3"
                         BASELINE="677"
                         HEIGHT="118"
                         WIDTH="994"
                         VPOS="559"
                         HPOS="1454">
                  <String HEIGHT="118"
                          WIDTH="158"
                          VPOS="559"
                          HPOS="1431"
                          CONTENT="non"/>
                  <SP HEIGHT="118" WIDTH="23" VPOS="559" HPOS="1590"/>
                  <String HEIGHT="118"
                          WIDTH="271"
                          VPOS="559"
                          HPOS="1522"
                          CONTENT="products"/>
                  <SP HEIGHT="118" WIDTH="23" VPOS="559" HPOS="1793"/>
                  <String HEIGHT="118"
                          WIDTH="271"
                          VPOS="559"
                          HPOS="1725"
                          CONTENT="terminum"/>
                  <SP HEIGHT="118" WIDTH="23" VPOS="559" HPOS="1996"/>
                  <String HEIGHT="118"
                          WIDTH="294"
                          VPOS="559"
                          HPOS="1928"
                          CONTENT="divinalis"/>
                  <SP HEIGHT="118" WIDTH="23" VPOS="559" HPOS="2222"/>
                  <String HEIGHT="118"
                          WIDTH="158"
                          VPOS="559"
                          HPOS="2154"
                          CONTENT="est"/>
                  <SP HEIGHT="118" WIDTH="23" VPOS="559" HPOS="2312"/>
                  <String HEIGHT="118"
                          WIDTH="249"
                          VPOS="559"
                          HPOS="2245"
                          CONTENT="proprie"/>
                  <SP HEIGHT="118" WIDTH="23" VPOS="559" HPOS="2493"/>
                  <String HEIGHT="118" WIDTH="45" VPOS="559" HPOS="2403" CONTENT=""/>
               </TextLine>
               <TextLine ID="r3l4"
                         BASELINE="738"
                         HEIGHT="106"
                         WIDTH="1013"
                         VPOS="632"
                         HPOS="1469">
                  <String HEIGHT="106"
                          WIDTH="338"
                          VPOS="632"
                          HPOS="1445"
                          CONTENT="notionalis"/>
                  <SP HEIGHT="106" WIDTH="24" VPOS="632" HPOS="1783"/>
                  <String HEIGHT="106"
                          WIDTH="217"
                          VPOS="632"
                          HPOS="1710"
                          CONTENT="patet"/>
                  <SP HEIGHT="106" WIDTH="24" VPOS="632" HPOS="1927"/>
                  <String HEIGHT="106"
                          WIDTH="169"
                          VPOS="632"
                          HPOS="1855"
                          CONTENT="cum"/>
                  <SP HEIGHT="106" WIDTH="24" VPOS="632" HPOS="2024"/>
                  <String HEIGHT="106"
                          WIDTH="217"
                          VPOS="632"
                          HPOS="1951"
                          CONTENT="omnis"/>
                  <SP HEIGHT="106" WIDTH="24" VPOS="632" HPOS="2168"/>
                  <String HEIGHT="106"
                          WIDTH="289"
                          VPOS="632"
                          HPOS="2096"
                          CONTENT="causalis"/>
                  <SP HEIGHT="106" WIDTH="24" VPOS="632" HPOS="2386"/>
                  <String HEIGHT="106"
                          WIDTH="217"
                          VPOS="632"
                          HPOS="2313"
                          CONTENT="actus"/>
                  <SP HEIGHT="106" WIDTH="24" VPOS="632" HPOS="2530"/>
                  <String HEIGHT="106" WIDTH="48" VPOS="632" HPOS="2434" CONTENT=""/>
               </TextLine>
               <TextLine ID="r3l5"
                         BASELINE="825"
                         HEIGHT="116"
                         WIDTH="1017"
                         VPOS="709"
                         HPOS="1461">
                  <String HEIGHT="116"
                          WIDTH="183"
                          VPOS="709"
                          HPOS="1435"
                          CONTENT="sit"/>
                  <SP HEIGHT="116" WIDTH="26" VPOS="709" HPOS="1617"/>
                  <String HEIGHT="116"
                          WIDTH="261"
                          VPOS="709"
                          HPOS="1539"
                          CONTENT="tribus"/>
                  <SP HEIGHT="116" WIDTH="26" VPOS="709" HPOS="1800"/>
                  <String HEIGHT="116"
                          WIDTH="313"
                          VPOS="709"
                          HPOS="1722"
                          CONTENT="personis"/>
                  <SP HEIGHT="116" WIDTH="26" VPOS="709" HPOS="2035"/>
                  <String HEIGHT="116"
                          WIDTH="313"
                          VPOS="709"
                          HPOS="1956"
                          CONTENT="communis"/>
                  <SP HEIGHT="116" WIDTH="26" VPOS="709" HPOS="2269"/>
                  <String HEIGHT="116"
                          WIDTH="156"
                          VPOS="709"
                          HPOS="2191"
                          CONTENT="et"/>
                  <SP HEIGHT="116" WIDTH="26" VPOS="709" HPOS="2348"/>
                  <String HEIGHT="116"
                          WIDTH="235"
                          VPOS="709"
                          HPOS="2243"
                          CONTENT="ydempti"/>
               </TextLine>
               <TextLine ID="r3l6"
                         BASELINE="904"
                         HEIGHT="123"
                         WIDTH="987"
                         VPOS="781"
                         HPOS="1456">
                  <String HEIGHT="123"
                          WIDTH="173"
                          VPOS="781"
                          HPOS="1431"
                          CONTENT="tus"/>
                  <SP HEIGHT="123" WIDTH="25" VPOS="781" HPOS="1604"/>
                  <String HEIGHT="123" WIDTH="123" VPOS="781" HPOS="1530" CONTENT="¶"/>
                  <SP HEIGHT="123" WIDTH="25" VPOS="781" HPOS="1653"/>
                  <String HEIGHT="123"
                          WIDTH="148"
                          VPOS="781"
                          HPOS="1579"
                          CONTENT="3m"/>
                  <SP HEIGHT="123" WIDTH="25" VPOS="781" HPOS="1727"/>
                  <String HEIGHT="123"
                          WIDTH="370"
                          VPOS="781"
                          HPOS="1653"
                          CONTENT="corollarium"/>
                  <SP HEIGHT="123" WIDTH="25" VPOS="781" HPOS="2024"/>
                  <String HEIGHT="123"
                          WIDTH="197"
                          VPOS="781"
                          HPOS="1950"
                          CONTENT="quod"/>
                  <SP HEIGHT="123" WIDTH="25" VPOS="781" HPOS="2147"/>
                  <String HEIGHT="123"
                          WIDTH="419"
                          VPOS="781"
                          HPOS="2073"
                          CONTENT="inseperabilia"/>
                  <SP HEIGHT="123" WIDTH="25" VPOS="781" HPOS="2492"/>
                  <String HEIGHT="123" WIDTH="49" VPOS="781" HPOS="2394" CONTENT=""/>
               </TextLine>
               <TextLine ID="r3l7"
                         BASELINE="953"
                         HEIGHT="99"
                         WIDTH="999"
                         VPOS="854"
                         HPOS="1458">
                  <String HEIGHT="99"
                          WIDTH="228"
                          VPOS="854"
                          HPOS="1429"
                          CONTENT="sunt"/>
                  <SP HEIGHT="99" WIDTH="29" VPOS="854" HPOS="1658"/>
                  <String HEIGHT="99"
                          WIDTH="257"
                          VPOS="854"
                          HPOS="1572"
                          CONTENT="opera"/>
                  <SP HEIGHT="99" WIDTH="29" VPOS="854" HPOS="1829"/>
                  <String HEIGHT="99"
                          WIDTH="400"
                          VPOS="854"
                          HPOS="1743"
                          CONTENT="trinitatis"/>
                  <SP HEIGHT="99" WIDTH="29" VPOS="854" HPOS="2143"/>
                  <String HEIGHT="99"
                          WIDTH="285"
                          VPOS="854"
                          HPOS="2057"
                          CONTENT="adexra"/>
                  <SP HEIGHT="99" WIDTH="29" VPOS="854" HPOS="2343"/>
                  <String HEIGHT="99"
                          WIDTH="200"
                          VPOS="854"
                          HPOS="2257"
                          CONTENT="tam"/>
                  <SP HEIGHT="99" WIDTH="29" VPOS="854" HPOS="2457"/>
                  <String HEIGHT="99" WIDTH="114" VPOS="854" HPOS="2343" CONTENT="in"/>
               </TextLine>
               <TextLine ID="r3l8"
                         BASELINE="1039"
                         HEIGHT="118"
                         WIDTH="1046"
                         VPOS="921"
                         HPOS="1442">
                  <String HEIGHT="118"
                          WIDTH="275"
                          VPOS="921"
                          HPOS="1414"
                          CONTENT="divisa"/>
                  <SP HEIGHT="118" WIDTH="28" VPOS="921" HPOS="1690"/>
                  <String HEIGHT="118"
                          WIDTH="220"
                          VPOS="921"
                          HPOS="1607"
                          CONTENT="sunt"/>
                  <SP HEIGHT="118" WIDTH="28" VPOS="921" HPOS="1827"/>
                  <String HEIGHT="118"
                          WIDTH="248"
                          VPOS="921"
                          HPOS="1745"
                          CONTENT="opera"/>
                  <SP HEIGHT="118" WIDTH="28" VPOS="921" HPOS="1993"/>
                  <String HEIGHT="118"
                          WIDTH="413"
                          VPOS="921"
                          HPOS="1910"
                          CONTENT="essentialia"/>
                  <SP HEIGHT="118" WIDTH="28" VPOS="921" HPOS="2323"/>
                  <String HEIGHT="118"
                          WIDTH="165"
                          VPOS="921"
                          HPOS="2240"
                          CONTENT="ad"/>
                  <SP HEIGHT="118" WIDTH="28" VPOS="921" HPOS="2405"/>
                  <String HEIGHT="118"
                          WIDTH="193"
                          VPOS="921"
                          HPOS="2295"
                          CONTENT="intra"/>
               </TextLine>
               <TextLine ID="r3l9"
                         BASELINE="1114"
                         HEIGHT="122"
                         WIDTH="979"
                         VPOS="992"
                         HPOS="1442">
                  <String HEIGHT="122"
                          WIDTH="301"
                          VPOS="992"
                          HPOS="1417"
                          CONTENT="probatur"/>
                  <SP HEIGHT="122" WIDTH="25" VPOS="992" HPOS="1718"/>
                  <String HEIGHT="122"
                          WIDTH="201"
                          VPOS="992"
                          HPOS="1643"
                          CONTENT="quam"/>
                  <SP HEIGHT="122" WIDTH="25" VPOS="992" HPOS="1844"/>
                  <String HEIGHT="122"
                          WIDTH="377"
                          VPOS="992"
                          HPOS="1768"
                          CONTENT="inpossibile"/>
                  <SP HEIGHT="122" WIDTH="25" VPOS="992" HPOS="2145"/>
                  <String HEIGHT="122"
                          WIDTH="176"
                          VPOS="992"
                          HPOS="2070"
                          CONTENT="est"/>
                  <SP HEIGHT="122" WIDTH="25" VPOS="992" HPOS="2245"/>
                  <String HEIGHT="122"
                          WIDTH="301"
                          VPOS="992"
                          HPOS="2170"
                          CONTENT="seperare"/>
                  <SP HEIGHT="122" WIDTH="25" VPOS="992" HPOS="2471"/>
                  <String HEIGHT="122" WIDTH="50" VPOS="992" HPOS="2371" CONTENT=""/>
               </TextLine>
               <TextLine ID="r3l10"
                         BASELINE="1173"
                         HEIGHT="105"
                         WIDTH="1003"
                         VPOS="1068"
                         HPOS="1454">
                  <String HEIGHT="105"
                          WIDTH="226"
                          VPOS="1068"
                          HPOS="1429"
                          CONTENT="actus"/>
                  <SP HEIGHT="105" WIDTH="25" VPOS="1068" HPOS="1655"/>
                  <String HEIGHT="105"
                          WIDTH="326"
                          VPOS="1068"
                          HPOS="1579"
                          CONTENT="imperatos"/>
                  <SP HEIGHT="105" WIDTH="25" VPOS="1068" HPOS="1905"/>
                  <String HEIGHT="105"
                          WIDTH="301"
                          VPOS="1068"
                          HPOS="1830"
                          CONTENT="dimiarum"/>
                  <SP HEIGHT="105" WIDTH="25" VPOS="1068" HPOS="2131"/>
                  <String HEIGHT="105"
                          WIDTH="351"
                          VPOS="1068"
                          HPOS="2056"
                          CONTENT="personarum"/>
                  <SP HEIGHT="105" WIDTH="25" VPOS="1068" HPOS="2407"/>
                  <String HEIGHT="105"
                          WIDTH="176"
                          VPOS="1068"
                          HPOS="2332"
                          CONTENT="tam"/>
                  <SP HEIGHT="105" WIDTH="25" VPOS="1068" HPOS="2507"/>
                  <String HEIGHT="105" WIDTH="50" VPOS="1068" HPOS="2407" CONTENT=""/>
               </TextLine>
               <TextLine ID="r3l11"
                         BASELINE="1250"
                         HEIGHT="100"
                         WIDTH="1032"
                         VPOS="1150"
                         HPOS="1453">
                  <String HEIGHT="100"
                          WIDTH="418"
                          VPOS="1150"
                          HPOS="1425"
                          CONTENT="inpossibile"/>
                  <SP HEIGHT="100" WIDTH="28" VPOS="1150" HPOS="1843"/>
                  <String HEIGHT="100"
                          WIDTH="167"
                          VPOS="1150"
                          HPOS="1760"
                          CONTENT="et"/>
                  <SP HEIGHT="100" WIDTH="28" VPOS="1150" HPOS="1927"/>
                  <String HEIGHT="100"
                          WIDTH="223"
                          VPOS="1150"
                          HPOS="1843"
                          CONTENT="plus"/>
                  <SP HEIGHT="100" WIDTH="28" VPOS="1150" HPOS="2067"/>
                  <String HEIGHT="100"
                          WIDTH="195"
                          VPOS="1150"
                          HPOS="1983"
                          CONTENT="est"/>
                  <SP HEIGHT="100" WIDTH="28" VPOS="1150" HPOS="2178"/>
                  <String HEIGHT="100"
                          WIDTH="279"
                          VPOS="1150"
                          HPOS="2095"
                          CONTENT="separe"/>
                  <SP HEIGHT="100" WIDTH="28" VPOS="1150" HPOS="2373"/>
                  <String HEIGHT="100"
                          WIDTH="251"
                          VPOS="1150"
                          HPOS="2290"
                          CONTENT="actus"/>
                  <SP HEIGHT="100" WIDTH="28" VPOS="1150" HPOS="2541"/>
                  <String HEIGHT="100" WIDTH="56" VPOS="1150" HPOS="2429" CONTENT=""/>
               </TextLine>
               <TextLine ID="r3l12"
                         BASELINE="1319"
                         HEIGHT="108"
                         WIDTH="1012"
                         VPOS="1211"
                         HPOS="1453">
                  <String HEIGHT="108"
                          WIDTH="295"
                          VPOS="1211"
                          HPOS="1432"
                          CONTENT="inmanentes"/>
                  <SP HEIGHT="108" WIDTH="21" VPOS="1211" HPOS="1727"/>
                  <String HEIGHT="108"
                          WIDTH="190"
                          VPOS="1211"
                          HPOS="1664"
                          CONTENT="earum"/>
                  <SP HEIGHT="108" WIDTH="21" VPOS="1211" HPOS="1854"/>
                  <String HEIGHT="108"
                          WIDTH="316"
                          VPOS="1211"
                          HPOS="1790"
                          CONTENT="intrinsecos"/>
                  <SP HEIGHT="108" WIDTH="21" VPOS="1211" HPOS="2107"/>
                  <String HEIGHT="108"
                          WIDTH="211"
                          VPOS="1211"
                          HPOS="2043"
                          CONTENT="igitur"/>
                  <SP HEIGHT="108" WIDTH="21" VPOS="1211" HPOS="2254"/>
                  <String HEIGHT="108"
                          WIDTH="316"
                          VPOS="1211"
                          HPOS="2191"
                          CONTENT="corollarium"/>
                  <SP HEIGHT="108" WIDTH="21" VPOS="1211" HPOS="2507"/>
                  <String HEIGHT="108" WIDTH="42" VPOS="1211" HPOS="2423" CONTENT=""/>
               </TextLine>
               <TextLine ID="r3l13"
                         BASELINE="1385"
                         HEIGHT="101"
                         WIDTH="1023"
                         VPOS="1284"
                         HPOS="1438">
                  <String HEIGHT="101"
                          WIDTH="225"
                          VPOS="1284"
                          HPOS="1413"
                          CONTENT="verum"/>
                  <SP HEIGHT="101" WIDTH="25" VPOS="1284" HPOS="1638"/>
                  <String HEIGHT="101"
                          WIDTH="150"
                          VPOS="1284"
                          HPOS="1563"
                          CONTENT="ex"/>
                  <SP HEIGHT="101" WIDTH="25" VPOS="1284" HPOS="1712"/>
                  <String HEIGHT="101"
                          WIDTH="175"
                          VPOS="1284"
                          HPOS="1638"
                          CONTENT="quo"/>
                  <SP HEIGHT="101" WIDTH="25" VPOS="1284" HPOS="1812"/>
                  <String HEIGHT="101"
                          WIDTH="225"
                          VPOS="1284"
                          HPOS="1737"
                          CONTENT="patet"/>
                  <SP HEIGHT="101" WIDTH="25" VPOS="1284" HPOS="1962"/>
                  <String HEIGHT="101"
                          WIDTH="200"
                          VPOS="1284"
                          HPOS="1887"
                          CONTENT="quod"/>
                  <SP HEIGHT="101" WIDTH="25" VPOS="1284" HPOS="2087"/>
                  <String HEIGHT="101"
                          WIDTH="225"
                          VPOS="1284"
                          HPOS="2012"
                          CONTENT="actus"/>
                  <SP HEIGHT="101" WIDTH="25" VPOS="1284" HPOS="2236"/>
                  <String HEIGHT="101"
                          WIDTH="349"
                          VPOS="1284"
                          HPOS="2162"
                          CONTENT="notionalis"/>
                  <SP HEIGHT="101" WIDTH="25" VPOS="1284" HPOS="2511"/>
                  <String HEIGHT="101" WIDTH="50" VPOS="1284" HPOS="2411" CONTENT=""/>
               </TextLine>
               <TextLine ID="r3l14"
                         BASELINE="1447"
                         HEIGHT="93"
                         WIDTH="1027"
                         VPOS="1354"
                         HPOS="1454">
                  <String HEIGHT="93"
                          WIDTH="171"
                          VPOS="1354"
                          HPOS="1430"
                          CONTENT="sit"/>
                  <SP HEIGHT="93" WIDTH="24" VPOS="1354" HPOS="1601"/>
                  <String HEIGHT="93"
                          WIDTH="293"
                          VPOS="1354"
                          HPOS="1527"
                          CONTENT="personae"/>
                  <SP HEIGHT="93" WIDTH="24" VPOS="1354" HPOS="1821"/>
                  <String HEIGHT="93"
                          WIDTH="245"
                          VPOS="1354"
                          HPOS="1747"
                          CONTENT="agenti"/>
                  <SP HEIGHT="93" WIDTH="24" VPOS="1354" HPOS="1992"/>
                  <String HEIGHT="93"
                          WIDTH="367"
                          VPOS="1354"
                          HPOS="1919"
                          CONTENT="intrinsecuo"/>
                  <SP HEIGHT="93" WIDTH="24" VPOS="1354" HPOS="2285"/>
                  <String HEIGHT="93"
                          WIDTH="171"
                          VPOS="1354"
                          HPOS="2212"
                          CONTENT="non"/>
                  <SP HEIGHT="93" WIDTH="24" VPOS="1354" HPOS="2383"/>
                  <String HEIGHT="93"
                          WIDTH="220"
                          VPOS="1354"
                          HPOS="2310"
                          CONTENT="tamen"/>
                  <SP HEIGHT="93" WIDTH="24" VPOS="1354" HPOS="2530"/>
                  <String HEIGHT="93" WIDTH="49" VPOS="1354" HPOS="2432" CONTENT=""/>
               </TextLine>
               <TextLine ID="r3l15"
                         BASELINE="1535"
                         HEIGHT="106"
                         WIDTH="1013"
                         VPOS="1429"
                         HPOS="1439">
                  <String HEIGHT="106"
                          WIDTH="259"
                          VPOS="1429"
                          HPOS="1415"
                          CONTENT="proprie"/>
                  <SP HEIGHT="106" WIDTH="24" VPOS="1429" HPOS="1675"/>
                  <String HEIGHT="106"
                          WIDTH="259"
                          VPOS="1429"
                          HPOS="1604"
                          CONTENT="dicitur"/>
                  <SP HEIGHT="106" WIDTH="24" VPOS="1429" HPOS="1863"/>
                  <String HEIGHT="106"
                          WIDTH="212"
                          VPOS="1429"
                          HPOS="1792"
                          CONTENT="actus"/>
                  <SP HEIGHT="106" WIDTH="24" VPOS="1429" HPOS="2004"/>
                  <String HEIGHT="106"
                          WIDTH="141"
                          VPOS="1429"
                          HPOS="1934"
                          CONTENT="in"/>
                  <SP HEIGHT="106" WIDTH="24" VPOS="1429" HPOS="2075"/>
                  <String HEIGHT="106"
                          WIDTH="236"
                          VPOS="1429"
                          HPOS="2004"
                          CONTENT="manens"/>
                  <SP HEIGHT="106" WIDTH="24" VPOS="1429" HPOS="2240"/>
                  <String HEIGHT="106"
                          WIDTH="165"
                          VPOS="1429"
                          HPOS="2169"
                          CONTENT="vel"/>
                  <SP HEIGHT="106" WIDTH="24" VPOS="1429" HPOS="2334"/>
                  <String HEIGHT="106"
                          WIDTH="236"
                          VPOS="1429"
                          HPOS="2264"
                          CONTENT="primus"/>
                  <SP HEIGHT="106" WIDTH="24" VPOS="1429" HPOS="2499"/>
                  <String HEIGHT="106" WIDTH="47" VPOS="1429" HPOS="2405" CONTENT=""/>
               </TextLine>
               <TextLine ID="r3l16"
                         BASELINE="1601"
                         HEIGHT="114"
                         WIDTH="1009"
                         VPOS="1487"
                         HPOS="1448">
                  <String HEIGHT="114"
                          WIDTH="218"
                          VPOS="1487"
                          HPOS="1421"
                          CONTENT="nolo"/>
                  <SP HEIGHT="114" WIDTH="27" VPOS="1487" HPOS="1639"/>
                  <String HEIGHT="114"
                          WIDTH="245"
                          VPOS="1487"
                          HPOS="1557"
                          CONTENT="tamen"/>
                  <SP HEIGHT="114" WIDTH="27" VPOS="1487" HPOS="1803"/>
                  <String HEIGHT="114"
                          WIDTH="273"
                          VPOS="1487"
                          HPOS="1721"
                          CONTENT="ponere"/>
                  <SP HEIGHT="114" WIDTH="27" VPOS="1487" HPOS="1993"/>
                  <String HEIGHT="114"
                          WIDTH="273"
                          VPOS="1487"
                          HPOS="1912"
                          CONTENT="aliqua"/>
                  <SP HEIGHT="114" WIDTH="27" VPOS="1487" HPOS="2184"/>
                  <String HEIGHT="114"
                          WIDTH="409"
                          VPOS="1487"
                          HPOS="2102"
                          CONTENT="intrinsecam"/>
                  <SP HEIGHT="114" WIDTH="27" VPOS="1487" HPOS="2512"/>
                  <String HEIGHT="114" WIDTH="55" VPOS="1487" HPOS="2402" CONTENT=""/>
               </TextLine>
               <TextLine ID="r3l17"
                         BASELINE="1685"
                         HEIGHT="125"
                         WIDTH="1016"
                         VPOS="1560"
                         HPOS="1438">
                  <String HEIGHT="125"
                          WIDTH="384"
                          VPOS="1560"
                          HPOS="1415"
                          CONTENT="distinctionem"/>
                  <SP HEIGHT="125" WIDTH="23" VPOS="1560" HPOS="1799"/>
                  <String HEIGHT="125"
                          WIDTH="158"
                          VPOS="1560"
                          HPOS="1732"
                          CONTENT="sed"/>
                  <SP HEIGHT="125" WIDTH="23" VPOS="1560" HPOS="1890"/>
                  <String HEIGHT="125"
                          WIDTH="203"
                          VPOS="1560"
                          HPOS="1822"
                          CONTENT="solum"/>
                  <SP HEIGHT="125" WIDTH="23" VPOS="1560" HPOS="2025"/>
                  <String HEIGHT="125"
                          WIDTH="158"
                          VPOS="1560"
                          HPOS="1957"
                          CONTENT="per"/>
                  <SP HEIGHT="125" WIDTH="23" VPOS="1560" HPOS="2115"/>
                  <String HEIGHT="125"
                          WIDTH="316"
                          VPOS="1560"
                          HPOS="2048"
                          CONTENT="extrinseca"/>
                  <SP HEIGHT="125" WIDTH="23" VPOS="1560" HPOS="2364"/>
                  <String HEIGHT="125"
                          WIDTH="135"
                          VPOS="1560"
                          HPOS="2296"
                          CONTENT="de"/>
                  <SP HEIGHT="125" WIDTH="23" VPOS="1560" HPOS="2431"/>
                  <String HEIGHT="125"
                          WIDTH="135"
                          VPOS="1560"
                          HPOS="2364"
                          CONTENT="no"/>
                  <SP HEIGHT="125" WIDTH="23" VPOS="1560" HPOS="2499"/>
                  <String HEIGHT="125" WIDTH="45" VPOS="1560" HPOS="2409" CONTENT=""/>
               </TextLine>
               <TextLine ID="r3l18"
                         BASELINE="1743"
                         HEIGHT="109"
                         WIDTH="1047"
                         VPOS="1634"
                         HPOS="1441">
                  <String HEIGHT="109"
                          WIDTH="396"
                          VPOS="1634"
                          HPOS="1413"
                          CONTENT="minationem"/>
                  <SP HEIGHT="109" WIDTH="28" VPOS="1634" HPOS="1809"/>
                  <String HEIGHT="109"
                          WIDTH="141"
                          VPOS="1634"
                          HPOS="1724"
                          CONTENT="¶"/>
                  <SP HEIGHT="109" WIDTH="28" VPOS="1634" HPOS="1865"/>
                  <String HEIGHT="109"
                          WIDTH="283"
                          VPOS="1634"
                          HPOS="1781"
                          CONTENT="Contra"/>
                  <SP HEIGHT="109" WIDTH="28" VPOS="1634" HPOS="2064"/>
                  <String HEIGHT="109"
                          WIDTH="226"
                          VPOS="1634"
                          HPOS="1979"
                          CONTENT="ista"/>
                  <SP HEIGHT="109" WIDTH="28" VPOS="1634" HPOS="2205"/>
                  <String HEIGHT="109"
                          WIDTH="255"
                          VPOS="1634"
                          HPOS="2120"
                          CONTENT="dicta"/>
                  <SP HEIGHT="109" WIDTH="28" VPOS="1634" HPOS="2375"/>
                  <String HEIGHT="109"
                          WIDTH="255"
                          VPOS="1634"
                          HPOS="2290"
                          CONTENT="arguo"/>
                  <SP HEIGHT="109" WIDTH="28" VPOS="1634" HPOS="2545"/>
                  <String HEIGHT="109" WIDTH="57" VPOS="1634" HPOS="2431" CONTENT=""/>
               </TextLine>
               <TextLine ID="r3l19"
                         BASELINE="1818"
                         HEIGHT="121"
                         WIDTH="981"
                         VPOS="1697"
                         HPOS="1456">
                  <String HEIGHT="121"
                          WIDTH="172"
                          VPOS="1697"
                          HPOS="1431"
                          CONTENT="sic"/>
                  <SP HEIGHT="121" WIDTH="25" VPOS="1697" HPOS="1603"/>
                  <String HEIGHT="121"
                          WIDTH="294"
                          VPOS="1697"
                          HPOS="1530"
                          CONTENT="sequitur"/>
                  <SP HEIGHT="121" WIDTH="25" VPOS="1697" HPOS="1824"/>
                  <String HEIGHT="121"
                          WIDTH="196"
                          VPOS="1697"
                          HPOS="1750"
                          CONTENT="quod"/>
                  <SP HEIGHT="121" WIDTH="25" VPOS="1697" HPOS="1947"/>
                  <String HEIGHT="121"
                          WIDTH="245"
                          VPOS="1697"
                          HPOS="1873"
                          CONTENT="plures"/>
                  <SP HEIGHT="121" WIDTH="25" VPOS="1697" HPOS="2118"/>
                  <String HEIGHT="121"
                          WIDTH="245"
                          VPOS="1697"
                          HPOS="2045"
                          CONTENT="essent"/>
                  <SP HEIGHT="121" WIDTH="25" VPOS="1697" HPOS="2290"/>
                  <String HEIGHT="121"
                          WIDTH="221"
                          VPOS="1697"
                          HPOS="2216"
                          CONTENT="actus"/>
                  <SP HEIGHT="121" WIDTH="25" VPOS="1697" HPOS="2437"/>
                  <String HEIGHT="121"
                          WIDTH="98"
                          VPOS="1697"
                          HPOS="2339"
                          CONTENT="in"/>
               </TextLine>
               <TextLine ID="r3l20"
                         BASELINE="1876"
                         HEIGHT="118"
                         WIDTH="1017"
                         VPOS="1758"
                         HPOS="1425">
                  <String HEIGHT="118"
                          WIDTH="262"
                          VPOS="1758"
                          HPOS="1396"
                          CONTENT="dinis"/>
                  <SP HEIGHT="118" WIDTH="29" VPOS="1758" HPOS="1657"/>
                  <String HEIGHT="118"
                          WIDTH="203"
                          VPOS="1758"
                          HPOS="1570"
                          CONTENT="non"/>
                  <SP HEIGHT="118" WIDTH="29" VPOS="1758" HPOS="1774"/>
                  <String HEIGHT="118"
                          WIDTH="407"
                          VPOS="1758"
                          HPOS="1687"
                          CONTENT="notionales"/>
                  <SP HEIGHT="118" WIDTH="29" VPOS="1758" HPOS="2093"/>
                  <String HEIGHT="118"
                          WIDTH="203"
                          VPOS="1758"
                          HPOS="2006"
                          CONTENT="sed"/>
                  <SP HEIGHT="118" WIDTH="29" VPOS="1758" HPOS="2210"/>
                  <String HEIGHT="118"
                          WIDTH="203"
                          VPOS="1758"
                          HPOS="2122"
                          CONTENT="hoc"/>
                  <SP HEIGHT="118" WIDTH="29" VPOS="1758" HPOS="2326"/>
                  <String HEIGHT="118"
                          WIDTH="262"
                          VPOS="1758"
                          HPOS="2239"
                          CONTENT="videt"/>
                  <SP HEIGHT="118" WIDTH="29" VPOS="1758" HPOS="2500"/>
                  <String HEIGHT="118" WIDTH="58" VPOS="1758" HPOS="2384" CONTENT=""/>
               </TextLine>
               <TextLine ID="r3l21"
                         BASELINE="1947"
                         HEIGHT="94"
                         WIDTH="1031"
                         VPOS="1853"
                         HPOS="1427">
                  <String HEIGHT="94"
                          WIDTH="271"
                          VPOS="1853"
                          HPOS="1400"
                          CONTENT="falsum"/>
                  <SP HEIGHT="94" WIDTH="27" VPOS="1853" HPOS="1671"/>
                  <String HEIGHT="94"
                          WIDTH="217"
                          VPOS="1853"
                          HPOS="1590"
                          CONTENT="quia"/>
                  <SP HEIGHT="94" WIDTH="27" VPOS="1853" HPOS="1807"/>
                  <String HEIGHT="94"
                          WIDTH="326"
                          VPOS="1853"
                          HPOS="1725"
                          CONTENT="quilibet"/>
                  <SP HEIGHT="94" WIDTH="27" VPOS="1853" HPOS="2051"/>
                  <String HEIGHT="94"
                          WIDTH="244"
                          VPOS="1853"
                          HPOS="1970"
                          CONTENT="actus"/>
                  <SP HEIGHT="94" WIDTH="27" VPOS="1853" HPOS="2214"/>
                  <String HEIGHT="94"
                          WIDTH="190"
                          VPOS="1853"
                          HPOS="2132"
                          CONTENT="est"/>
                  <SP HEIGHT="94" WIDTH="27" VPOS="1853" HPOS="2322"/>
                  <String HEIGHT="94"
                          WIDTH="271"
                          VPOS="1853"
                          HPOS="2241"
                          CONTENT="ipseet"/>
                  <SP HEIGHT="94" WIDTH="27" VPOS="1853" HPOS="2512"/>
                  <String HEIGHT="94" WIDTH="54" VPOS="1853" HPOS="2404" CONTENT=""/>
               </TextLine>
               <TextLine ID="r3l22"
                         BASELINE="2026"
                         HEIGHT="103"
                         WIDTH="996"
                         VPOS="1923"
                         HPOS="1433">
                  <String HEIGHT="103"
                          WIDTH="199"
                          VPOS="1923"
                          HPOS="1408"
                          CONTENT="deus"/>
                  <SP HEIGHT="103" WIDTH="25" VPOS="1923" HPOS="1607"/>
                  <String HEIGHT="103"
                          WIDTH="249"
                          VPOS="1923"
                          HPOS="1533"
                          CONTENT="igitur"/>
                  <SP HEIGHT="103" WIDTH="25" VPOS="1923" HPOS="1782"/>
                  <String HEIGHT="103"
                          WIDTH="224"
                          VPOS="1923"
                          HPOS="1707"
                          CONTENT="sicut"/>
                  <SP HEIGHT="103" WIDTH="25" VPOS="1923" HPOS="1931"/>
                  <String HEIGHT="103"
                          WIDTH="174"
                          VPOS="1923"
                          HPOS="1856"
                          CONTENT="non"/>
                  <SP HEIGHT="103" WIDTH="25" VPOS="1923" HPOS="2031"/>
                  <String HEIGHT="103"
                          WIDTH="199"
                          VPOS="1923"
                          HPOS="1956"
                          CONTENT="sunt"/>
                  <SP HEIGHT="103" WIDTH="25" VPOS="1923" HPOS="2155"/>
                  <String HEIGHT="103"
                          WIDTH="249"
                          VPOS="1923"
                          HPOS="2080"
                          CONTENT="plures"/>
                  <SP HEIGHT="103" WIDTH="25" VPOS="1923" HPOS="2329"/>
                  <String HEIGHT="103"
                          WIDTH="224"
                          VPOS="1923"
                          HPOS="2255"
                          CONTENT="diita"/>
                  <SP HEIGHT="103" WIDTH="25" VPOS="1923" HPOS="2479"/>
                  <String HEIGHT="103" WIDTH="50" VPOS="1923" HPOS="2379" CONTENT=""/>
               </TextLine>
               <TextLine ID="r3l23"
                         BASELINE="2092"
                         HEIGHT="105"
                         WIDTH="984"
                         VPOS="1987"
                         HPOS="1426">
                  <String HEIGHT="105"
                          WIDTH="164"
                          VPOS="1987"
                          HPOS="1403"
                          CONTENT="non"/>
                  <SP HEIGHT="105" WIDTH="23" VPOS="1987" HPOS="1567"/>
                  <String HEIGHT="105"
                          WIDTH="234"
                          VPOS="1987"
                          HPOS="1496"
                          CONTENT="essent"/>
                  <SP HEIGHT="105" WIDTH="23" VPOS="1987" HPOS="1731"/>
                  <String HEIGHT="105"
                          WIDTH="211"
                          VPOS="1987"
                          HPOS="1660"
                          CONTENT="actus"/>
                  <SP HEIGHT="105" WIDTH="23" VPOS="1987" HPOS="1871"/>
                  <String HEIGHT="105"
                          WIDTH="211"
                          VPOS="1987"
                          HPOS="1801"
                          CONTENT="multi"/>
                  <SP HEIGHT="105" WIDTH="23" VPOS="1987" HPOS="2012"/>
                  <String HEIGHT="105"
                          WIDTH="375"
                          VPOS="1987"
                          HPOS="1941"
                          CONTENT="consequentia"/>
                  <SP HEIGHT="105" WIDTH="23" VPOS="1987" HPOS="2316"/>
                  <String HEIGHT="105"
                          WIDTH="211"
                          VPOS="1987"
                          HPOS="2246"
                          CONTENT="patet"/>
                  <SP HEIGHT="105" WIDTH="23" VPOS="1987" HPOS="2457"/>
                  <String HEIGHT="105" WIDTH="47" VPOS="1987" HPOS="2363" CONTENT=""/>
               </TextLine>
               <TextLine ID="r3l24"
                         BASELINE="2161"
                         HEIGHT="111"
                         WIDTH="1017"
                         VPOS="2050"
                         HPOS="1438">
                  <String HEIGHT="111"
                          WIDTH="232"
                          VPOS="2050"
                          HPOS="1409"
                          CONTENT="quia"/>
                  <SP HEIGHT="111" WIDTH="29" VPOS="2050" HPOS="1641"/>
                  <String HEIGHT="111"
                          WIDTH="232"
                          VPOS="2050"
                          HPOS="1554"
                          CONTENT="erit"/>
                  <SP HEIGHT="111" WIDTH="29" VPOS="2050" HPOS="1787"/>
                  <String HEIGHT="111"
                          WIDTH="203"
                          VPOS="2050"
                          HPOS="1700"
                          CONTENT="ibi"/>
                  <SP HEIGHT="111" WIDTH="29" VPOS="2050" HPOS="1903"/>
                  <String HEIGHT="111"
                          WIDTH="262"
                          VPOS="2050"
                          HPOS="1816"
                          CONTENT="scire"/>
                  <SP HEIGHT="111" WIDTH="29" VPOS="2050" HPOS="2077"/>
                  <String HEIGHT="111"
                          WIDTH="174"
                          VPOS="2050"
                          HPOS="1990"
                          CONTENT="et"/>
                  <SP HEIGHT="111" WIDTH="29" VPOS="2050" HPOS="2164"/>
                  <String HEIGHT="111"
                          WIDTH="436"
                          VPOS="2050"
                          HPOS="2077"
                          CONTENT="intelligere"/>
                  <SP HEIGHT="111" WIDTH="29" VPOS="2050" HPOS="2513"/>
                  <String HEIGHT="111" WIDTH="58" VPOS="2050" HPOS="2397" CONTENT=""/>
               </TextLine>
               <TextLine ID="r3l25"
                         BASELINE="2218"
                         HEIGHT="91"
                         WIDTH="1034"
                         VPOS="2127"
                         HPOS="1423">
                  <String HEIGHT="91"
                          WIDTH="245"
                          VPOS="2127"
                          HPOS="1396"
                          CONTENT="velle"/>
                  <SP HEIGHT="91" WIDTH="27" VPOS="2127" HPOS="1641"/>
                  <String HEIGHT="91"
                          WIDTH="163"
                          VPOS="2127"
                          HPOS="1559"
                          CONTENT="et"/>
                  <SP HEIGHT="91" WIDTH="27" VPOS="2127" HPOS="1722"/>
                  <String HEIGHT="91"
                          WIDTH="218"
                          VPOS="2127"
                          HPOS="1641"
                          CONTENT="hiis"/>
                  <SP HEIGHT="91" WIDTH="27" VPOS="2127" HPOS="1858"/>
                  <String HEIGHT="91"
                          WIDTH="299"
                          VPOS="2127"
                          HPOS="1777"
                          CONTENT="similia"/>
                  <SP HEIGHT="91" WIDTH="27" VPOS="2127" HPOS="2076"/>
                  <String HEIGHT="91" WIDTH="136" VPOS="2127" HPOS="1994" CONTENT="¶"/>
                  <SP HEIGHT="91" WIDTH="27" VPOS="2127" HPOS="2130"/>
                  <String HEIGHT="91"
                          WIDTH="272"
                          VPOS="2127"
                          HPOS="2049"
                          CONTENT="Contra"/>
                  <SP HEIGHT="91" WIDTH="27" VPOS="2127" HPOS="2321"/>
                  <String HEIGHT="91"
                          WIDTH="272"
                          VPOS="2127"
                          HPOS="2239"
                          CONTENT="primum"/>
                  <SP HEIGHT="91" WIDTH="27" VPOS="2127" HPOS="2511"/>
                  <String HEIGHT="91" WIDTH="54" VPOS="2127" HPOS="2403" CONTENT=""/>
               </TextLine>
               <TextLine ID="r3l26"
                         BASELINE="2308"
                         HEIGHT="115"
                         WIDTH="991"
                         VPOS="2193"
                         HPOS="1439">
                  <String HEIGHT="115"
                          WIDTH="354"
                          VPOS="2193"
                          HPOS="1415"
                          CONTENT="corollarium"/>
                  <SP HEIGHT="115" WIDTH="24" VPOS="2193" HPOS="1769"/>
                  <String HEIGHT="115"
                          WIDTH="142"
                          VPOS="2193"
                          HPOS="1699"
                          CONTENT="ab"/>
                  <SP HEIGHT="115" WIDTH="24" VPOS="2193" HPOS="1840"/>
                  <String HEIGHT="115"
                          WIDTH="212"
                          VPOS="2193"
                          HPOS="1769"
                          CONTENT="actio"/>
                  <SP HEIGHT="115" WIDTH="24" VPOS="2193" HPOS="1982"/>
                  <String HEIGHT="115"
                          WIDTH="142"
                          VPOS="2193"
                          HPOS="1911"
                          CONTENT="ad"/>
                  <SP HEIGHT="115" WIDTH="24" VPOS="2193" HPOS="2052"/>
                  <String HEIGHT="115"
                          WIDTH="283"
                          VPOS="2193"
                          HPOS="1982"
                          CONTENT="passivum"/>
                  <SP HEIGHT="115" WIDTH="24" VPOS="2193" HPOS="2265"/>
                  <String HEIGHT="115"
                          WIDTH="165"
                          VPOS="2193"
                          HPOS="2194"
                          CONTENT="est"/>
                  <SP HEIGHT="115" WIDTH="24" VPOS="2193" HPOS="2359"/>
                  <String HEIGHT="115"
                          WIDTH="189"
                          VPOS="2193"
                          HPOS="2288"
                          CONTENT="bona"/>
                  <SP HEIGHT="115" WIDTH="24" VPOS="2193" HPOS="2477"/>
                  <String HEIGHT="115" WIDTH="47" VPOS="2193" HPOS="2383" CONTENT=""/>
               </TextLine>
               <TextLine ID="r3l27"
                         BASELINE="2379"
                         HEIGHT="122"
                         WIDTH="998"
                         VPOS="2257"
                         HPOS="1433">
                  <String HEIGHT="122"
                          WIDTH="355"
                          VPOS="2257"
                          HPOS="1411"
                          CONTENT="consequentia"/>
                  <SP HEIGHT="122" WIDTH="22" VPOS="2257" HPOS="1766"/>
                  <String HEIGHT="122"
                          WIDTH="222"
                          VPOS="2257"
                          HPOS="1699"
                          CONTENT="igitur"/>
                  <SP HEIGHT="122" WIDTH="22" VPOS="2257" HPOS="1921"/>
                  <String HEIGHT="122"
                          WIDTH="133"
                          VPOS="2257"
                          HPOS="1854"
                          CONTENT="si"/>
                  <SP HEIGHT="122" WIDTH="22" VPOS="2257" HPOS="1987"/>
                  <String HEIGHT="122"
                          WIDTH="177"
                          VPOS="2257"
                          HPOS="1921"
                          CONTENT="deus"/>
                  <SP HEIGHT="122" WIDTH="22" VPOS="2257" HPOS="2098"/>
                  <String HEIGHT="122"
                          WIDTH="133"
                          VPOS="2257"
                          HPOS="2032"
                          CONTENT="at"/>
                  <SP HEIGHT="122" WIDTH="22" VPOS="2257" HPOS="2165"/>
                  <String HEIGHT="122"
                          WIDTH="177"
                          VPOS="2257"
                          HPOS="2098"
                          CONTENT="agit"/>
                  <SP HEIGHT="122" WIDTH="22" VPOS="2257" HPOS="2276"/>
                  <String HEIGHT="122"
                          WIDTH="133"
                          VPOS="2257"
                          HPOS="2209"
                          CONTENT="ad"/>
                  <SP HEIGHT="122" WIDTH="22" VPOS="2257" HPOS="2342"/>
                  <String HEIGHT="122"
                          WIDTH="200"
                          VPOS="2257"
                          HPOS="2276"
                          CONTENT="intra"/>
                  <SP HEIGHT="122" WIDTH="22" VPOS="2257" HPOS="2475"/>
                  <String HEIGHT="122" WIDTH="44" VPOS="2257" HPOS="2387" CONTENT=""/>
               </TextLine>
               <TextLine ID="r3l28"
                         BASELINE="2423"
                         HEIGHT="93"
                         WIDTH="1009"
                         VPOS="2330"
                         HPOS="1430">
                  <String HEIGHT="93"
                          WIDTH="192"
                          VPOS="2330"
                          HPOS="1406"
                          CONTENT="actu"/>
                  <SP HEIGHT="93" WIDTH="24" VPOS="2330" HPOS="1598"/>
                  <String HEIGHT="93"
                          WIDTH="336"
                          VPOS="2330"
                          HPOS="1526"
                          CONTENT="essentiali"/>
                  <SP HEIGHT="93" WIDTH="24" VPOS="2330" HPOS="1862"/>
                  <String HEIGHT="93"
                          WIDTH="240"
                          VPOS="2330"
                          HPOS="1790"
                          CONTENT="igitur"/>
                  <SP HEIGHT="93" WIDTH="24" VPOS="2330" HPOS="2031"/>
                  <String HEIGHT="93"
                          WIDTH="240"
                          VPOS="2330"
                          HPOS="1959"
                          CONTENT="agitur"/>
                  <SP HEIGHT="93" WIDTH="24" VPOS="2330" HPOS="2199"/>
                  <String HEIGHT="93"
                          WIDTH="264"
                          VPOS="2330"
                          HPOS="2127"
                          CONTENT="aliquid"/>
                  <SP HEIGHT="93" WIDTH="24" VPOS="2330" HPOS="2391"/>
                  <String HEIGHT="93"
                          WIDTH="168"
                          VPOS="2330"
                          HPOS="2319"
                          CONTENT="non"/>
                  <SP HEIGHT="93" WIDTH="24" VPOS="2330" HPOS="2487"/>
                  <String HEIGHT="93" WIDTH="48" VPOS="2330" HPOS="2391" CONTENT=""/>
               </TextLine>
               <TextLine ID="r3l29"
                         BASELINE="2507"
                         HEIGHT="112"
                         WIDTH="1036"
                         VPOS="2395"
                         HPOS="1423">
                  <String HEIGHT="112"
                          WIDTH="264"
                          VPOS="2395"
                          HPOS="1403"
                          CONTENT="notiorale"/>
                  <SP HEIGHT="112" WIDTH="20" VPOS="2395" HPOS="1667"/>
                  <String HEIGHT="112"
                          WIDTH="142"
                          VPOS="2395"
                          HPOS="1606"
                          CONTENT="sed"/>
                  <SP HEIGHT="112" WIDTH="20" VPOS="2395" HPOS="1748"/>
                  <String HEIGHT="112"
                          WIDTH="142"
                          VPOS="2395"
                          HPOS="1687"
                          CONTENT="hoc"/>
                  <SP HEIGHT="112" WIDTH="20" VPOS="2395" HPOS="1829"/>
                  <String HEIGHT="112"
                          WIDTH="142"
                          VPOS="2395"
                          HPOS="1768"
                          CONTENT="est"/>
                  <SP HEIGHT="112" WIDTH="20" VPOS="2395" HPOS="1911"/>
                  <String HEIGHT="112"
                          WIDTH="203"
                          VPOS="2395"
                          HPOS="1850"
                          CONTENT="falsum"/>
                  <SP HEIGHT="112" WIDTH="20" VPOS="2395" HPOS="2053"/>
                  <String HEIGHT="112"
                          WIDTH="203"
                          VPOS="2395"
                          HPOS="1992"
                          CONTENT="contra"/>
                  <SP HEIGHT="112" WIDTH="20" VPOS="2395" HPOS="2195"/>
                  <String HEIGHT="112"
                          WIDTH="122"
                          VPOS="2395"
                          HPOS="2134"
                          CONTENT="2m"/>
                  <SP HEIGHT="112" WIDTH="20" VPOS="2395" HPOS="2256"/>
                  <String HEIGHT="112"
                          WIDTH="305"
                          VPOS="2395"
                          HPOS="2195"
                          CONTENT="corollarium"/>
                  <SP HEIGHT="112" WIDTH="20" VPOS="2395" HPOS="2500"/>
                  <String HEIGHT="112" WIDTH="41" VPOS="2395" HPOS="2418" CONTENT=""/>
               </TextLine>
               <TextLine ID="r3l30"
                         BASELINE="2579"
                         HEIGHT="97"
                         WIDTH="1028"
                         VPOS="2482"
                         HPOS="1433">
                  <String HEIGHT="97"
                          WIDTH="206"
                          VPOS="2482"
                          HPOS="1404"
                          CONTENT="nam"/>
                  <SP HEIGHT="97" WIDTH="29" VPOS="2482" HPOS="1609"/>
                  <String HEIGHT="97"
                          WIDTH="352"
                          VPOS="2482"
                          HPOS="1521"
                          CONTENT="eodemmmo"/>
                  <SP HEIGHT="97" WIDTH="29" VPOS="2482" HPOS="1874"/>
                  <String HEIGHT="97"
                          WIDTH="352"
                          VPOS="2482"
                          HPOS="1785"
                          CONTENT="spiritus"/>
                  <SP HEIGHT="97" WIDTH="29" VPOS="2482" HPOS="2138"/>
                  <String HEIGHT="97"
                          WIDTH="323"
                          VPOS="2482"
                          HPOS="2050"
                          CONTENT="sanctus"/>
                  <SP HEIGHT="97" WIDTH="29" VPOS="2482" HPOS="2373"/>
                  <String HEIGHT="97"
                          WIDTH="235"
                          VPOS="2482"
                          HPOS="2285"
                          CONTENT="amat"/>
                  <SP HEIGHT="97" WIDTH="29" VPOS="2482" HPOS="2520"/>
                  <String HEIGHT="97" WIDTH="59" VPOS="2482" HPOS="2402" CONTENT=""/>
               </TextLine>
               <TextLine ID="r3l31"
                         BASELINE="2656"
                         HEIGHT="121"
                         WIDTH="998"
                         VPOS="2535"
                         HPOS="1424">
                  <String HEIGHT="121"
                          WIDTH="143"
                          VPOS="2535"
                          HPOS="1400"
                          CONTENT="se"/>
                  <SP HEIGHT="121" WIDTH="24" VPOS="2535" HPOS="1543"/>
                  <String HEIGHT="121"
                          WIDTH="238"
                          VPOS="2535"
                          HPOS="1472"
                          CONTENT="igitur"/>
                  <SP HEIGHT="121" WIDTH="24" VPOS="2535" HPOS="1709"/>
                  <String HEIGHT="121"
                          WIDTH="214"
                          VPOS="2535"
                          HPOS="1638"
                          CONTENT="pater"/>
                  <SP HEIGHT="121" WIDTH="24" VPOS="2535" HPOS="1852"/>
                  <String HEIGHT="121"
                          WIDTH="143"
                          VPOS="2535"
                          HPOS="1780"
                          CONTENT="et"/>
                  <SP HEIGHT="121" WIDTH="24" VPOS="2535" HPOS="1923"/>
                  <String HEIGHT="121"
                          WIDTH="238"
                          VPOS="2535"
                          HPOS="1852"
                          CONTENT="filius"/>
                  <SP HEIGHT="121" WIDTH="24" VPOS="2535" HPOS="2089"/>
                  <String HEIGHT="121"
                          WIDTH="214"
                          VPOS="2535"
                          HPOS="2018"
                          CONTENT="amant"/>
                  <SP HEIGHT="121" WIDTH="24" VPOS="2535" HPOS="2232"/>
                  <String HEIGHT="121"
                          WIDTH="214"
                          VPOS="2535"
                          HPOS="2161"
                          CONTENT="ipsum"/>
                  <SP HEIGHT="121" WIDTH="24" VPOS="2535" HPOS="2374"/>
                  <String HEIGHT="121"
                          WIDTH="166"
                          VPOS="2535"
                          HPOS="2303"
                          CONTENT="sed"/>
                  <SP HEIGHT="121" WIDTH="24" VPOS="2535" HPOS="2470"/>
                  <String HEIGHT="121" WIDTH="48" VPOS="2535" HPOS="2374" CONTENT=""/>
               </TextLine>
               <TextLine ID="r3l32"
                         BASELINE="2702"
                         HEIGHT="102"
                         WIDTH="1048"
                         VPOS="2600"
                         HPOS="1430">
                  <String HEIGHT="102"
                          WIDTH="210"
                          VPOS="2600"
                          HPOS="1404"
                          CONTENT="ille"/>
                  <SP HEIGHT="102" WIDTH="26" VPOS="2600" HPOS="1613"/>
                  <String HEIGHT="102"
                          WIDTH="236"
                          VPOS="2600"
                          HPOS="1535"
                          CONTENT="actus"/>
                  <SP HEIGHT="102" WIDTH="26" VPOS="2600" HPOS="1771"/>
                  <String HEIGHT="102"
                          WIDTH="262"
                          VPOS="2600"
                          HPOS="1692"
                          CONTENT="amoris"/>
                  <SP HEIGHT="102" WIDTH="26" VPOS="2600" HPOS="1954"/>
                  <String HEIGHT="102"
                          WIDTH="183"
                          VPOS="2600"
                          HPOS="1875"
                          CONTENT="est"/>
                  <SP HEIGHT="102" WIDTH="26" VPOS="2600" HPOS="2059"/>
                  <String HEIGHT="102"
                          WIDTH="157"
                          VPOS="2600"
                          HPOS="1980"
                          CONTENT="in"/>
                  <SP HEIGHT="102" WIDTH="26" VPOS="2600" HPOS="2137"/>
                  <String HEIGHT="102"
                          WIDTH="183"
                          VPOS="2600"
                          HPOS="2059"
                          CONTENT="eis"/>
                  <SP HEIGHT="102" WIDTH="26" VPOS="2600" HPOS="2242"/>
                  <String HEIGHT="102"
                          WIDTH="367"
                          VPOS="2600"
                          HPOS="2164"
                          CONTENT="notionalis"/>
                  <SP HEIGHT="102" WIDTH="26" VPOS="2600" HPOS="2530"/>
                  <String HEIGHT="102" WIDTH="52" VPOS="2600" HPOS="2426" CONTENT=""/>
               </TextLine>
               <TextLine ID="r3l33"
                         BASELINE="2808"
                         HEIGHT="119"
                         WIDTH="1005"
                         VPOS="2689"
                         HPOS="1428">
                  <String HEIGHT="119"
                          WIDTH="234"
                          VPOS="2689"
                          HPOS="1405"
                          CONTENT="igitur"/>
                  <SP HEIGHT="119" WIDTH="23" VPOS="2689" HPOS="1638"/>
                  <String HEIGHT="119"
                          WIDTH="140"
                          VPOS="2689"
                          HPOS="1568"
                          CONTENT="et"/>
                  <SP HEIGHT="119" WIDTH="23" VPOS="2689" HPOS="1708"/>
                  <String HEIGHT="119"
                          WIDTH="140"
                          VPOS="2689"
                          HPOS="1638"
                          CONTENT="in"/>
                  <SP HEIGHT="119" WIDTH="23" VPOS="2689" HPOS="1779"/>
                  <String HEIGHT="119"
                          WIDTH="187"
                          VPOS="2689"
                          HPOS="1708"
                          CONTENT="ipso"/>
                  <SP HEIGHT="119" WIDTH="23" VPOS="2689" HPOS="1895"/>
                  <String HEIGHT="119"
                          WIDTH="210"
                          VPOS="2689"
                          HPOS="1825"
                          CONTENT="maior"/>
                  <SP HEIGHT="119" WIDTH="23" VPOS="2689" HPOS="2036"/>
                  <String HEIGHT="119"
                          WIDTH="280"
                          VPOS="2689"
                          HPOS="1966"
                          CONTENT="probatur"/>
                  <SP HEIGHT="119" WIDTH="23" VPOS="2689" HPOS="2246"/>
                  <String HEIGHT="119"
                          WIDTH="187"
                          VPOS="2689"
                          HPOS="2176"
                          CONTENT="quia"/>
                  <SP HEIGHT="119" WIDTH="23" VPOS="2689" HPOS="2363"/>
                  <String HEIGHT="119"
                          WIDTH="187"
                          VPOS="2689"
                          HPOS="2293"
                          CONTENT="ipse"/>
                  <SP HEIGHT="119" WIDTH="23" VPOS="2689" HPOS="2480"/>
                  <String HEIGHT="119" WIDTH="47" VPOS="2689" HPOS="2386" CONTENT=""/>
               </TextLine>
               <TextLine ID="r3l34"
                         BASELINE="2866"
                         HEIGHT="101"
                         WIDTH="1009"
                         VPOS="2765"
                         HPOS="1421">
                  <String HEIGHT="101"
                          WIDTH="221"
                          VPOS="2765"
                          HPOS="1389"
                          CONTENT="est"/>
                  <SP HEIGHT="101" WIDTH="32" VPOS="2765" HPOS="1610"/>
                  <String HEIGHT="101"
                          WIDTH="252"
                          VPOS="2765"
                          HPOS="1516"
                          CONTENT="amor"/>
                  <SP HEIGHT="101" WIDTH="32" VPOS="2765" HPOS="1768"/>
                  <String HEIGHT="101"
                          WIDTH="221"
                          VPOS="2765"
                          HPOS="1673"
                          CONTENT="sii"/>
                  <SP HEIGHT="101" WIDTH="32" VPOS="2765" HPOS="1894"/>
                  <String HEIGHT="101"
                          WIDTH="315"
                          VPOS="2765"
                          HPOS="1799"
                          CONTENT="ipsius"/>
                  <SP HEIGHT="101" WIDTH="32" VPOS="2765" HPOS="2115"/>
                  <String HEIGHT="101"
                          WIDTH="189"
                          VPOS="2765"
                          HPOS="2020"
                          CONTENT="et"/>
                  <SP HEIGHT="101" WIDTH="32" VPOS="2765" HPOS="2209"/>
                  <String HEIGHT="101"
                          WIDTH="221"
                          VPOS="2765"
                          HPOS="2115"
                          CONTENT="est"/>
                  <SP HEIGHT="101" WIDTH="32" VPOS="2765" HPOS="2335"/>
                  <String HEIGHT="101"
                          WIDTH="252"
                          VPOS="2765"
                          HPOS="2241"
                          CONTENT="amor"/>
                  <SP HEIGHT="101" WIDTH="32" VPOS="2765" HPOS="2493"/>
                  <String HEIGHT="101" WIDTH="63" VPOS="2765" HPOS="2367" CONTENT=""/>
               </TextLine>
               <TextLine ID="r3l35"
                         BASELINE="2942"
                         HEIGHT="110"
                         WIDTH="1033"
                         VPOS="2832"
                         HPOS="1415">
                  <String HEIGHT="110"
                          WIDTH="355"
                          VPOS="2832"
                          HPOS="1383"
                          CONTENT="amborum"/>
                  <SP HEIGHT="110" WIDTH="32" VPOS="2832" HPOS="1738"/>
                  <String HEIGHT="110"
                          WIDTH="323"
                          VPOS="2832"
                          HPOS="1641"
                          CONTENT="duorum"/>
                  <SP HEIGHT="110" WIDTH="32" VPOS="2832" HPOS="1964"/>
                  <String HEIGHT="110"
                          WIDTH="291"
                          VPOS="2832"
                          HPOS="1867"
                          CONTENT="sicut"/>
                  <SP HEIGHT="110" WIDTH="32" VPOS="2832" HPOS="2157"/>
                  <String HEIGHT="110"
                          WIDTH="291"
                          VPOS="2832"
                          HPOS="2061"
                          CONTENT="dicit"/>
                  <SP HEIGHT="110" WIDTH="32" VPOS="2832" HPOS="2351"/>
                  <String HEIGHT="110"
                          WIDTH="226"
                          VPOS="2832"
                          HPOS="2222"
                          CONTENT="infra"/>
               </TextLine>
               <TextLine ID="r3l36"
                         BASELINE="3014"
                         HEIGHT="95"
                         WIDTH="1071"
                         VPOS="2919"
                         HPOS="1408">
                  <String HEIGHT="95"
                          WIDTH="306"
                          VPOS="2919"
                          HPOS="1383"
                          CONTENT="magister"/>
                  <SP HEIGHT="95" WIDTH="26" VPOS="2919" HPOS="1689"/>
                  <String HEIGHT="95"
                          WIDTH="153"
                          VPOS="2919"
                          HPOS="1612"
                          CONTENT="in"/>
                  <SP HEIGHT="95" WIDTH="26" VPOS="2919" HPOS="1765"/>
                  <String HEIGHT="95"
                          WIDTH="204"
                          VPOS="2919"
                          HPOS="1689"
                          CONTENT="isto"/>
                  <SP HEIGHT="95" WIDTH="26" VPOS="2919" HPOS="1893"/>
                  <String HEIGHT="95"
                          WIDTH="230"
                          VPOS="2919"
                          HPOS="1816"
                          CONTENT="primo"/>
                  <SP HEIGHT="95" WIDTH="26" VPOS="2919" HPOS="2046"/>
                  <String HEIGHT="95"
                          WIDTH="153"
                          VPOS="2919"
                          HPOS="1969"
                          CONTENT="et"/>
                  <SP HEIGHT="95" WIDTH="26" VPOS="2919" HPOS="2122"/>
                  <String HEIGHT="95"
                          WIDTH="230"
                          VPOS="2919"
                          HPOS="2046"
                          CONTENT="minor"/>
                  <SP HEIGHT="95" WIDTH="26" VPOS="2919" HPOS="2275"/>
                  <String HEIGHT="95"
                          WIDTH="230"
                          VPOS="2919"
                          HPOS="2199"
                          CONTENT="esset"/>
                  <SP HEIGHT="95" WIDTH="26" VPOS="2919" HPOS="2428"/>
                  <String HEIGHT="95"
                          WIDTH="179"
                          VPOS="2919"
                          HPOS="2352"
                          CONTENT="non"/>
                  <SP HEIGHT="95" WIDTH="26" VPOS="2919" HPOS="2530"/>
                  <String HEIGHT="95" WIDTH="51" VPOS="2919" HPOS="2428" CONTENT=""/>
               </TextLine>
               <TextLine ID="r3l37"
                         BASELINE="3095"
                         HEIGHT="119"
                         WIDTH="1060"
                         VPOS="2976"
                         HPOS="1427">
                  <String HEIGHT="119"
                          WIDTH="125"
                          VPOS="2976"
                          HPOS="1406"
                          CONTENT="2t"/>
                  <SP HEIGHT="119" WIDTH="21" VPOS="2976" HPOS="1531"/>
                  <String HEIGHT="119"
                          WIDTH="145"
                          VPOS="2976"
                          HPOS="1469"
                          CONTENT="etc"/>
                  <SP HEIGHT="119" WIDTH="21" VPOS="2976" HPOS="1614"/>
                  <String HEIGHT="119"
                          WIDTH="104"
                          VPOS="2976"
                          HPOS="1552"
                          CONTENT="¶"/>
                  <SP HEIGHT="119" WIDTH="21" VPOS="2976" HPOS="1656"/>
                  <String HEIGHT="119"
                          WIDTH="208"
                          VPOS="2976"
                          HPOS="1593"
                          CONTENT="Contra"/>
                  <SP HEIGHT="119" WIDTH="21" VPOS="2976" HPOS="1801"/>
                  <String HEIGHT="119"
                          WIDTH="125"
                          VPOS="2976"
                          HPOS="1739"
                          CONTENT="3m"/>
                  <SP HEIGHT="119" WIDTH="21" VPOS="2976" HPOS="1863"/>
                  <String HEIGHT="119"
                          WIDTH="312"
                          VPOS="2976"
                          HPOS="1801"
                          CONTENT="corollarium"/>
                  <SP HEIGHT="119" WIDTH="21" VPOS="2976" HPOS="2113"/>
                  <String HEIGHT="119"
                          WIDTH="125"
                          VPOS="2976"
                          HPOS="2051"
                          CONTENT="si"/>
                  <SP HEIGHT="119" WIDTH="21" VPOS="2976" HPOS="2175"/>
                  <String HEIGHT="119"
                          WIDTH="187"
                          VPOS="2976"
                          HPOS="2113"
                          CONTENT="opera"/>
                  <SP HEIGHT="119" WIDTH="21" VPOS="2976" HPOS="2300"/>
                  <String HEIGHT="119"
                          WIDTH="291"
                          VPOS="2976"
                          HPOS="2238"
                          CONTENT="trinitatis"/>
                  <SP HEIGHT="119" WIDTH="21" VPOS="2976" HPOS="2529"/>
                  <String HEIGHT="119" WIDTH="42" VPOS="2976" HPOS="2445" CONTENT=""/>
               </TextLine>
               <TextLine ID="r3l38"
                         BASELINE="3167"
                         HEIGHT="125"
                         WIDTH="1009"
                         VPOS="3042"
                         HPOS="1412">
                  <String HEIGHT="125"
                          WIDTH="144"
                          VPOS="3042"
                          HPOS="1388"
                          CONTENT="in"/>
                  <SP HEIGHT="125" WIDTH="24" VPOS="3042" HPOS="1532"/>
                  <String HEIGHT="125"
                          WIDTH="264"
                          VPOS="3042"
                          HPOS="1460"
                          CONTENT="manenia"/>
                  <SP HEIGHT="125" WIDTH="24" VPOS="3042" HPOS="1724"/>
                  <String HEIGHT="125"
                          WIDTH="192"
                          VPOS="3042"
                          HPOS="1652"
                          CONTENT="sunt"/>
                  <SP HEIGHT="125" WIDTH="24" VPOS="3042" HPOS="1844"/>
                  <String HEIGHT="125"
                          WIDTH="312"
                          VPOS="3042"
                          HPOS="1772"
                          CONTENT="indiversa"/>
                  <SP HEIGHT="125" WIDTH="24" VPOS="3042" HPOS="2085"/>
                  <String HEIGHT="125"
                          WIDTH="168"
                          VPOS="3042"
                          HPOS="2013"
                          CONTENT="vel"/>
                  <SP HEIGHT="125" WIDTH="24" VPOS="3042" HPOS="2181"/>
                  <String HEIGHT="125"
                          WIDTH="240"
                          VPOS="3042"
                          HPOS="2109"
                          CONTENT="igitur"/>
                  <SP HEIGHT="125" WIDTH="24" VPOS="3042" HPOS="2349"/>
                  <String HEIGHT="125"
                          WIDTH="168"
                          VPOS="3042"
                          HPOS="2253"
                          CONTENT="aeque"/>
               </TextLine>
               <TextLine ID="r3l39"
                         BASELINE="3238"
                         HEIGHT="123"
                         WIDTH="1066"
                         VPOS="3115"
                         HPOS="1418">
                  <String HEIGHT="123"
                          WIDTH="246"
                          VPOS="3115"
                          HPOS="1391"
                          CONTENT="primo"/>
                  <SP HEIGHT="123" WIDTH="27" VPOS="3115" HPOS="1637"/>
                  <String HEIGHT="123"
                          WIDTH="219"
                          VPOS="3115"
                          HPOS="1555"
                          CONTENT="sunt"/>
                  <SP HEIGHT="123" WIDTH="27" VPOS="3115" HPOS="1773"/>
                  <String HEIGHT="123"
                          WIDTH="355"
                          VPOS="3115"
                          HPOS="1691"
                          CONTENT="indiversa"/>
                  <SP HEIGHT="123" WIDTH="27" VPOS="3115" HPOS="2047"/>
                  <String HEIGHT="123"
                          WIDTH="246"
                          VPOS="3115"
                          HPOS="1965"
                          CONTENT="sicut"/>
                  <SP HEIGHT="123" WIDTH="27" VPOS="3115" HPOS="2211"/>
                  <String HEIGHT="123"
                          WIDTH="246"
                          VPOS="3115"
                          HPOS="2129"
                          CONTENT="opera"/>
                  <SP HEIGHT="123" WIDTH="27" VPOS="3115" HPOS="2375"/>
                  <String HEIGHT="123"
                          WIDTH="246"
                          VPOS="3115"
                          HPOS="2293"
                          CONTENT="tensm"/>
                  <SP HEIGHT="123" WIDTH="27" VPOS="3115" HPOS="2539"/>
                  <String HEIGHT="123" WIDTH="55" VPOS="3115" HPOS="2429" CONTENT=""/>
               </TextLine>
               <TextLine ID="r3l40"
                         BASELINE="3312"
                         HEIGHT="112"
                         WIDTH="1054"
                         VPOS="3200"
                         HPOS="1415">
                  <String HEIGHT="112"
                          WIDTH="293"
                          VPOS="3200"
                          HPOS="1386"
                          CONTENT="divisa"/>
                  <SP HEIGHT="112" WIDTH="29" VPOS="3200" HPOS="1679"/>
                  <String HEIGHT="112"
                          WIDTH="176"
                          VPOS="3200"
                          HPOS="1591"
                          CONTENT="et"/>
                  <SP HEIGHT="112" WIDTH="29" VPOS="3200" HPOS="1766"/>
                  <String HEIGHT="112"
                          WIDTH="351"
                          VPOS="3200"
                          HPOS="1679"
                          CONTENT="seperata"/>
                  <SP HEIGHT="112" WIDTH="29" VPOS="3200" HPOS="2030"/>
                  <String HEIGHT="112"
                          WIDTH="205"
                          VPOS="3200"
                          HPOS="1942"
                          CONTENT="vel"/>
                  <SP HEIGHT="112" WIDTH="29" VPOS="3200" HPOS="2147"/>
                  <String HEIGHT="112"
                          WIDTH="205"
                          VPOS="3200"
                          HPOS="2059"
                          CONTENT="non"/>
                  <SP HEIGHT="112" WIDTH="29" VPOS="3200" HPOS="2264"/>
                  <String HEIGHT="112"
                          WIDTH="176"
                          VPOS="3200"
                          HPOS="2176"
                          CONTENT="si"/>
                  <SP HEIGHT="112" WIDTH="29" VPOS="3200" HPOS="2352"/>
                  <String HEIGHT="112"
                          WIDTH="264"
                          VPOS="3200"
                          HPOS="2264"
                          CONTENT="aeque"/>
                  <SP HEIGHT="112" WIDTH="29" VPOS="3200" HPOS="2528"/>
                  <String HEIGHT="112" WIDTH="59" VPOS="3200" HPOS="2410" CONTENT=""/>
               </TextLine>
               <TextLine ID="r3l41"
                         BASELINE="3384"
                         HEIGHT="121"
                         WIDTH="1054"
                         VPOS="3263"
                         HPOS="1421">
                  <String HEIGHT="121"
                          WIDTH="206"
                          VPOS="3263"
                          HPOS="1398"
                          CONTENT="primo"/>
                  <SP HEIGHT="121" WIDTH="23" VPOS="3263" HPOS="1604"/>
                  <String HEIGHT="121"
                          WIDTH="275"
                          VPOS="3263"
                          HPOS="1536"
                          CONTENT="sequitur"/>
                  <SP HEIGHT="121" WIDTH="23" VPOS="3263" HPOS="1811"/>
                  <String HEIGHT="121"
                          WIDTH="183"
                          VPOS="3263"
                          HPOS="1742"
                          CONTENT="quod"/>
                  <SP HEIGHT="121" WIDTH="23" VPOS="3263" HPOS="1925"/>
                  <String HEIGHT="121"
                          WIDTH="275"
                          VPOS="3263"
                          HPOS="1856"
                          CONTENT="spiritus"/>
                  <SP HEIGHT="121" WIDTH="23" VPOS="3263" HPOS="2131"/>
                  <String HEIGHT="121"
                          WIDTH="252"
                          VPOS="3263"
                          HPOS="2063"
                          CONTENT="sanctus"/>
                  <SP HEIGHT="121" WIDTH="23" VPOS="3263" HPOS="2315"/>
                  <String HEIGHT="121"
                          WIDTH="160"
                          VPOS="3263"
                          HPOS="2246"
                          CONTENT="ita"/>
                  <SP HEIGHT="121" WIDTH="23" VPOS="3263" HPOS="2406"/>
                  <String HEIGHT="121"
                          WIDTH="183"
                          VPOS="3263"
                          HPOS="2338"
                          CONTENT="bene"/>
                  <SP HEIGHT="121" WIDTH="23" VPOS="3263" HPOS="2521"/>
                  <String HEIGHT="121" WIDTH="46" VPOS="3263" HPOS="2429" CONTENT=""/>
               </TextLine>
               <TextLine ID="r3l42"
                         BASELINE="3427"
                         HEIGHT="91"
                         WIDTH="1049"
                         VPOS="3336"
                         HPOS="1409">
                  <String HEIGHT="91"
                          WIDTH="242"
                          VPOS="3336"
                          HPOS="1382"
                          CONTENT="dicat"/>
                  <SP HEIGHT="91" WIDTH="27" VPOS="3336" HPOS="1624"/>
                  <String HEIGHT="91"
                          WIDTH="269"
                          VPOS="3336"
                          HPOS="1543"
                          CONTENT="filium"/>
                  <SP HEIGHT="91" WIDTH="27" VPOS="3336" HPOS="1812"/>
                  <String HEIGHT="91"
                          WIDTH="242"
                          VPOS="3336"
                          HPOS="1732"
                          CONTENT="sicut"/>
                  <SP HEIGHT="91" WIDTH="27" VPOS="3336" HPOS="1974"/>
                  <String HEIGHT="91"
                          WIDTH="269"
                          VPOS="3336"
                          HPOS="1893"
                          CONTENT="filium"/>
                  <SP HEIGHT="91" WIDTH="27" VPOS="3336" HPOS="2162"/>
                  <String HEIGHT="91"
                          WIDTH="242"
                          VPOS="3336"
                          HPOS="2081"
                          CONTENT="pater"/>
                  <SP HEIGHT="91" WIDTH="27" VPOS="3336" HPOS="2324"/>
                  <String HEIGHT="91"
                          WIDTH="161"
                          VPOS="3336"
                          HPOS="2243"
                          CONTENT="si"/>
                  <SP HEIGHT="91" WIDTH="27" VPOS="3336" HPOS="2404"/>
                  <String HEIGHT="91"
                          WIDTH="188"
                          VPOS="3336"
                          HPOS="2324"
                          CONTENT="non"/>
                  <SP HEIGHT="91" WIDTH="27" VPOS="3336" HPOS="2512"/>
                  <String HEIGHT="91" WIDTH="54" VPOS="3336" HPOS="2404" CONTENT=""/>
               </TextLine>
               <TextLine ID="r3l43"
                         BASELINE="3495"
                         HEIGHT="80"
                         WIDTH="1074"
                         VPOS="3415"
                         HPOS="1417">
                  <String HEIGHT="80"
                          WIDTH="215"
                          VPOS="3415"
                          HPOS="1393"
                          CONTENT="aeque"/>
                  <SP HEIGHT="80" WIDTH="24" VPOS="3415" HPOS="1608"/>
                  <String HEIGHT="80"
                          WIDTH="215"
                          VPOS="3415"
                          HPOS="1536"
                          CONTENT="primo"/>
                  <SP HEIGHT="80" WIDTH="24" VPOS="3415" HPOS="1751"/>
                  <String HEIGHT="80"
                          WIDTH="239"
                          VPOS="3415"
                          HPOS="1680"
                          CONTENT="igitur"/>
                  <SP HEIGHT="80" WIDTH="24" VPOS="3415" HPOS="1918"/>
                  <String HEIGHT="80"
                          WIDTH="310"
                          VPOS="3415"
                          HPOS="1847"
                          CONTENT="prioritas"/>
                  <SP HEIGHT="80" WIDTH="24" VPOS="3415" HPOS="2157"/>
                  <String HEIGHT="80"
                          WIDTH="191"
                          VPOS="3415"
                          HPOS="2085"
                          CONTENT="erit"/>
                  <SP HEIGHT="80" WIDTH="24" VPOS="3415" HPOS="2276"/>
                  <String HEIGHT="80"
                          WIDTH="143"
                          VPOS="3415"
                          HPOS="2205"
                          CONTENT="in"/>
                  <SP HEIGHT="80" WIDTH="24" VPOS="3415" HPOS="2348"/>
                  <String HEIGHT="80"
                          WIDTH="263"
                          VPOS="3415"
                          HPOS="2276"
                          CONTENT="divinis"/>
                  <SP HEIGHT="80" WIDTH="24" VPOS="3415" HPOS="2539"/>
                  <String HEIGHT="80" WIDTH="48" VPOS="3415" HPOS="2443" CONTENT=""/>
               </TextLine>
            </TextBlock>
         </PrintSpace>
      </Page>
   </Layout>
</alto>
