2964 4271
497 387 148 181 et
571 387 173 181 sic
670 387 198 181 erit
794 387 346 181 sunccessio
1066 387 223 181 danda
1214 387 247 181 contra
1363 387 148 181 prae

496 510 175 118 dicta
612 510 117 118 in
671 510 292 118 distinction
905 510 97 118 4
944 510 117 118 et
1002 510 214 118 habetur
1158 510 156 118 plus
1255 510 273 118 distinctio
1450 510 78 118 in

499 587 176 127 fra
600 587 252 127 contra
776 587 126 127 ¶
826 587 151 127 ad
902 587 202 127 ista
1028 587 328 127 respondeo
1280 587 151 127 et
1356 587 202 127 quia

499 661 439 122 difficilia
844 661 251 122 sunt
1001 661 408 122 appodiabo
1314 661 188 122 me
1409 661 188 122 ad

504 738 189 110 dicta
630 738 252 110 doctorum
819 738 168 110 unde
924 738 294 110 venerabile
1154 738 252 110 anselmum
1343 738 231 110 modoium

505 797 163 131 62
586 797 327 131 capitulo
831 797 245 131 usque
995 797 163 131 ad
1076 797 136 131 6
1131 797 136 131 5
1185 797 218 131 haec
1321 797 245 131 plane

496 888 306 117 tractat
719 888 167 117 et
803 888 279 117 solvit
998 888 223 117 unde
1137 888 167 117 in
1221 888 362 117 principio

496 953 166 125 ¶2
579 953 249 125 dubii
745 953 277 125 inesse
939 953 194 125 non
1050 953 249 125 debet
1216 953 221 125 quod
1354 953 249 125 pater

496 1022 153 132 et
573 1022 256 132 filius
752 1022 153 132 et
829 1022 230 132 eorum
982 1022 384 132 unusquisque
1289 1022 153 132 se
1366 1022 230 132 ipsum

487 1085 184 126 et
579 1085 276 126 alios
764 1085 276 126 ambos
948 1085 276 126 dicit
1132 1085 184 126 se
1224 1085 184 126 et
1316 1085 276 126 alios

501 1169 398 125 intelligit
813 1169 227 125 quod
955 1169 171 125 si
1041 1169 199 125 ita
1154 1169 313 125 quomodo
1382 1169 199 125 non

509 1232 187 120 sunt
625 1232 140 120 in
695 1232 210 120 summa
836 1232 280 120 essentia
1046 1232 163 120 tot
1139 1232 210 120 verba
1279 1232 187 120 quod
1396 1232 187 120 sunt

491 1302 331 131 dicentes
740 1302 165 131 et
822 1302 221 131 quod
960 1302 193 131 qui
1070 1302 331 131 dicuntur
1318 1302 165 131 Et
1401 1302 193 131 sub

503 1369 170 133 dit
600 1369 219 133 infra
746 1369 146 133 63
819 1369 292 133 capitulo
1038 1369 292 133 singulis
1257 1369 219 133 eorum
1402 1369 170 133 est

489 1422 295 158 sciens
695 1422 177 158 et
783 1422 442 158 intelligens
1137 1422 206 158 ita
1255 1422 354 158 singulus

510 1514 308 145 quisque
734 1514 280 145 dicens
930 1514 196 145 nec
1042 1514 252 145 tamen
1210 1514 252 145 simul
1378 1514 224 145 tres

484 1590 380 125 diceites
769 1590 222 125 sed
896 1590 253 125 unus
1054 1590 285 125 solus
1244 1590 316 125 dicens

504 1671 190 120 hic
612 1671 244 120 illud
775 1671 271 120 quoque
965 1671 325 120 cognosci
1209 1671 271 120 potest
1398 1671 217 120 quia

506 1742 206 137 tamen
644 1742 160 137 hii
735 1742 183 137 tres
850 1742 275 137 dicuntur
1056 1742 160 137 vel
1148 1742 115 137 a
1193 1742 137 137 se
1262 1742 206 137 ipsis
1400 1742 160 137 vel
1468 1742 69 137 a

510 1798 150 153 se
585 1798 150 153 in
660 1798 226 153 vicem
811 1798 176 153 non
911 1798 201 153 sunt
1037 1798 226 153 plura
1187 1798 201 153 quae
1312 1798 276 153 dicutur

505 1874 225 172 quid
646 1874 281 172 namque
843 1874 197 172 ibi
955 1874 310 172 dicitur
1180 1874 225 172 nisi
1321 1874 253 172 eorum

510 1948 289 167 essentia
727 1948 145 167 si
799 1948 241 167 igitur
968 1948 193 167 illa
1088 1948 169 167 una
1185 1948 193 167 sola
1305 1948 169 167 est
1401 1948 193 167 unum

514 2017 200 173 solum
647 2017 155 173 est
736 2017 178 173 quod
847 2017 244 173 dicitur
1025 2017 222 173 igitur
1180 2017 133 173 si
1247 2017 178 173 unum
1358 2017 155 173 est
1424 2017 89 173 in

522 2108 232 151 illis
677 2108 206 151 quod
805 2108 232 151 dicit
960 2108 154 151 et
1037 2108 206 151 unum
1166 2108 206 151 quod
1294 2108 283 151 dicitur

511 2163 162 173 una
603 2163 277 173 quappsie
811 2163 277 173 essentia
1018 2163 185 173 quae
1134 2163 138 173 in
1203 2163 208 173 illis
1342 2163 208 173 dicit

514 2250 124 146 et
576 2250 145 146 una
659 2250 290 146 substantia
887 2250 166 146 quae
991 2250 228 146 dicitur
1157 2250 311 146 consequitur
1405 2250 145 146 non

503 2326 207 163 ibi
622 2326 237 163 esse
770 2326 266 163 plura
947 2326 266 163 verba
1125 2326 207 163 sed
1243 2326 237 163 unim
1361 2326 178 163 dedu

507 2414 154 143 cit
595 2414 154 143 hoc
683 2414 198 143 usque
815 2414 132 143 ad
881 2414 110 143 6
924 2414 110 143 5
968 2414 264 143 capitulm
1166 2414 110 143 ¶

493 2503 261 117 doctor
676 2503 287 117 sollemp
885 2503 235 117 parte
1042 2503 235 117 prima
1198 2503 314 117 articulo
1433 2503 157 117 39

507 2564 342 137 quaestione
775 2564 122 137 8
824 2564 171 137 ubi
922 2564 269 137 quaerit
1118 2564 220 137 utrum
1264 2564 147 137 in
1337 2564 171 137 deo
1435 2564 147 137 si

505 2628 322 148 aliqua
730 2628 290 148 actio
924 2628 322 148 manens
1149 2628 290 148 inter
1343 2628 226 148 non

513 2700 294 147 terminata
739 2700 136 147 ad
807 2700 203 147 extra
943 2700 158 147 ubi
1033 2700 203 147 ponit
1169 2700 362 147 differentiam

493 2779 225 133 inter
643 2779 301 133 motionem
869 2779 351 133 mutationem
1144 2779 301 133 factonem
1345 2779 100 133 pI

506 2820 307 177 ductionem
742 2820 283 177 actionem
954 2820 354 177 operationem
1237 2820 141 177 Et
1285 2820 259 177 respondet

501 2914 125 162 ad
564 2914 293 162 qunclusoem
794 2914 188 162 dicit
919 2914 188 162 actio
1045 2914 167 162 quae
1149 2914 146 162 est
1233 2914 125 162 2m
1296 2914 251 162 propriam

520 2996 278 150 rationem
728 2996 301 150 opinionis
960 2996 301 150 operatios
1192 2996 139 150 et
1239 2996 301 150 commnissima

501 3072 346 150 rationem
761 3072 346 150 actionis
1021 3072 375 150 consistit
1309 3072 173 150 in
1367 3072 173 150 acci

508 3140 235 136 onibus
672 3140 400 136 essentialibus
1001 3140 329 136 personarum
1260 3140 188 136 quae
1377 3140 188 136 sunt

492 3233 251 123 velle
659 3233 167 123 et
743 3233 418 123 intelligere
1077 3233 167 123 Ad
1160 3233 223 123 idem
1299 3233 195 123 est
1383 3233 139 123 pro

516 3302 217 141 cessus
668 3302 174 141 suus
777 3302 261 141 articulo
973 3302 130 141 40
1038 3302 304 141 quaestione
1277 3302 130 141 7a
1342 3302 152 141 qua
1407 3302 109 141 qua

507 3369 187 122 rit
614 3369 241 122 utrum
775 3369 401 122 intelligere
1096 3369 187 122 dei
1203 3369 214 122 quod
1336 3369 187 122 non

510 3424 191 167 est
619 3424 246 167 ninsi
783 3424 301 167 entiale
1002 3424 465 167 correspondeat
1385 3424 164 167 in

1679 419 170 125 deo
1776 419 268 125 aliquod
1971 419 243 125 verbum
2141 419 341 125 essentiale
2409 419 146 125 et
2482 419 292 125 ostendit

1683 502 318 130 diffinitione
1942 502 159 130 quod
2041 502 139 130 non
2121 502 119 130 ad
2181 502 259 130 argumenta
2380 502 179 130 satis
2499 502 179 130 patet
2618 502 119 130 ex

1671 568 254 127 dictus
1848 568 178 127 nec
1950 568 254 127 aliter
2128 568 178 127 pro
2230 568 203 127 nunc
2357 568 330 127 respondeo
2611 568 203 127 quia

1683 641 250 127 visis
1850 641 250 127 horum
2017 641 334 127 doctorum
2267 641 278 127 dictis
2462 641 306 127 nullius

1677 708 202 134 sunt
1803 708 278 134 valoris
2005 708 126 134 ¶
2055 708 177 134 pro
2156 708 328 134 solutione
2409 708 227 134 tamen
2560 708 227 134 eorum

1682 788 192 130 est
1791 788 247 130 etiam
1956 788 330 130 notandum
2203 788 247 130 illud
2368 788 220 130 quod
2505 788 275 130 accuis

1688 847 218 140 auiter
1841 847 240 140 sanctus
2015 847 218 140 thomas
2168 847 305 140 quaestione
2407 847 109 140 4
2451 847 131 140 de
2516 847 261 140 veritate

1686 935 312 122 articulo
1920 935 156 122 2o
1998 935 260 122 dicens
2180 935 156 122 in
2258 935 286 122 divinis
2466 935 338 122 invenimus

1661 1007 359 108 quaedam
1923 1007 261 108 quae
2086 1007 392 108 originem
2380 1007 196 108 in
2478 1007 294 108 prior

1670 1056 215 130 tant
1805 1056 188 130 non
1912 1056 161 130 2m
1993 1056 188 130 rem
2100 1056 188 130 sed
2208 1056 161 130 2m
2289 1056 323 130 rationem
2531 1056 269 130 tantum

1679 1130 228 129 sicut
1831 1130 177 129 hoc
1932 1130 177 129 non
2033 1130 304 129 operatio
2261 1130 203 129 quae
2388 1130 203 129 pero
2515 1130 304 129 culdubio

1675 1190 325 156 inpartat
1919 1190 298 156 aliquod
2135 1190 352 156 procedens
2406 1190 162 156 ab
2487 1190 298 156 operate

1678 1276 149 147 et
1753 1276 224 147 tamen
1902 1276 224 147 illae
2051 1276 323 147 processus
2299 1276 174 147 non
2399 1276 174 147 est
2498 1276 199 147 nisi
2623 1276 149 147 2m

1684 1361 298 99 rationem
1908 1361 248 99 tantum
2081 1361 199 99 unde
2206 1361 199 99 opus
2330 1361 149 99 in
2404 1361 273 99 divinis
2603 1361 174 99 non

1663 1422 388 136 personaliter
1978 1422 170 136 sed
2075 1422 412 136 essentialiter
2415 1422 218 136 datur
2560 1422 194 136 quia

1684 1482 132 146 in
1750 1482 154 146 deo
1838 1482 154 146 non
1926 1482 242 146 differt
2102 1482 264 146 essentia
2300 1482 220 146 virtus
2454 1482 132 146 et
2520 1482 264 146 operatio

1667 1567 115 137 ¶
1713 1567 138 137 3a
1782 1567 300 137 conclusio
2013 1567 253 137 quamvis
2197 1567 253 137 memoria
2381 1567 253 137 paterna
2543 1567 184 137 compla

1680 1638 183 128 centr
1802 1638 142 128 sit
1883 1638 224 128 secunda
2045 1638 122 128 ex
2106 1638 284 128 intrinseca
2330 1638 203 128 divina
2472 1638 203 128 natura
2614 1638 142 128 non

1670 1702 182 130 tamen
1791 1702 222 130 proprie
1952 1702 141 130 sed
2033 1702 262 130 inproprie
2235 1702 121 130 ad
2295 1702 323 130 generationem
2558 1702 141 130 est
2618 1702 81 130 de

1654 1788 306 123 terminata
1890 1788 212 123 prima
2032 1788 189 123 pars
2149 1788 212 123 patet
2291 1788 141 123 ex
2361 1788 212 123 prima
2503 1788 259 123 ratione

1662 1868 374 129 principali
1956 1868 160 129 2a
2036 1868 160 129 ex
2116 1868 160 129 3a
2197 1868 294 129 ratione
2410 1868 374 129 principali

1654 1933 180 138 igitur
1780 1933 234 138 conclusio
1961 1933 144 138 vera
2051 1933 90 138 ¶
2087 1933 180 138 primum
2213 1933 271 138 corollarium
2429 1933 126 138 tam
2502 1933 271 138 inpossibile

1655 2006 203 127 est
1771 2006 291 127 patrem
1975 2006 232 127 suum
2120 2006 494 127 incommutabile
2527 2006 262 127 verbu

1665 2082 168 129 non
1761 2082 192 129 sibi
1881 2082 264 129 aequale
2073 2082 312 129 procedere
2313 2082 192 129 quam
2433 2082 360 129 inpossibile

1652 2148 191 131 est
1761 2148 245 131 ipsum
1924 2148 191 131 non
2034 2148 245 131 plena
2197 2148 327 131 beatifie
2443 2148 300 131 gaudere

1650 2231 302 116 probatur
1876 2231 201 116 quia
2002 2231 327 116 prolacent
2254 2231 302 116 producit
2481 2231 252 116 igitur

1657 2299 226 147 tantum
1816 2299 294 147 conplacet
2042 2299 136 147 in
2110 2299 204 147 verbo
2246 2299 249 147 quantum
2427 2299 136 147 in
2495 2299 136 147 se
2563 2299 181 147 ipso

1644 2378 230 124 unde
1788 2378 173 124 in
1875 2378 144 124 o
1932 2378 346 124 notanter
2192 2378 202 124 non
2307 2378 259 124 dixit
2480 2378 202 124 quo
2566 2378 144 124 con

1648 2450 383 130 placiunt
1935 2450 223 130 sed
2063 2450 191 130 in
2158 2450 223 130 quo
2286 2450 287 130 michi
2445 2450 255 130 conpla

1645 2517 174 122 tum
1744 2517 124 122 ¶
1794 2517 149 122 2m
1868 2517 372 122 corollarium
2166 2517 223 122 prima
2314 2517 322 122 productio
2562 2517 198 122 sine

1643 2590 340 147 productiva
1910 2590 219 147 actio
2056 2590 365 147 simpliciter
2348 2590 170 147 est
2445 2590 292 147 adaequam

1648 2671 144 123 ta
1720 2671 289 123 immensae
1937 2671 481 123 proportionaliter
2345 2671 216 123 patet
2490 2671 192 123 quia
2610 2671 144 123 si

1626 2740 226 123 lius
1767 2740 198 123 est
1880 2740 339 123 splendor
2135 2740 283 123 glssae
2332 2740 339 123 paternae
2587 2740 170 123 et

1642 2812 269 128 figatur
1837 2812 366 128 substantiae
2130 2812 195 128 eius
2252 2812 146 128 ad
2325 2812 244 128 haebre
2496 2812 220 128 primo

1647 2881 194 146 aptulo
1783 2881 97 146 /
1822 2881 117 146 3m
1880 2881 292 146 corollarium
2113 2881 156 146 quam
2210 2881 292 146 inpossibile
2444 2881 136 146 est
2521 2881 194 146 patrem

1643 2965 194 137 esse
1764 2965 146 137 et
1837 2965 170 137 non
1934 2965 194 137 esse
2056 2965 170 137 tam
2153 2965 365 137 inpossibile
2445 2965 170 137 est
2542 2965 219 137 ipsum

1626 3031 209 138 esse
1756 3031 156 138 et
1835 3031 183 138 non
1939 3031 235 138 agere
2095 3031 313 138 probatur
2330 3031 209 138 quia
2460 3031 156 138 si
2538 3031 235 138 iumus

1625 3120 263 113 staret
1809 3120 237 113 ipsum
1967 3120 211 113 esse
2099 3120 158 113 et
2178 3120 184 113 non
2283 3120 237 113 agere
2441 3120 211 113 quod
2572 3120 184 113 est

1629 3191 236 119 contra
1794 3191 377 119 conclusionem
2101 3191 212 119 etiam
2242 3191 188 119 tunc
2360 3191 212 119 actio
2501 3191 165 119 sua
2595 3191 165 119 non

1620 3258 206 125 foret
1757 3258 183 125 sibi
1872 3258 297 125 naturalis
2100 3258 114 125 ¶
2146 3258 229 125 Contra
2306 3258 183 125 ista
2420 3258 366 125 conclusionem

1620 3325 123 111 et
1681 3325 287 111 corollaria
1907 3325 246 111 arguitur
2091 3325 123 111 si
2153 3325 267 111 conclusio
2358 3325 144 111 est
2440 3325 164 111 vera
2542 3325 246 111 sequitur

1600 3391 187 138 quod
1717 3391 210 138 pater
1857 3391 351 138 neccessario
2138 3391 187 138 suum
2254 3391 234 138 verbum
2418 3391 281 138 producit
