2964 4289
527 402 187 158 vel
634 402 240 158 minus
794 402 347 158 concludit
1061 402 267 158 saltem
1248 402 347 158 evidenter

535 496 170 134 quia
641 496 233 134 diceret
811 496 255 134 quilibet
1001 496 318 134 philosophus
1256 496 170 134 quod
1362 496 233 134 quamvis

537 580 284 102 memoroi
744 580 155 102 in
821 580 258 102 creata
1001 580 413 102 intelligeret
1337 580 155 102 se
1414 580 181 102 non

529 636 275 141 tamen
713 636 214 141 per
835 636 306 141 verbum
1049 636 428 141 distinctum
1386 636 183 141 ab
1447 636 122 141 ea

523 722 317 118 realiter
761 722 159 118 et
840 722 212 118 quod
972 722 185 118 hoc
1078 722 185 118 est
1184 722 159 118 in
1263 722 264 118 memoro
1422 722 132 118 cre

513 781 214 134 ata
636 781 214 134 est
758 781 488 134 inperfectius
1154 781 244 134 quia
1307 781 305 134 melius

528 864 255 114 esset
698 864 170 114 ei
783 864 227 114 quod
924 864 227 114 ipsa
1066 864 312 114 notitia
1293 864 198 114 met
1406 864 198 114 sua

529 930 288 124 notitia
738 930 235 124 foret
895 930 131 124 S
947 930 235 124 eodem
1104 930 235 124 ratio
1261 930 340 124 similiter

539 995 318 126 conviceret
789 995 136 126 de
857 995 272 126 essentia
1062 995 227 126 divina
1220 995 204 126 sicut
1357 995 136 126 de
1402 995 159 126 perso

527 1062 132 117 na
593 1062 242 117 aeterna
769 1062 176 117 ideo
878 1062 242 117 videtur
1054 1062 176 117 quod
1164 1062 307 117 tranflator
1405 1062 198 117 huius

525 1135 259 126 rationis
719 1135 151 126 non
806 1135 172 126 bene
913 1135 237 126 formait
1086 1135 216 126 formam
1237 1135 151 126 cum
1323 1135 280 126 conclusio

522 1201 151 135 fit
609 1201 173 135 quod
717 1201 260 135 essentia
912 1201 216 135 divina
1063 1201 260 135 producat
1258 1201 216 135 verbum
1410 1201 195 135 quoam

526 1282 164 101 est
619 1282 211 101 omnio
760 1282 328 101 haereticum
1017 1282 234 101 dictum
1181 1282 211 101 etiam
1322 1282 304 101 augustini

530 1345 187 135 non
637 1345 401 135 suffragatur
958 1345 214 135 quia
1091 1345 321 135 notanter
1332 1345 241 135 dicit

526 1398 234 151 quasi
682 1398 260 151 simile
864 1398 208 151 sibi
994 1398 286 151 generat
1201 1398 208 151 modo
1331 1398 260 151 certum

520 1487 180 128 est
623 1487 206 128 quod
752 1487 438 128 incommutabile
1113 1487 180 128 est
1216 1487 232 128 omnio
1370 1487 155 128 et
1447 1487 180 128 non

523 1554 198 137 quasi
655 1554 198 137 patri
787 1554 242 137 aequale
963 1554 220 137 igitur
1118 1554 242 137 videtur
1294 1554 176 137 quod
1404 1554 198 137 solum

530 1649 327 112 boquitur
775 1649 163 112 de
857 1649 245 112 mente
1020 1649 218 112 ipsa
1156 1649 272 112 creata
1347 1649 163 112 et
1429 1649 191 112 non

525 1707 181 130 in
615 1707 301 130 creata
826 1707 241 130 nisi
976 1707 391 130 inquantum
1277 1707 241 130 ista
1397 1707 181 130 crea

506 1778 218 113 ta
615 1778 290 113 mens
796 1778 254 113 quo
941 1778 218 113 ad
1050 1778 254 113 hoc
1196 1778 254 113 nos
1305 1778 290 113 manudu

521 1826 197 132 cit
633 1826 253 132 absit
802 1826 422 132 aliqualiter
1139 1826 225 132 esse
1280 1826 169 132 in
1364 1826 253 132 mente

533 1902 147 123 in
606 1902 245 123 creata
777 1902 171 123 non
875 1902 220 123 tamen
1022 1902 171 123 hoc
1120 1902 318 123 evidenter
1364 1902 245 123 osteni

523 1975 184 139 dit
628 1975 132 139 ¶
681 1975 158 139 ad
759 1975 158 139 3m
838 1975 237 139 patet
996 1975 210 139 quod
1128 1975 184 139 non
1233 1975 184 139 est
1338 1975 289 139 evidens

535 2060 183 125 sicut
657 2060 183 125 patet
779 2060 122 125 ex
840 2060 204 125 dictis
983 2060 306 125 philosophis
1227 2060 122 125 12
1288 2060 244 125 maedicae
1472 2060 122 125 in

542 2113 168 136 illa
647 2113 231 136 littera
815 2113 273 136 sententia
1025 2113 252 136 paterium
1214 2113 147 136 quo
1298 2113 273 136 respondet

530 2175 301 134 qommento
756 2175 150 134 5o
831 2175 176 134 nam
931 2175 276 134 negaret
1132 2175 376 134 philosophus
1433 2175 176 134 ibi

526 2247 440 125 simpliciter
878 2247 323 125 maiorem
1113 2247 205 125 nec
1230 2247 294 125 posset
1436 2247 176 125 si

523 2338 140 100 bi
593 2338 303 100 evidenter
826 2338 257 100 ceteris
1013 2338 257 100 paribus
1199 2338 257 100 probari
1386 2338 187 100 quod

514 2386 236 130 dico
661 2386 236 130 quia
808 2386 354 130 rationes
1074 2386 177 130 2m
1162 2386 206 130 hoc
1280 2386 295 130 habent

525 2470 334 113 evidentiam
788 2470 143 113 in
859 2470 191 113 fide
978 2470 286 113 secundum
1193 2470 191 113 quod
1312 2470 262 113 dominus

538 2527 165 137 in
620 2527 275 137 teriis
813 2527 358 137 illustrat
1088 2527 385 137 intellectu
1390 2527 165 137 et
1445 2527 110 137 in

530 2600 192 132 inde
650 2600 168 132 est
746 2600 192 132 quod
866 2600 216 132 verba
1010 2600 336 132 simplicium
1275 2600 312 132 sanctorum

527 2653 159 139 in
606 2653 291 139 generem
817 2653 370 139 efficativa
1108 2653 159 139 in
1187 2653 211 139 fide
1320 2653 264 139 habuae

517 2717 228 150 runt
660 2717 171 150 ad
746 2717 285 150 primam
945 2717 342 150 rationem
1202 2717 285 150 contra
1401 2717 200 150 2am

542 2806 180 123 partem
668 2806 198 123 neganda
812 2806 126 123 est
884 2806 288 123 consequentia
1117 2806 216 123 secundum
1279 2806 144 123 quod
1369 2806 162 123 patet
1477 2806 108 123 ex

532 2864 204 132 dictis
674 2864 204 132 domini
817 2864 204 132 Egidii
959 2864 285 132 corollario
1183 2864 122 132 3o
1244 2864 265 132 concmunis
1448 2864 102 132 /
1489 2864 122 132 ad

524 2938 127 145 2m
587 2938 233 145 concedo
756 2938 296 145 consequens
989 2938 317 145 simpliciter
1243 2938 148 145 nec
1327 2938 148 145 hoc
1412 2938 211 145 falsum

517 3011 225 155 esse
658 3011 225 155 puto
799 3011 197 155 nec
911 3011 254 155 tamen
1080 3011 169 155 ex
1165 3011 197 155 hoc
1277 3011 338 155 sequitur

501 3091 248 136 quod
656 3091 217 136 una
780 3091 341 136 persona
1029 3091 217 136 sit
1153 3091 248 136 alia
1308 3091 279 136 magis

526 3163 270 141 perfecta
728 3163 180 141 quia
840 3163 247 141 quamvis
1020 3163 180 141 eius
1132 3163 270 141 potentia
1335 3163 247 141 autrtae

512 3250 214 136 dat
635 3250 183 136 ad
726 3250 488 136 perfectionem
1123 3250 275 136 tamen
1306 3250 244 136 eius
1428 3250 122 136 ne

492 3295 259 147 gatio
665 3295 201 147 non
779 3295 574 147 adinperfectionem
1268 3295 287 147 latius
1440 3295 115 147 do

509 3367 249 132 cetur
676 3367 249 132 modus
842 3367 416 132 respondendi
1174 3367 388 132 invesperis
1451 3367 111 132 me

523 3429 167 153 is
607 3429 195 153 qui
718 3429 361 153 poneretur
996 3429 167 153 in
1079 3429 222 153 fine
1218 3429 361 153 ltecturae

1687 393 167 131 duo
1783 393 334 131 concedente
2045 393 119 131 ¶
2093 393 143 131 2a
2165 393 310 131 conclusio
2404 393 167 131 tam
2475 393 239 131 perfecte

1693 473 250 139 verbum
1868 473 125 139 a
1918 473 225 139 patre
2067 473 299 139 procedit
2292 473 200 139 quod
2417 473 150 139 ab
2491 473 200 139 ipso
2616 473 175 139 non

1693 550 327 142 dependet
1938 550 245 142 neque
2102 550 191 142 eum
2211 550 354 142 praexigit
2483 550 327 142 probatur

1701 624 320 151 conclusio
1947 624 221 151 primo
2095 624 172 151 quo
2193 624 148 151 ad
2267 624 246 151 primam
2439 624 246 151 partem
2611 624 197 151 quia

1703 697 233 142 verbum
1866 697 163 142 est
1959 697 256 142 eiusdem
2145 697 256 142 naturae
2331 697 163 142 cum
2424 697 209 142 patre
2564 697 233 142 igitur

1693 771 179 136 ab
1783 771 179 136 eo
1872 771 209 136 non
1992 771 358 136 dependet
2260 771 149 136 ¶
2320 771 179 136 2o
2410 771 239 136 quia
2559 771 179 136 si
2619 771 149 136 vir

1699 836 209 141 bum
1819 836 299 141 patrem
2028 836 209 141 per
2147 836 299 141 exiget
2356 836 209 141 cum
2475 836 269 141 signo
2625 836 149 141 men

1698 904 216 152 suae
1833 904 404 152 prosupponet
2156 904 162 152 et
2237 904 162 152 eo
2318 904 350 152 indigeret
2587 904 216 152 quod

1700 966 134 151 est
1776 966 191 151 falsum
1910 966 172 151 patet
2025 966 306 151 consequentia
2273 966 210 151 virtute
2425 966 191 151 istius
2540 966 191 151 ppositio

1704 1050 134 161 nis
1780 1050 172 161 patre
1895 1050 248 161 falsiatem
2086 1050 153 161 quod
2181 1050 305 161 consequenter
2429 1050 229 161 expresse
2601 1050 210 161 potenit

1697 1124 321 143 augustinus
1950 1124 138 143 in
2018 1124 207 143 libro
2156 1124 138 143 de
2225 1124 184 143 vera
2340 1124 138 143 in
2409 1124 275 143 nocentia
2592 1124 161 143 circa

1683 1195 321 155 finem
1897 1195 250 155 ubi
2040 1195 321 155 dicit
2254 1195 464 155 quibusdam
2610 1195 214 155 et

1697 1268 165 147 nis
1792 1268 236 147 potest
1957 1268 189 147 esse
2075 1268 236 147 aliqua
2241 1268 307 147 distantia
2477 1268 189 147 ipsa
2595 1268 189 147 quod

1694 1346 339 141 aeternitas
1960 1346 242 141 absque
2130 1346 364 141 diversitate
2421 1346 267 141 naturae
2615 1346 170 141 est

1706 1424 145 119 pro
1789 1424 124 119 2a
1851 1424 187 119 parte
1976 1424 332 119 conclusionis
2245 1424 207 119 istius
2390 1424 145 119 est
2473 1424 249 119 magister
2639 1424 83 119 in

1691 1480 141 140 fra
1771 1480 323 140 distinctione
2034 1480 121 140 43
2094 1480 242 140 capitulo
2275 1480 121 140 3o
2336 1480 202 140 dicens
2477 1480 121 140 ex
2537 1480 242 140 actionis

1708 1550 248 134 verbum
1882 1550 173 134 non
1981 1550 272 134 proprie
2179 1550 272 134 dicitur
2377 1550 149 134 de
2451 1550 173 134 deo
2550 1550 248 134 primum

1697 1621 257 157 rollarum
1889 1621 214 157 contra
2039 1621 193 157 sotum
2168 1621 129 157 in
2232 1621 193 157 quere
2361 1621 150 157 ubi
2447 1621 193 157 supra
2575 1621 236 157 distinc

1683 1704 239 115 tione
1843 1704 159 115 2a
1922 1704 212 115 quam
2055 1704 319 115 repugnat
2294 1704 239 115 verbo
2453 1704 372 115 intrinseca

1698 1782 147 134 ab
1772 1782 246 134 aliqua
1944 1782 295 134 dependem
2165 1782 221 134 causa
2313 1782 147 134 in
2386 1782 418 134 compossibilis

1703 1853 171 135 est
1800 1853 146 135 ei
1873 1853 293 135 alicuius
2093 1853 195 135 pere
2215 1853 317 135 exigentia
2459 1853 220 135 patet
2606 1853 195 135 quia

1703 1945 224 129 utraque
1865 1945 366 129 inperfectionem
2170 1945 122 129 in
2232 1945 122 129 eo
2293 1945 102 129 /
2333 1945 122 129 2m
2394 1945 305 129 corollarium
2618 1945 122 129 quam

1692 2002 214 124 nis
1815 2002 306 124 verbum
2029 2002 153 124 a
2090 2002 275 124 patre
2274 2002 306 124 capiat
2488 2002 245 124 esse
2611 2002 122 124 no

1692 2071 186 151 tamen
1816 2071 248 151 privatur
2002 2071 144 151 suo
2084 2071 227 151 proprio
2249 2071 124 151 et
2311 2071 206 151 libero
2456 2071 186 151 agere
2580 2071 186 151 patet

1699 2144 217 146 quia
1834 2144 190 146 non
1943 2144 488 146 praedeterminat
2349 2144 136 146 a
2404 2144 244 146 patre
2539 2144 217 146 aliqua

1707 2227 242 133 naturali
1888 2227 322 133 neccessitate
2150 2227 101 133 ¶
2190 2227 121 133 3m
2251 2227 302 133 corollarium
2492 2227 201 133 verbum
2633 2227 141 133 non

1706 2297 216 141 minus
1850 2297 240 141 libere
2019 2297 192 141 sive
2139 2297 240 141 filius
2307 2297 289 141 spiritum
2524 2297 289 141 producit

1690 2370 186 141 quam
1806 2370 210 141 pater
1946 2370 233 141 verbum
2109 2370 350 141 naturaliter
2389 2370 233 141 libere
2552 2370 256 141 ginguit

1681 2445 235 140 patet
1838 2445 209 140 quia
1969 2445 157 140 si
2047 2445 235 140 minus
2204 2445 262 140 libere
2387 2445 183 140 hoc
2492 2445 235 140 esset
2648 2445 157 140 ex

1691 2520 145 141 eo
1763 2520 193 141 quod
1884 2520 121 141 a
1932 2520 217 141 patre
2077 2520 265 141 haberet
2270 2520 265 141 aliquam
2463 2520 314 141 praeexige

1684 2601 236 136 tiam
1832 2601 473 136 dependentiae
2216 2601 207 136 vel
2334 2601 295 136 aliqua
2512 2601 236 136 praede

1696 2672 332 139 triationem
1957 2672 237 139 nature
2123 2672 166 139 sed
2218 2672 237 139 nullum
2384 2672 261 139 istorum
2574 2672 166 139 est

1686 2750 136 135 ei
1754 2750 363 135 attribuendum
2049 2750 227 135 igitur
2208 2750 340 135 corollarium
2480 2750 204 135 verum
2617 2750 159 135 nam

1698 2819 223 158 talia
1847 2819 198 158 sibi
1971 2819 347 158 attribuere
2244 2819 223 158 esset
2393 2819 198 158 eius
2492 2819 273 158 perfectio

1687 2898 198 136 mni
1800 2898 283 136 multum
1998 2898 170 136 de
2083 2898 283 136 rogare
2282 2898 142 136 ¶
2339 2898 283 136 Contra
2537 2898 227 136 ista

1687 2989 239 124 arguitur
1866 2989 120 124 et
1926 2989 179 124 primo
2046 2989 199 124 contra
2185 2989 319 124 conclusionem
2444 2989 139 124 sic
2524 2989 239 124 sequitur

1695 3037 202 121 quod
1821 3037 177 121 non
1922 3037 202 121 plus
2048 3037 378 121 praexigeret
2351 3037 328 121 productum
2603 3037 151 121 ad

1681 3119 184 127 sui
1786 3119 420 127 productionem
2127 3119 210 127 quod
2258 3119 341 127 producens
2520 3119 288 127 haberet

1686 3195 242 126 naturam
1862 3195 176 126 suam
1972 3195 176 126 quam
2082 3195 286 126 econverso
2303 3195 154 126 sed
2391 3195 154 126 hoc
2479 3195 154 126 est
2567 3195 220 126 contra

1692 3273 191 106 naturam
1831 3273 260 106 producentis
2039 3273 174 106 igitur
2160 3273 226 106 conclusio
2334 3273 139 106 vera
2421 3273 104 106 et
2473 3273 278 106 consequentia

1679 3327 245 118 satis
1842 3327 218 118 nota
1979 3327 191 118 est
2088 3327 164 118 ut
2170 3327 300 118 videtur
2388 3327 136 118 ¶
2442 3327 164 118 2o
2524 3327 191 118 sic
2606 3327 109 118 fi

1687 3402 202 120 lius
1813 3402 126 120 a
1863 3402 151 120 se
1939 3402 176 120 non
2040 3402 252 120 potest
2216 3402 252 120 facere
2392 3402 302 120 quidquam
2594 3402 126 120 vir
