2964 4257
261 330 212 162 Alponsi
415 330 116 162 in
473 330 154 162 ista
569 330 308 162 distinctione
820 330 270 162 quaestione
1032 330 116 162 ua
1089 330 231 162 articulo
1263 330 116 162 2o

310 437 301 105 conclusionis
555 437 113 105 4o
611 437 207 105 corolro
762 437 113 105 co
818 437 301 105 neccessitant
1063 437 282 105 intellectum

299 506 164 126 ad
381 506 246 126 actus
545 506 465 126 essentialiter
928 506 383 126 distinctos
1202 506 109 126 di

290 586 433 124 stinguuntur
636 586 173 124 2m
723 586 346 124 rationem
983 586 231 124 sive
1098 586 231 124 concep

292 650 290 128 tibiliter
515 650 156 128 sed
604 650 357 128 perfectiones
893 650 245 128 divinae
1072 650 178 128 sunt
1183 650 201 128 huius

295 719 214 136 igitur
444 719 150 136 etc
530 719 107 136 /
573 719 214 136 Contra
723 719 128 136 3m
787 719 321 136 corollarium
1044 719 300 136 sapientiae

293 802 317 122 divinae
524 802 173 122 ut
611 802 202 122 sic
726 802 202 122 non
841 802 404 122 repugnatur
1159 802 202 122 non

292 876 275 132 iustitia
498 876 229 132 igitur
659 876 252 132 aliundo
842 876 229 132 igitur
1003 876 298 132 sapientia
1209 876 115 132 ali

282 965 342 111 quomodo
531 965 218 111 non
655 965 218 111 est
780 965 280 111 eadem
967 965 218 111 cum
1091 965 280 111 iusti

281 1044 188 118 sed
389 1044 376 118 sapientiae
684 1044 296 118 divinae
899 1044 322 118 repugnat
1141 1044 242 118 simpr

293 1100 218 107 alius
438 1100 194 107 deus
559 1100 242 107 igitur
728 1100 169 107 etc
825 1100 145 107 de
898 1100 218 107 aliis
1043 1100 339 107 rationibus

291 1186 348 120 videbitur
559 1186 161 120 in
639 1186 375 120 principiis
934 1186 161 120 Ad
1015 1186 214 120 ista
1122 1186 214 120 respon

281 1248 174 125 deo
380 1248 149 125 et
455 1248 223 125 primo
604 1248 149 125 ad
678 1248 397 125 auctoritates
1001 1248 149 125 et
1076 1248 223 125 primo
1225 1248 149 125 ad

289 1330 248 124 prima
455 1330 221 124 dico
593 1330 248 124 primo
758 1330 165 124 si
841 1330 414 124 reciperetur
1172 1330 165 124 ad

271 1406 330 123 ungnem
502 1406 462 123 probaretur
864 1406 231 123 non
996 1406 297 123 solum
1161 1406 132 123 di

287 1485 365 122 stinctio
560 1485 365 122 formalis
834 1485 213 122 sed
956 1485 274 122 etiam
1108 1485 182 122 real

287 1561 164 112 2o
369 1561 218 112 dico
505 1561 218 112 quod
641 1561 218 112 vult
777 1561 273 112 dicere
968 1561 164 112 2m
1050 1561 273 112 formam

291 1631 228 120 notis
442 1631 303 120 videntur
670 1631 253 120 aliqua
847 1631 354 120 signifiate
1125 1631 228 120 circa

289 1702 263 100 essentiam
491 1702 223 100 divinam
653 1702 142 100 sic
734 1702 263 100 respondet
937 1702 263 100 gregorius
1139 1702 162 100 dico

279 1763 121 125 30
339 1763 162 125 quod
441 1763 142 125 non
521 1763 243 125 loquitur
703 1763 121 125 de
764 1763 324 125 significatio
1027 1763 142 125 Sed
1108 1763 121 125 de
1169 1763 162 125 modo

292 1836 358 128 significationis
593 1836 132 128 sic
669 1836 245 128 respondet
857 1836 264 128 asprhosius
1064 1836 113 128 ad
1121 1836 207 128 aliadem

288 1908 275 133 auctoritates
512 1908 138 133 dico
598 1908 138 133 quod
684 1908 172 133 tantum
804 1908 138 133 sunt
890 1908 207 133 onclusio
1045 1908 103 133 am
1097 1908 121 133 sid
1166 1908 103 133 oa
1200 1908 69 133 nc

295 2005 157 113 quia
393 2005 314 113 consimiliter
648 2005 216 113 protret
805 2005 157 113 quod
904 2005 157 113 vita
1002 2005 137 113 nol
1080 2005 196 113 maiori

287 2057 127 139 set
359 2057 235 139 divesitis
540 2057 271 139 perfectioni
757 2057 163 139 sicud
866 2057 308 139 suppositionem
1119 2057 199 139 ualiter

290 2156 245 112 autem
453 2156 353 112 inelligat
725 2156 326 112 ostendit
969 2156 272 112 thomas
1132 2156 109 112 de

294 2222 191 110 argentis
437 2222 254 110 distinctione
644 2222 80 110 6
676 2222 207 110 quaestion
835 2222 143 110 prima
930 2222 95 110 Et
978 2222 207 110 gregorius
1137 2222 95 110 in
1185 2222 127 110 ista
1248 2222 64 110 di

291 2296 313 115 stinctione
537 2296 134 115 et
604 2296 291 115 alphonsus
828 2296 246 115 siliter
1007 2296 134 115 Ad
1074 2296 269 115 rationem

288 2355 171 106 contra
408 2355 171 106 primum
527 2355 256 106 corollarium
732 2355 120 106 cum
800 2355 205 106 quaeitur
954 2355 120 106 aut
1022 2355 120 106 per
1091 2355 273 106 indivisibile

283 2431 174 128 vel
382 2431 347 128 divisibile
655 2431 248 128 distat
829 2431 174 128 etc
928 2431 248 128 posset
1101 2431 223 128 primo

265 2505 191 127 dici
385 2505 191 127 quod
504 2505 311 127 divisitis
743 2505 167 127 non
839 2505 215 127 tamen
982 2505 359 127 divisitatie

276 2570 132 134 in
342 2570 242 134 trineca
518 2570 154 134 sed
606 2570 308 134 extrinseca
847 2570 264 134 scilicet
1045 2570 220 134 omnium
1177 2570 110 134 cre

259 2647 370 132 aturarum
537 2647 401 132 possibile
845 2647 216 132 vel
968 2647 370 132 actualem

268 2727 137 110 2o
337 2727 228 110 potest
496 2727 183 110 dici
610 2727 251 110 negando
793 2727 205 110 istam
930 2727 388 110 consequentiam

265 2794 279 121 distant
468 2794 482 121 indivisibiliter
874 2794 254 121 igitur
1051 2794 305 121 infinite

271 2884 254 125 minus
440 2884 226 125 quia
581 2884 282 125 distat
778 2884 197 125 per
891 2884 451 125 indivisibile

278 2966 186 102 quod
394 2966 163 102 est
487 2966 279 102 immensus
696 2966 163 102 etc
789 2966 116 102 /
836 2966 139 102 Ad
905 2966 279 102 rationem
1115 2966 186 102 quid

271 3051 244 114 primam
442 3051 244 114 partem
613 3051 220 114 primi
759 3051 318 114 corollari
1003 3051 318 114 sapientia

267 3122 150 115 sini
361 3122 206 115 quoniam
511 3122 131 115 non
585 3122 131 115 est
660 3122 225 115 iustitia
829 3122 112 115 in
885 3122 281 115 conmusionim
1109 3122 187 115 igitur

264 3199 197 96 nec
376 3199 366 96 sapientia
658 3199 338 96 infinita
911 3199 338 96 iustitia
1164 3199 169 96 in

279 3241 240 119 finita
447 3241 264 119 quamvis
639 3241 336 119 argumentum
902 3241 240 119 reduci
1070 3241 240 119 posset

265 3316 236 125 scontra
436 3316 301 125 oppinionem
673 3316 279 125 oppositam
888 3316 279 125 respondeo
1103 3316 193 125 tamen
1210 3316 86 125 ne

1458 297 428 148 consequentiam
1810 297 302 148 rationes
2036 297 277 148 negonis
2238 297 252 148 allibi
2388 297 101 148 di

1460 412 201 109 centr
1594 412 201 109 causa
1728 412 313 109 principius
1975 412 179 109 quod
2086 412 313 109 rationibus
2310 412 157 109 aliis

1462 485 150 108 Ad
1537 485 300 108 rationem
1762 485 150 108 2m
1837 485 375 108 corollarium
2136 485 175 108 cum
2236 485 300 108 arguitur

1456 557 181 116 quod
1570 557 159 116 non
1660 557 181 116 sunt
1773 557 317 116 sermntiona
2023 557 159 116 etc
2113 557 272 116 concesso
2317 557 181 116 toto

1464 624 254 121 antecedente
1667 624 119 121 non
1735 624 203 121 sequitur
1888 624 237 121 propositum
2074 624 119 121 nam
2142 624 119 121 non
2210 624 203 121 sequitur
2362 624 136 121 haec

1460 702 175 126 res
1560 702 300 126 diversis
1785 702 225 126 modis
1935 702 400 126 significatur
2260 702 250 126 igitur

1450 773 191 127 haec
1569 773 167 127 res
1665 773 286 127 diversis
1879 773 215 127 modis
2022 773 167 127 est
2118 773 310 127 possibile
2356 773 167 127 nam

1459 852 165 124 que
1554 852 165 124 est
1648 852 401 124 propositionum
1978 852 236 124 omnino
2144 852 283 124 signtium
2356 852 165 124 una

1449 927 181 121 sit
1553 927 207 121 vera
1682 927 207 121 alia
1812 927 181 121 sit
1916 927 233 121 falsa
2071 927 233 121 sicut
2227 927 207 121 iste
2356 927 207 121 ante

1448 1017 238 110 christus
1626 1017 139 110 est
1706 1017 317 110 antichristus
1963 1017 198 110 potest
2102 1017 158 110 esse
2201 1017 119 110 et
2260 1017 178 110 tamen
2379 1017 139 110 non

1462 1075 253 131 sequitur
1652 1075 169 131 quod
1757 1075 337 131 significatum
2031 1075 148 131 sit
2116 1075 190 131 verum
2242 1075 127 131 et
2305 1075 211 131 falsum

1444 1161 120 109 /
1492 1161 144 109 ad
1564 1161 168 109 2am
1660 1161 287 109 rationem
1875 1161 216 109 9ntra
2019 1161 192 109 idem
2139 1161 168 109 cum
2234 1161 287 109 arguitur

1445 1240 168 114 quod
1550 1240 126 114 si
1613 1240 189 114 esset
1740 1240 210 114 verict
1887 1240 253 114 sequitur
2076 1240 168 114 quod
2181 1240 337 114 intellectiva

1429 1301 309 130 divina
1645 1301 432 130 formaliter
1985 1301 278 130 esset
2170 1301 371 130 volitiva

1457 1376 193 107 divina
1592 1376 212 107 concedo
1746 1376 270 107 consequens
1959 1376 116 107 et
2017 1376 135 107 cum
2094 1376 232 107 arguitur
2268 1376 155 107 quod
2364 1376 135 107 non

1433 1442 207 123 quia
1563 1442 207 123 tunc
1692 1442 311 123 obiectum
1925 1442 233 123 unius
2081 1442 233 123 esset
2210 1442 259 123 obiectum

1445 1513 254 123 alterus
1630 1513 254 123 concedo
1815 1513 347 123 simpliciter
2092 1513 139 123 et
2161 1513 162 123 cum
2254 1513 277 123 probatur

1432 1582 248 145 quod
1587 1582 217 145 non
1711 1582 248 145 quia
1866 1582 248 145 deus
2021 1582 434 145 intelligit
2331 1582 124 145 ma

1424 1665 211 133 lum
1544 1665 301 133 culpae
1755 1665 181 133 et
1845 1665 211 133 non
1965 1665 241 133 vult
2116 1665 271 133 malum
2266 1665 241 133 culpae

1446 1738 194 131 concedo
1587 1738 123 131 sed
1658 1738 141 131 tunc
1746 1738 282 131 consequentia
1975 1738 123 131 non
2045 1738 158 131 valet
2151 1738 176 131 igitur
2274 1738 211 131 voluntas

1444 1813 167 122 non
1540 1813 167 122 est
1635 1813 215 122 actus
1778 1813 286 122 respectu
1993 1813 239 122 sortes
2160 1813 262 122 peccare
2351 1813 167 122 vel

1430 1895 205 120 niali
1567 1895 227 120 culpae
1726 1895 114 120 /
1771 1895 136 120 ad
1839 1895 136 120 3m
1908 1895 227 120 contra
2067 1895 182 120 idem
2180 1895 341 120 corollarium

1411 1998 264 97 nego
1576 1998 231 97 tam
1708 1998 363 97 maiorem
1972 1998 264 97 quem
2137 1998 363 97 minorem

1435 2049 169 114 quia
1541 2049 148 114 non
1625 2049 232 114 oportet
1794 2049 169 114 quod
1900 2049 169 114 omne
2005 2049 190 114 illud
2132 2049 169 114 quod
2217 2049 254 114 neccessari

1429 2117 174 121 tat
1528 2117 149 121 ad
1603 2117 322 121 conceptus
1851 2117 174 121 etc
1950 2117 198 121 quod
2074 2117 174 121 hoc
2173 2117 174 121 sit
2248 2117 223 121 concemp

1417 2194 364 111 tibiliter
1697 2194 392 111 distinctum
2006 2194 224 111 nisi
2146 2194 252 111 velus
2286 2194 168 111 vero

1419 2258 211 131 bulo
1551 2258 158 131 ab
1630 2258 185 131 uti
1736 2258 185 131 nec
1841 2258 238 131 etiam
2000 2258 343 131 perfectio
2264 2258 264 131 divina

1439 2341 338 120 neccessita
1705 2341 145 120 ad
1777 2341 411 120 dispositionem
2116 2341 314 120 conceptus
2357 2341 145 120 Ad

1430 2419 252 110 rationem
1619 2419 210 110 contra
1765 2419 126 110 3m
1828 2419 314 110 corollarium
2080 2419 168 110 nego
2185 2419 314 110 simpliciter

1424 2509 320 98 maiorem
1657 2509 233 98 quia
1802 2509 379 98 sapientia
2094 2509 291 98 divina
2297 2509 204 98 non

1407 2563 183 125 est
1512 2563 236 125 omnis
1669 2563 341 125 perfectio
1931 2563 367 125 formaliter
2219 2563 157 125 et
2298 2563 210 125 omne

1423 2639 178 130 quod
1534 2639 156 130 est
1623 2639 223 130 melius
1779 2639 178 130 esse
1890 2639 178 130 quam
2001 2639 156 130 non
2090 2639 178 130 esse
2202 2639 334 130 simpliciter

1412 2717 183 111 sub
1516 2717 183 111 uno
1621 2717 365 111 intellectu
1907 2717 156 111 3a
1986 2717 339 111 conclusio
2246 2717 235 111 solus

1406 2787 245 128 deus
1560 2787 215 128 est
1682 2787 337 128 simplex
1928 2787 307 128 infiae
2143 2787 399 128 simplicit

1407 2866 289 119 carens
1610 2866 232 119 omni
1754 2866 232 119 modo
1899 2866 347 119 composis
2160 2866 347 119 probatur

1408 2950 333 122 piacens
1650 2950 302 122 istius
1861 2950 242 122 quia
2012 2950 302 122 semper
2224 2950 333 122 simplex

1418 3023 341 122 pponendus
1680 3023 184 122 est
1785 3023 420 122 composationi
2127 3023 158 122 et
2206 3023 236 122 minus
2337 3023 105 122 co

1425 3107 313 105 positionem
1671 3107 201 105 magis
1805 3107 291 105 composito
2029 3107 134 105 2m
2096 3107 313 105 augustinum
2342 3107 134 105 de

1419 3182 317 99 quantitate
1668 3182 226 99 animae
1826 3182 271 99 capitulo
2030 3182 136 99 12
2098 3182 226 99 igitur
2256 3182 181 99 illa
2369 3182 158 99 pia

1405 3243 248 112 cens
1560 3243 248 112 vera
1715 3243 186 112 Ad
1808 3243 248 112 idem
1962 3243 217 112 est
2086 3243 341 112 unrhlum
2334 3243 155 112 5

1403 3319 135 117 ad
1471 3319 248 117 Cugenum
1652 3319 361 117 distinctione
1945 3319 203 117 inter
2080 3319 203 117 omnia
2216 3319 181 117 quae
2329 3319 181 117 unum
