2964 4260
265 357 210 134 essent
412 357 189 134 simul
539 357 168 134 vera
644 357 168 134 nego
749 357 358 134 consequentiam
1044 357 126 134 et
1107 357 189 134 tamen

231 441 335 123 probatur
483 441 224 123 quia
622 441 224 123 deus
762 441 224 123 modo
902 441 196 123 etc
1014 441 335 123 Rspondeo

238 531 191 97 quod
358 531 287 97 christum
572 531 191 97 pati
692 531 239 97 potest
859 531 334 97 dupliciter
1098 531 191 97 accipi

248 592 128 128 uno
321 592 147 128 modo
413 592 128 128 pro
486 592 165 128 dicto
596 592 220 128 scilicet
761 592 128 128 hac
834 592 293 128 propositione
1073 592 220 128 christus

254 666 226 127 patironi
423 666 150 127 alio
518 666 150 127 modo
612 666 132 127 pro
687 666 113 127 re
743 666 169 127 dicti
856 666 226 127 scilicet
1025 666 132 127 pro
1101 666 94 127 4
1138 666 150 127 quod

244 745 293 129 christus
463 745 342 129 paciebatur
732 745 146 129 et
805 745 269 129 pasione
1000 745 269 129 christi
1196 745 122 129 o

240 816 168 138 de
324 816 252 138 aliis
492 816 224 138 modo
632 816 168 138 si
716 816 168 138 de
801 816 252 138 primo
969 816 196 138 est
1053 816 196 138 sermo

252 895 151 118 non
339 895 259 118 probatur
533 895 130 118 in
598 895 259 118 aeternum
792 895 259 118 intencum
986 895 151 118 cum
1073 895 173 118 ille
1159 895 108 118 pro

245 969 286 115 potetiones
469 969 143 115 non
551 969 327 115 aeternaliter
816 969 204 115 fuerit
959 969 123 115 si
1021 969 123 115 2o
1082 969 163 115 modo
1184 969 143 115 sic

229 1039 215 128 dico
364 1039 215 128 quod
498 1039 215 128 deus
632 1039 215 128 vult
767 1039 323 128 quidquid
1009 1039 296 128 undquam

233 1105 304 119 noluit
445 1105 182 119 et
536 1105 243 119 omne
688 1105 334 119 nolitum
931 1105 213 119 est
1052 1105 243 119 post
1174 1105 91 119 i

234 1190 153 114 suo
322 1190 285 114 praesenti
541 1190 263 114 iustanti
738 1190 350 114 aeternitatis
1022 1190 153 114 ubi
1110 1190 219 114 nullus

231 1256 189 127 est
339 1256 270 127 fluxus
528 1256 378 127 praeteriti
824 1256 189 127 vel
932 1256 243 127 futur
1094 1256 162 127 Ad
1175 1256 162 127 3m

240 1336 270 122 negatur
437 1336 393 122 consequentia
756 1336 196 122 illa
879 1336 147 122 si
953 1336 221 122 aeque
1100 1336 221 122 prius

242 1411 133 113 est
318 1411 285 113 praeteritum
546 1411 114 113 et
603 1411 209 113 futurum
755 1411 190 113 igitur
888 1411 171 113 aeque
1002 1411 304 113 neccessarium

231 1479 141 110 e
287 1479 225 110 unum
428 1479 254 110 sicut
597 1479 338 110 reliquum
851 1479 394 110 concederet
1160 1479 141 110 b

239 1547 249 110 randiare
426 1547 187 110 domin
551 1547 291 110 consequens
779 1547 291 110 consequens
1007 1547 187 110 illud
1132 1547 187 110 patet

247 1615 185 128 libro
371 1615 123 128 3o
432 1615 246 128 capitulo
617 1615 103 128 5
658 1615 123 128 et
719 1615 144 128 suo
801 1615 287 128 corollario
1027 1615 144 128 sed
1109 1615 144 128 ego
1191 1615 123 128 ne

223 1692 132 117 go
289 1692 374 117 consequentiam
597 1692 176 117 quia
707 1692 198 117 talis
839 1692 330 117 neccessitas
1103 1692 220 117 ipsius

224 1756 306 119 praeteriti
465 1756 153 119 non
552 1756 241 119 pevenit
728 1756 131 119 ex
793 1756 306 119 intrinseco
1034 1756 263 119 notitiae

227 1837 287 115 divinae
435 1837 182 115 sed
540 1837 261 115 potius
722 1837 156 115 ab
800 1837 365 115 extrinseco
1087 1837 208 115 quia

233 1915 192 122 res
342 1915 274 122 posita
534 1915 192 122 est
643 1915 274 122 inesse
835 1915 137 122 ¶
889 1915 164 122 Ad
971 1915 328 122 rationem

252 1981 201 110 contra
392 1981 201 110 primum
533 1981 301 110 corollarium
774 1981 140 110 cum
854 1981 241 110 arguitur
1034 1981 160 110 quod
1115 1981 160 110 simpli

247 2052 239 119 titas
407 2052 213 119 cuis
540 2052 186 119 sit
646 2052 425 119 indivisibile
991 2052 186 119 etc
1098 2052 213 119 nego

233 2136 234 109 tam
366 2136 368 109 maiorem
634 2136 268 109 quod
801 2136 368 109 minorem
1069 2136 234 109 nam

233 2191 289 113 aeque
426 2191 225 113 est
554 2191 353 113 simplex
811 2191 257 113 unum
972 2191 289 113 sicut
1132 2191 129 113 re

245 2263 221 110 liquando
410 2263 92 110 /
447 2263 110 110 Ad
502 2263 221 110 rationes
668 2263 184 110 contra
797 2263 110 110 2m
852 2263 276 110 corollarium
1055 2263 184 110 responde

228 2333 302 120 augustinus
466 2333 216 120 omilis
617 2333 129 120 45
681 2333 194 120 super
811 2333 259 120 Iohannes
1005 2333 280 120 ostendens

239 2409 232 124 quod
384 2409 319 124 varater
616 2409 319 124 dicimus
847 2409 174 124 de
934 2409 203 124 deo
1050 2409 232 124 fuit

225 2485 235 123 erit
372 2485 235 123 quia
519 2485 323 123 numquam
754 2485 294 123 deerit
959 2485 206 123 non
1077 2485 206 123 qui

221 2555 200 131 dem
336 2555 229 131 quod
479 2555 286 131 aliqua
679 2555 372 131 plurlitas
965 2555 343 131 signorum

233 2634 137 123 in
302 2634 183 123 ipso
416 2634 160 123 sit
508 2634 137 123 et
576 2634 252 123 habetur
759 2634 320 123 auctoritas
1011 2634 137 123 et
1057 2634 183 123 respon

229 2711 194 124 sio
340 2711 249 124 plene
506 2711 138 124 a
562 2711 305 124 doctore
783 2711 332 124 profundo
1032 2711 249 124 libro

235 2782 129 119 3o
300 2782 259 119 capitulo
494 2782 129 119 51
559 2782 194 119 circa
688 2782 194 119 finem
817 2782 302 119 corollarii
1055 2782 216 119 aliter

232 2860 237 104 potest
398 2860 332 104 responderi
659 2860 142 104 ex
730 2860 237 104 dictis
896 2860 237 104 domini
1062 2860 237 104 Egidii

237 2934 176 112 libro
355 2934 176 112 primo
472 2934 313 112 distinctione
727 2934 98 112 8
766 2934 176 112 parte
883 2934 98 112 3
923 2934 274 112 quaestione
1138 2934 98 112 4
1177 2934 137 112 ubi

230 3007 282 113 ostendit
441 3007 188 113 quod
558 3007 211 113 licet
699 3007 164 113 non
793 3007 164 113 sit
887 3007 141 113 in
957 3007 258 113 tempore
1122 3007 117 113 per

229 3085 132 106 se
295 3085 154 106 sic
383 3085 176 106 quod
493 3085 242 106 tempore
670 3085 331 106 contineatur
934 3085 154 106 vel
1023 3085 154 106 sic
1111 3085 176 106 quod

224 3171 135 100 in
292 3171 248 100 tempore
472 3171 271 100 senestat
675 3171 158 100 est
766 3171 203 100 tamen
901 3171 135 100 in
968 3171 248 100 tempore
1126 3171 113 100 per

230 3236 262 103 accidens
427 3236 153 103 sic
514 3236 175 103 quod
624 3236 153 103 est
711 3236 197 103 quand
842 3236 219 103 tempus
995 3236 153 103 est
1083 3236 131 103 et
1127 3236 109 103 ido

233 3299 205 128 verba
370 3299 136 128 de
438 3299 227 128 futuro
597 3299 136 128 et
665 3299 136 128 de
733 3299 318 128 praeterito
983 3299 136 128 de
1051 3299 136 128 eo
1120 3299 182 128 dici

1400 358 253 128 possunt
1584 358 138 128 et
1653 358 138 128 si
1723 358 161 128 non
1815 358 138 128 ad
1884 358 207 128 modum
2022 358 346 128 significndi
2299 358 207 128 tamen

1392 442 139 113 ad
1461 442 162 113 rem
1554 442 278 113 signitam
1762 442 139 113 3o
1831 442 231 113 potest
1993 442 324 113 responderi
2248 442 185 113 quod
2340 442 93 113 li

1401 515 309 116 antequam
1633 515 258 116 mundus
1813 515 258 116 fieret
1994 515 258 116 potest
2174 515 155 116 se
2251 515 258 116 habere

1401 591 366 109 habitualiter
1698 591 183 109 haec
1812 591 160 109 est
1904 591 137 109 si
1972 591 251 109 fuisset
2155 591 228 109 tempus
2315 591 183 109 ante

1416 659 262 113 mundum
1599 659 341 113 habuisset
1862 659 262 113 clarem
2046 659 157 113 in
2124 659 210 113 illo
2256 659 131 113 ¶
2308 659 157 113 4o

1411 738 212 116 potest
1559 738 169 116 dici
1665 738 169 116 quod
1771 738 127 116 si
1834 738 275 116 recipitur
2046 738 212 116 tempus
2195 738 148 116 pro
2279 738 233 116 quantum

1406 799 198 123 que
1519 799 395 123 ymaginaria
1829 799 423 123 successione
2168 799 367 123 possibili

1399 876 212 115 sive
1532 876 319 115 ponitiva
1771 876 212 115 sive
1904 876 345 115 privativa
2169 876 212 115 tunc
2276 876 159 115 infi

1406 947 260 116 intum
1580 947 289 116 tempus
1782 947 231 116 fuit
1927 947 231 116 ante
2071 947 289 116 mundum
2274 947 260 116 quare

1402 1012 199 120 talia
1535 1012 354 120 verificantur
1823 1012 244 120 possunt
2000 1012 155 120 pro
2088 1012 244 120 talibus
2266 1012 266 120 signinis

1396 1087 302 122 illius
1607 1087 423 122 ymaginarii
1940 1087 423 122 sunccessus
2272 1087 151 122 ¶
2332 1087 181 122 Ad

1414 1183 231 102 rationem
1587 1183 192 102 contra
1722 1183 115 102 3m
1779 1183 289 102 corollarium
2010 1183 115 102 et
2068 1183 231 102 rationes
2241 1183 289 102 principales

1409 1233 143 125 in
1481 1233 311 125 principio
1720 1233 239 125 factas
1887 1233 167 125 cum
1983 1233 263 125 dicitur
2174 1233 191 125 quod
2294 1233 191 125 nunc

1411 1310 253 101 stans
1579 1310 253 101 facit
1748 1310 449 101 aeternitatem
2112 1310 253 101 sicut
2281 1310 224 101 nunc

1407 1375 257 118 fluens
1587 1375 257 118 tempus
1767 1375 334 118 Respondet
2024 1375 283 118 dominus
2230 1375 283 118 Egidius

1399 1449 156 109 ubi
1488 1449 201 109 ponit
1622 1449 335 109 corollarium
1889 1449 134 109 et
1956 1449 223 109 doctor
2112 1449 245 109 sanctus
2291 1449 201 109 parte

1407 1519 179 124 prima
1527 1519 279 124 quaestione
1745 1519 100 124 4
1785 1519 239 124 articulo
1964 1519 119 124 2o
2024 1519 119 124 et
2084 1519 199 124 doctor
2223 1519 259 124 profundus

1414 1589 160 130 libro
1521 1589 107 130 3o
1574 1589 213 130 capitulo
1734 1589 107 130 51
1788 1589 142 130 quod
1877 1589 142 130 cona
1966 1589 285 130 aeternitatis
2197 1589 160 130 facit
2286 1589 160 130 aeterni

1400 1676 235 113 tatem
1557 1676 288 113 quantum
1766 1676 340 113 adnostrae
2027 1676 262 113 mentis
2211 1676 314 113 apprehen

1385 1755 287 121 sionem
1586 1755 230 121 sive
1730 1755 287 121 nostri
1931 1755 431 121 intellectus
2247 1755 144 121 cog

1399 1823 335 122 nitionem
1651 1823 168 122 ad
1734 1823 252 122 illud
1902 1823 279 122 ibidem
2098 1823 196 122 cum
2209 1823 307 122 dicitur

1408 1895 289 122 aeternitas
1635 1895 144 122 est
1718 1895 227 122 mensura
1882 1895 268 122 conclusio
2089 1895 144 122 sed
2171 1895 144 122 cum
2253 1895 227 122 dicitur

1393 1973 223 121 quod
1533 1973 279 121 verbum
1728 1973 195 121 fit
1839 1973 335 121 immensum
2090 1973 223 121 dico
2230 1973 223 121 quod

1387 2049 271 128 verum
1567 2049 211 128 est
1688 2049 331 128 mensura
1929 2049 391 128 distincta
2229 2049 150 128 a
2290 2049 181 128 se

1378 2120 239 106 ipso
1528 2120 209 106 non
1647 2120 269 106 autem
1826 2120 329 106 dicitur
2065 2120 359 106 nomensus
2304 2120 120 106 me

1388 2206 208 108 sua
1507 2206 238 108 quae
1656 2206 208 108 est
1774 2206 208 108 sua
1893 2206 416 108 aeternitas
2220 2206 267 108 sicut

1392 2271 244 115 ostendit
1574 2271 223 115 dominus
1737 2271 223 115 Egidius
1899 2271 183 115 libro
2021 2271 183 115 primo
2123 2271 284 115 distinctione

1376 2350 100 120 8
1416 2350 180 120 parte
1536 2350 100 120 3
1576 2350 281 120 quaestione
1797 2350 100 120 3
1837 2350 120 120 Ad
1897 2350 200 120 dictum
2037 2350 261 120 augustini
2238 2350 220 120 dicitur

1383 2424 205 112 quod
1511 2424 179 112 non
1614 2424 281 112 lquitur
1818 2424 153 112 de
1895 2424 409 112 aeterinitate
2227 2424 256 112 simple

1402 2502 143 123 sed
1483 2502 123 123 de
1545 2502 327 123 aeternitatem
1811 2502 307 123 particitata
2056 2502 123 123 Ad
2118 2502 123 123 3m
2179 2502 143 123 cum
2261 2502 225 123 dicitur

1389 2571 200 98 quod
1514 2571 250 98 verbum
1689 2571 175 98 fit
1789 2571 225 98 ultra
1939 2571 400 98 aeternitatem
2239 2571 200 98 respon

1373 2637 196 120 det
1485 2637 279 120 doctor
1680 2637 363 120 profundus
1960 2637 224 120 quod
2100 2637 391 120 aeternitas

1363 2720 326 121 dupliciter
1619 2720 257 121 sumitur
1806 2720 163 121 uno
1899 2720 187 121 modo
2016 2720 163 121 pro
2109 2720 163 121 per
2202 2720 187 121 yodo
2319 2720 210 121 unius

1380 2787 276 133 cuuquuur
1587 2787 115 133 n
1633 2787 115 133 i
1679 2787 138 133 te
1748 2787 299 133 naturalis
1977 2787 138 133 2o
2046 2787 184 133 modo
2161 2787 345 133 veriforites

1376 2858 159 109 et
1456 2858 159 109 in
1536 2858 345 109 mobiliter
1801 2858 371 109 simultanea
2093 2858 159 109 ex
2172 2858 239 109 ntura
2331 2858 186 109 dei

1368 2947 131 126 si
1434 2947 197 126 primo
1565 2947 175 126 modo
1675 2947 197 126 intra
1806 2947 153 126 sic
1894 2947 153 126 est
1982 2947 329 126 simpliciter
2245 2947 197 126 verum

1376 3022 165 123 si
1459 3022 165 123 2o
1542 3022 165 123 mo
1624 3022 193 123 sic
1735 3022 248 123 adhuc
1900 3022 193 123 est
2010 3022 248 123 verum
2175 3022 220 123 quia
2313 3022 193 123 est

1390 3088 247 110 ultra
1554 3088 439 110 aeternitatem
1911 3088 247 110 sicut
2076 3088 247 110 causa
2241 3088 247 110 ultra

1383 3164 308 94 causatum
1615 3164 154 94 et
1692 3164 360 94 originatum
1974 3164 154 94 ab
2051 3164 206 94 ipso
2180 3164 206 94 quod
2308 3164 154 94 si

1397 3228 214 117 doctor
1547 3228 300 117 intelligit
1782 3228 343 117 consequentis
2061 3228 236 117 quantum
2232 3228 279 117 adnostram

1363 3311 416 115 cogutionem
1690 3311 327 115 transit
1928 3311 178 115 si
2017 3311 267 115 autem
2195 3311 356 115 absolute
