2964 4324
526 347 163 134 sin
619 347 140 134 2a
689 347 350 134 conclusione
969 347 140 134 in
1039 347 373 134 variabilitas
1318 347 210 134 interia

517 433 292 150 bilitas
730 433 318 150 simultas
969 433 265 150 igitur
1154 433 186 150 etc
1261 433 133 150 /
1314 433 265 150 primum

523 518 329 127 corollarium
787 518 220 127 contra
940 518 263 127 Iohannem
1138 518 132 127 de
1204 518 242 127 marchia
1379 518 176 127 quod

541 577 189 158 prima
667 577 210 158 suarum
815 577 400 158 determinationem
1151 577 253 158 argiculo
1341 577 189 158 primo
1446 577 84 158 so

531 670 216 119 lutione
688 670 177 119 primi
806 670 236 119 articulo
983 670 137 119 9na
1061 670 137 119 2am
1140 670 314 119 conclusionem
1395 670 157 119 nota

516 735 271 147 semper
706 735 298 147 mensura
923 735 190 147 rei
1031 735 325 147 formalis
1275 735 190 147 est
1356 735 163 147 menm

536 806 231 161 suatio
698 806 462 161 proportionaliter
1090 806 277 161 aequalis
1298 806 208 161 patet
1437 806 139 161 ex

535 907 377 143 conclusione
836 907 201 143 quia
962 907 201 143 deus
1088 907 176 143 est
1188 907 327 143 creaturae
1414 907 126 143 meu

530 956 157 159 sua
619 956 269 159 formalis
821 956 135 159 et
888 956 202 159 tamen
1023 956 157 159 non
1113 956 135 159 ei
1180 956 404 159 propiortiorner

539 1035 305 157 adaequatur
779 1035 109 157 /
822 1035 131 157 2m
887 1035 326 157 corollarium
1148 1035 218 157 contra
1301 1035 218 157 eundem
1431 1035 87 157 in

521 1106 242 151 bidem
682 1106 296 151 maioris
898 1106 430 151 perfectionis
1247 1106 350 151 formaltur

529 1182 203 181 est
645 1182 203 181 deo
761 1182 261 181 totam
935 1182 406 181 creabilium
1254 1182 348 181 latitudi

540 1255 175 158 nem
640 1255 350 158 causaliter
915 1255 425 158 superenmentis
1265 1255 350 158 exeptliter

541 1335 348 176 mensurari
809 1335 214 176 quam
943 1335 268 176 tantum
1131 1335 214 176 unum
1265 1335 268 176 gradum
1425 1335 161 176 coar

536 1403 151 153 tum
622 1403 301 153 causaliter
858 1403 280 153 continere
1073 1403 194 153 Cuius
1202 1403 280 153 oppositum
1396 1403 151 153 dicit

544 1489 168 135 in
628 1489 251 135 eadem
796 1489 419 135 responsione
1131 1489 251 135 probo
1298 1489 168 135 2m
1382 1489 196 135 eum

553 1529 237 162 maioris
726 1529 345 162 perfectionis
1006 1529 151 162 est
1092 1529 302 162 formaliter
1329 1529 280 162 continere

553 1624 135 144 esse
637 1624 253 144 perceptivum
840 1624 135 144 quod
924 1624 135 144 esse
1008 1624 152 144 actum
1109 1624 168 144 igitur
1227 1624 253 144 corollarium
1429 1624 152 144 verum

552 1702 184 143 patet
674 1702 327 143 consequentia
939 1702 143 143 cum
1021 1702 123 143 in
1082 1702 163 143 tota
1185 1702 306 143 latitudinem
1430 1702 163 143 esse

536 1758 387 185 perceptivum
845 1758 361 185 includatur
1129 1758 155 185 et
1206 1758 180 185 non
1309 1758 206 185 tota
1412 1758 155 185 lati

537 1844 215 154 tudo
671 1844 188 154 nec
779 1844 215 154 esse
913 1844 403 154 perceptivum
1236 1844 376 154 formalitor

535 1917 152 166 de
611 1917 202 166 esse
737 1917 227 166 actio
888 1917 278 166 dicatur
1090 1917 303 166 Confirmo
1318 1917 177 166 sic
1419 1917 202 166 deus

551 1996 299 166 perfectior
786 1996 150 166 est
871 1996 150 166 meo
957 1996 171 166 quod
1064 1996 321 166 perceptivus
1299 1996 256 166 formaliter

548 2073 154 159 quam
644 2073 134 159 meo
721 2073 154 159 quod
817 2073 173 159 actus
932 2073 192 159 igitur
1066 2073 250 159 continere
1258 2073 154 159 unum
1355 2073 269 159 perfectius

556 2157 122 152 est
625 2157 226 152 continere
799 2157 209 152 alterius
956 2157 278 152 consequentia
1182 2157 139 152 nota
1269 2157 244 152 antecedens
1460 2157 122 152 est

539 2222 142 152 suum
628 2222 106 152 ut
681 2222 160 152 supra
788 2222 177 152 patuit
912 2222 106 152 in
965 2222 106 152 3a
1018 2222 284 152 distinctione
1249 2222 89 152 /
1284 2222 106 152 3m
1337 2222 266 152 corollarium

543 2295 270 136 contra
732 2295 270 136 eundem
921 2295 162 136 in
1002 2295 243 136 eadem
1165 2295 405 136 responsione

525 2362 238 131 deus
674 2362 208 131 non
793 2362 208 131 est
912 2362 357 131 immensus
1179 2362 416 131 formaliter

513 2430 158 152 ex
592 2430 184 152 hoc
697 2430 211 152 quod
829 2430 316 152 continet
1066 2430 316 152 bigradum
1303 2430 290 152 coloris

518 2507 383 168 exepiliter
818 2507 437 168 supereventis
1174 2507 465 168 independentis

518 2587 265 135 probatur
717 2587 331 135 corollarium
982 2587 155 135 nam
1070 2587 133 135 si
1136 2587 155 135 per
1225 2587 375 135 ymaginationem

515 2666 221 151 deus
653 2666 249 151 esset
819 2666 249 151 solum
985 2666 304 151 finitae
1206 2666 331 151 virtutis
1454 2666 138 151 n

529 2745 241 126 minus
690 2745 455 126 independentis
1065 2745 268 126 posset
1252 2745 348 126 continere

548 2824 101 131 b
588 2824 203 131 gradum
730 2824 223 131 caloris
893 2824 203 131 igitur
1035 2824 304 131 corollarium
1278 2824 183 131 verum
1400 2824 203 131 Contra

536 2908 164 110 ista
639 2908 185 110 dicta
762 2908 205 110 argiuo
906 2908 185 110 primo
1029 2908 144 110 sic
1112 2908 205 110 contra
1255 2908 329 110 conclusionem

528 2979 259 109 mensa
701 2979 259 109 debet
873 2979 230 109 esse
1017 2979 345 109 unigenea
1275 2979 172 109 id
1362 2979 201 109 est
1448 2979 86 109 u

542 3039 186 120 uius
658 3039 256 120 generis
844 3039 163 120 cum
937 3039 303 120 mensurato
1170 3039 140 120 10
1240 3039 372 120 metaphysicae

545 3127 181 122 sed
649 3127 207 122 deus
778 3127 181 122 non
881 3127 181 122 est
985 3127 285 122 eiusdem
1192 3127 285 122 generis
1399 3127 181 122 cum

555 3185 161 125 rebus
662 3185 197 125 creatis
806 3185 179 125 igitur
931 3185 233 125 conclusio
1110 3185 161 125 falsa
1217 3185 107 125 2o
1271 3185 179 125 contra
1396 3185 179 125 eandem

528 3267 188 122 sunt
645 3267 305 122 argumenta
880 3267 141 122 in
950 3267 141 122 3o
1021 3267 329 122 principali
1279 3267 211 122 facta
1420 3267 188 122 quia

532 3319 162 156 deus
633 3319 142 156 non
714 3319 142 156 est
795 3319 324 156 proporcitais
1058 3319 122 156 2o
1119 3319 142 156 non
1200 3319 324 156 replirilitis
1463 3319 101 156 3

1683 335 220 139 quia
1820 335 412 139 quantititas
2149 335 192 139 non
2259 335 329 139 competit
2506 335 192 139 deo
2616 335 192 139 vel

1680 415 326 144 aeternitat
1936 415 233 144 Contra
2099 415 326 144 corollario
2354 415 279 144 quilibet
2564 415 233 144 gradus

1677 489 371 150 latitudins
1968 489 344 150 creabilem
2233 489 238 150 aeque
2392 489 265 150 exigit
2551 489 185 150 gradu

1680 555 350 165 inmensum
1942 555 175 165 ad
2030 555 233 165 suum
2175 555 233 165 essa
2321 555 204 165 ita
2438 555 233 165 quod
2583 555 204 165 non

1673 632 188 160 citr
1791 632 282 160 sufficit
2003 632 141 160 ad
2073 632 188 160 suum
2191 632 188 160 esse
2309 632 329 160 causaliter
2567 632 212 160 sicud

1680 699 208 153 tota
1810 699 313 153 latitudo
2045 699 365 153 creabilium
2331 699 261 153 igitur
2514 699 156 153 ex
2592 699 182 153 uno

1682 767 182 165 tam
1786 767 338 165 perfectus
2046 767 182 165 est
2150 767 234 165 sicut
2305 767 156 165 ex
2383 767 208 165 alio
2513 767 156 165 Ad
2591 767 208 165 ista

1686 832 358 155 respondetur
1973 832 143 155 et
2044 832 215 155 primo
2188 832 143 155 ad
2259 832 239 155 primum
2427 832 167 155 cum
2522 832 263 155 dicitur

1686 917 292 183 mensura
1899 917 239 183 debet
2058 917 212 183 esse
2190 917 186 183 etc
2296 917 212 183 dico
2429 917 212 183 quod
2561 917 239 183 verum

1685 985 207 170 est
1804 985 326 170 sumendo
2041 985 267 170 genus
2219 985 267 170 large
2396 985 207 170 pro
2515 985 296 170 quotum

1693 1060 172 153 quod
1800 1060 322 153 comclusione
2057 1060 279 153 virficato
2271 1060 129 153 de
2336 1060 257 153 pluribus
2529 1060 172 153 sive
2636 1060 150 153 eum

1681 1132 224 132 noce
1821 1132 224 132 sive
1962 1132 365 132 aequivoce
2242 1132 224 132 sive
2382 1132 196 132 per
2495 1132 253 132 anolo

1687 1214 213 117 giam
1821 1214 160 117 et
1901 1214 213 117 tunc
2034 1214 240 117 minor
2194 1214 187 117 est
2300 1214 240 117 falsa
2460 1214 213 117 quia
2594 1214 187 117 sic

1684 1275 168 167 ens
1780 1275 265 167 dicitur
1973 1275 144 167 de
2045 1275 168 167 deo
2141 1275 144 167 et
2213 1275 313 167 creaturis
2454 1275 144 167 Ad
2526 1275 265 167 secudam

1689 1353 314 132 rationem
1925 1353 210 132 quae
2056 1353 210 132 fuit
2187 1353 157 132 3a
2265 1353 393 132 principalis
2580 1353 210 132 dico

1683 1414 161 145 ad
1764 1414 268 145 primum
1951 1414 214 145 quod
2085 1414 241 145 licet
2245 1414 241 145 inter
2406 1414 214 145 deum
2540 1414 161 145 et
2593 1414 134 145 cre

1691 1489 288 150 aturas
1893 1489 201 150 non
2008 1489 201 150 sit
2123 1489 374 150 proportio
2411 1489 288 150 quanti
2583 1489 144 150 ade

1691 1575 353 125 quationis
1962 1575 190 125 est
2071 1575 244 125 tamen
2234 1575 353 125 proportio
2505 1575 298 125 ordinis

1696 1627 197 171 sine
1819 1627 320 171 exeplaris
2066 1627 345 171 mutationis
2336 1627 148 171 et
2410 1627 172 171 hoc
2509 1627 295 171 sufficit

1663 1717 153 111 Ad
1740 1717 153 111 2m
1817 1717 205 111 dico
1945 1717 205 111 quod
2072 1717 256 111 replio
2251 1717 179 111 non
2354 1717 153 111 de
2430 1717 307 111 rationem

1694 1777 253 132 mensurae
1883 1777 316 132 quantitivae
2136 1777 316 132 simpliciter
2388 1777 147 132 sed
2473 1777 126 132 de
2536 1777 231 132 ratione

1682 1852 258 129 mensure
1869 1852 328 129 quantitive
2127 1852 141 129 et
2197 1852 164 129 sic
2291 1852 211 129 etiam
2431 1852 234 129 potest
2595 1852 187 129 dici

1695 1916 165 130 ad
1777 1916 274 130 primum
1969 1916 165 130 Ad
2051 1916 165 130 3m
2134 1916 165 130 in
2216 1916 247 130 eodem
2381 1916 384 130 principali

1688 1986 161 147 dico
1788 1986 161 147 quod
1889 1986 261 147 mensurare
2090 1986 241 147 competit
2271 1986 322 147 consequentis
2532 1986 221 147 proprie

1697 2064 166 151 2m
1780 2064 193 151 rem
1891 2064 442 151 significatam
2250 2064 166 151 et
2332 2064 442 151 inpositionem

1679 2147 365 125 nominis
1945 2147 266 125 quia
2111 2147 299 125 primo
2310 2147 498 125 inponebatur

1705 2226 210 154 rebus
1845 2226 280 154 quaentis
2055 2226 163 154 sed
2148 2226 163 154 hoc
2242 2226 163 154 non
2335 2226 280 154 inpredit
2545 2226 257 154 quoniam

1699 2288 344 142 significatum
1978 2288 151 142 deo
2064 2288 280 142 competere
2279 2288 215 142 possit
2430 2288 129 142 Ad
2494 2288 258 142 rationem

1708 2350 173 155 conta
1823 2350 250 155 collarium
2015 2350 134 155 ico
2092 2350 173 155 primo
2207 2350 154 155 quod
2303 2350 230 155 quilibet
2476 2350 288 155 prilosephis

1681 2428 302 134 ponens
1892 2428 242 134 deum
2044 2428 242 134 esse
2195 2428 363 134 virtetis
2467 2428 302 134 finite

1696 2514 207 154 tantum
1841 2514 228 154 negaret
2007 2514 270 154 assumptum
2215 2514 124 154 2o
2277 2514 166 154 dico
2381 2514 166 154 quod
2464 2514 290 154 consequentia

1694 2591 299 144 secundum
1918 2591 174 144 sua
2018 2591 324 144 principia
2267 2591 174 144 non
2366 2591 224 144 valet
2516 2591 174 144 nam
2615 2591 149 144 2m

1698 2667 170 133 eum
1795 2667 243 133 certum
1965 2667 170 133 est
2062 2667 194 133 quod
2184 2667 219 133 eadem
2330 2667 292 133 potentia
2549 2667 243 133 activa

1694 2731 138 162 in
1763 2731 161 162 deo
1855 2731 138 162 et
1924 2731 299 162 vitaliter
2154 2731 322 162 perceptiva
2407 2731 138 162 et
2476 2731 207 162 tamen
2614 2731 184 162 ipsa

1699 2820 194 137 eadem
1829 2820 259 137 potentia
2023 2820 151 137 non
2109 2820 151 137 est
2195 2820 151 137 tam
2281 2820 259 137 perfecta
2475 2820 302 137 formaliter

1697 2882 140 150 2m
1767 2882 187 150 quod
1883 2882 163 150 est
1977 2882 233 150 activa
2140 2882 163 150 sed
2233 2882 187 150 quod
2350 2882 163 150 est
2443 2882 327 150 perceptiva

1690 2955 140 139 sic
1770 2955 261 139 similiter
1971 2955 221 139 dicerem
2131 2955 160 139 sibi
2232 2955 160 139 haec
2332 2955 160 139 quod
2432 2955 321 139 consequentia

1695 3031 134 109 non
1771 3031 172 109 valet
1886 3031 115 109 de
1943 3031 172 109 forma
2058 3031 134 109 etc
2134 3031 229 109 sequitur
2306 3031 267 109 distinctio
2516 3031 153 109 nova

1866 3092 182 150 unc
1970 3092 208 150 post
2100 3092 234 150 filii
2256 3092 416 150 aeternitatem
2595 3092 208 150 ista

1866 3170 376 138 distinctio
2162 3170 161 138 ad
2242 3170 430 138 praecedentia
2592 3170 188 138 sic

1884 3245 340 127 continuatur
2156 3245 181 127 quia
2270 3245 181 127 post
2383 3245 181 127 quod
2496 3245 272 127 magister

1699 3311 335 147 sufficienter
1971 3311 314 147 determinait
2222 3311 126 147 de
2285 3311 314 147 generatione
2536 3311 188 147 filii
2640 3311 84 147 nc
