2964 4275
247 404 188 147 quod
365 404 188 147 unus
483 404 283 147 terminus
695 404 141 147 ad
765 404 212 147 plura
907 404 212 147 unica
1048 404 306 147 relatione

260 505 137 125 etc
339 505 215 125 concedo
495 505 274 125 consequens
710 505 215 125 propter
867 505 254 125 omnimodum
1062 505 274 125 ydemptitum

255 582 248 124 modum
421 582 248 124 eorum
587 582 221 124 quem
725 582 276 124 habent
918 582 442 124 principiandi

249 650 167 113 ad
333 650 167 113 2m
416 650 251 113 unius
584 650 335 113 effectus
835 650 279 113 plures
1030 650 279 113 essent

254 722 268 131 causae
442 722 295 131 totales
656 722 295 131 concedo
871 722 241 131 sicut
1032 722 215 131 fuit
1139 722 188 131 expo-

249 782 195 137 situm
379 782 347 137 distinctione
661 782 195 137 supra
791 782 108 137 5
835 782 130 137 Ex
900 782 152 137 quo
986 782 195 137 patet
1116 782 173 137 quod
1203 782 130 137 arma

259 867 176 142 caus
369 867 198 142 libro
501 867 110 142 6
545 867 264 142 capitulo
743 867 132 142 13
809 867 154 142 non
897 867 176 142 bene
1007 867 198 142 dicit
1139 867 176 142 quod
1227 867 88 142 si

236 934 153 151 per
324 934 328 151 inpossibile
586 934 175 151 unum
695 934 306 151 principium
936 934 240 151 istorum
1110 934 153 151 non
1176 934 153 151 proce

239 1025 203 126 det
355 1025 203 126 nec
471 1025 349 126 reliquum
733 1025 262 126 licet
907 1025 291 126 namque
1111 1025 262 126 verum

255 1105 139 129 sit
334 1105 139 129 non
414 1105 198 129 potest
552 1105 178 129 tamen
671 1105 238 129 commenti
849 1105 139 129 nec
929 1105 139 129 est
1008 1105 178 129 verum
1107 1105 178 129 propter

260 1182 200 133 suum
385 1182 275 133 motivum
585 1182 200 133 ideo
710 1182 200 133 scet
835 1182 200 133 quia
960 1182 250 133 habent
1135 1182 200 133 unam

247 1260 190 112 vim
355 1260 163 112 et
437 1260 326 112 virtutem
681 1260 272 112 omnino
872 1260 380 112 spritrandi
1170 1260 163 112 ad

254 1319 136 141 3m
322 1319 159 141 cum
413 1319 249 141 dicitur
594 1319 181 141 quod
708 1319 272 141 effectus
912 1319 317 141 dependeret
1161 1319 204 141 sicud

245 1407 151 117 supra
346 1407 168 117 dictum
463 1407 117 117 est
530 1407 101 117 de
581 1407 151 117 filio
681 1407 268 117 distinctione
899 1407 101 117 7a
950 1407 252 117 conclusione
1151 1407 101 117 2a

248 1469 131 120 Ad
314 1469 153 120 3am
401 1469 262 120 rationem
598 1469 153 120 cum
685 1469 262 120 arguitur
881 1469 240 120 aliquod
1056 1469 306 120 principium

248 1547 142 128 non
329 1547 142 128 est
410 1547 203 128 filius
553 1547 203 128 igitur
695 1547 203 128 nullum
838 1547 142 128 etc
919 1547 203 128 potest
1061 1547 163 128 dici
1163 1547 163 128 quod

259 1630 282 119 regula
456 1630 197 119 non
569 1630 254 119 forte
738 1630 366 119 generalis
1019 1630 169 119 2o
1104 1630 225 119 quod

258 1712 187 120 regula
389 1712 298 120 intelligitur
631 1712 131 120 ubi
706 1712 280 120 praedicatio
930 1712 168 120 omnio
1042 1712 131 120 est
1116 1712 224 120 essentia

258 1787 194 116 lis
369 1787 167 116 3o
453 1787 222 116 quod
591 1787 250 116 forma
758 1787 194 116 non
869 1787 250 116 valet
1035 1787 222 116 quia
1174 1787 167 116 ar

241 1859 214 131 guerem
390 1859 278 131 similiter
604 1859 150 131 sic
690 1859 235 131 aliquid
861 1859 150 131 est
946 1859 192 131 pater
1074 1859 171 131 quod
1181 1859 150 131 non

243 1929 142 123 est
324 1929 203 123 filius
466 1929 203 123 igitur
608 1929 203 123 nichil
751 1929 163 123 quod
852 1929 142 123 est
933 1929 183 123 pater
1055 1929 142 123 est
1136 1929 203 123 filius

250 2005 214 128 igitur
399 2005 256 128 essentia
592 2005 171 128 quae
698 2005 150 128 est
784 2005 192 128 pater
912 2005 150 128 non
998 2005 150 128 est
1083 2005 214 128 filius

240 2101 222 105 utrum
388 2101 222 105 autem
537 2101 321 105 instantia
784 2101 346 105 reperiatur
1055 2101 148 105 in
1104 2101 198 105 creatu

249 2165 173 127 ris
348 2165 321 127 reperiere
595 2165 173 127 non
693 2165 247 127 possum
866 2165 173 127 pro
965 2165 197 127 nunc
1064 2165 197 127 aliter

260 2237 194 113 patet
390 2237 258 113 dicendum
583 2237 129 113 ex
648 2237 215 113 dictis
799 2237 194 113 alani
928 2237 215 113 regula
1079 2237 129 113 et
1122 2237 172 113 commen

258 2311 149 121 to
333 2311 224 121 sucut
482 2311 224 121 supra
632 2311 174 121 est
731 2311 224 121 visum
881 2311 149 121 ad
955 2311 149 121 6a
1030 2311 299 121 rationem

254 2381 144 112 cum
337 2381 268 112 quaeritur
543 2381 124 112 an
605 2381 165 112 haec
708 2381 268 112 conclusio
914 2381 144 112 vel
996 2381 144 112 hic
1078 2381 268 112 articulus

252 2467 268 125 sequatur
453 2467 268 125 expresse
653 2467 134 125 ex
720 2467 223 125 dictis
877 2467 201 125 sacra
1011 2467 312 125 scripturae
1234 2467 89 125 di

252 2548 163 122 co
333 2548 191 122 cum
442 2548 245 122 beato
606 2548 354 122 augustino
878 2548 218 122 quod
1015 2548 163 122 si
1096 2548 191 122 ego
1178 2548 109 122 ne

254 2615 257 125 sarem
425 2615 257 125 infre
596 2615 228 125 quia
738 2615 257 125 tamen
909 2615 228 125 ipse
1052 2615 257 125 dicit

250 2696 164 118 se
332 2696 191 118 hoc
441 2696 410 118 testimoniis
769 2696 383 118 scripturae
1042 2696 246 118 ostendi

259 2765 162 127 sse
352 2765 186 127 quod
468 2765 209 127 credo
607 2765 186 127 ideo
723 2765 186 127 quod
839 2765 162 127 sic
932 2765 186 127 quod
1048 2765 139 127 ut
1117 2765 232 127 melius

240 2840 346 133 videatur
499 2840 317 133 adducam
730 2840 202 133 pro
845 2840 202 133 hoc
960 2840 230 133 quae
1104 2840 230 133 mihi

235 2902 253 133 hanc
394 2902 412 133 veritatem
710 2902 285 133 magis
900 2902 380 133 videntur
1153 2902 127 133 so

246 2979 237 134 nare
395 2979 267 134 pater
573 2979 267 134 illas
751 2979 237 134 quas
899 2979 356 134 magister
1137 2979 178 134 addu

250 3068 165 122 cit
345 3068 141 122 in
415 3068 212 122 textu
556 3068 188 122 unde
674 3068 282 122 Iohannes
886 3068 141 122 15
957 3068 259 122 dicitur
1145 3068 188 122 quem

245 3131 157 131 ego
334 3131 202 131 mitto
469 3131 112 131 a
513 3131 202 131 patre
648 3131 134 131 Et
715 3131 269 131 Iohannes
916 3131 134 131 16
984 3131 134 131 si
1051 3131 291 131 econverso

243 3203 200 134 non
358 3203 285 134 abiero
557 3203 399 134 peraclitus
871 3203 200 134 etc
985 3203 228 134 Item
1128 3203 228 134 luce

244 3275 284 149 ultimo
443 3275 199 149 Ego
556 3275 284 149 mittam
755 3275 370 149 promissum
1040 3275 284 149 patris

249 3372 185 143 in
342 3372 216 143 vos
465 3372 246 143 Item
619 3372 185 143 ad
711 3372 216 143 thi
834 3372 185 143 3o
927 3372 369 143 planarum
1173 3372 123 143 re

1427 402 342 109 gulationis
1695 402 146 109 et
1768 402 390 109 renovationis
2086 402 293 109 spiritus
2281 402 195 109 sancti

1419 477 257 119 quem
1579 477 353 119 effudit
1836 477 192 119 in
1932 477 224 119 nos
2060 477 321 119 huunde
2253 477 160 119 per

1443 547 215 122 iheum
1586 547 287 122 christum
1801 547 191 122 Item
1921 547 287 122 Iohannes
2136 547 143 122 2o
2207 547 287 122 inflavit

1435 629 146 121 etc
1519 629 125 121 et
1581 629 250 121 sequitur
1769 629 250 121 accipite
1957 629 250 121 spiritum
2144 629 167 121 quam
2249 629 271 121 auctorita

1436 695 170 119 tem
1533 695 268 119 exponit
1728 695 341 119 augustinum
1995 695 146 119 ad
2068 695 341 119 propositum
2336 695 122 119 4
2385 695 146 119 de

1433 777 308 100 trinitate
1670 777 284 100 capitulo
1883 777 142 100 53
1954 777 142 100 de
2025 777 237 100 parvis
2191 777 142 100 et
2262 777 142 100 20
2333 777 142 100 de
2380 777 95 100 ma

1426 842 233 128 guinis
1589 842 186 128 Item
1705 842 279 128 Iohannes
1915 842 140 128 3o
1985 842 163 128 non
2078 842 233 128 potest
2241 842 233 128 filius

1422 911 133 141 a
1476 911 159 141 se
1555 911 265 141 facere
1741 911 318 141 quidquam
1980 911 212 141 nisi
2112 911 212 141 quod
2245 911 292 141 viderit

1416 995 276 118 patrem
1610 995 359 118 facientem
1886 995 386 118 quaecumque
2189 995 221 118 enim
2327 995 221 118 iste

1426 1073 256 138 fecerit
1612 1073 186 138 haec
1728 1073 140 138 et
1798 1073 233 138 filius
1961 1073 303 138 similiter
2194 1073 209 138 facit
2333 1073 186 138 unde

1441 1150 272 110 augustinum
1654 1150 117 110 2o
1713 1150 117 110 de
1771 1150 253 110 trinitate
1965 1150 233 110 capitulo
2140 1150 117 110 3o
2198 1150 175 110 aliae
2315 1150 194 110 plures

1413 1228 466 111 auctoritates
1792 1228 291 111 patent
1996 1228 175 111 in
2083 1228 262 111 textu
2258 1228 175 111 Et
2345 1228 175 111 si

1424 1298 276 113 dicitur
1625 1298 226 113 quare
1776 1298 251 113 graeci
1952 1298 176 113 non
2052 1298 327 113 advertunt
2303 1298 201 113 dico

1422 1377 196 114 quod
1544 1377 220 114 forte
1691 1377 342 114 pertinatia
1959 1377 220 114 eorum
2106 1377 171 114 est
2204 1377 147 114 et
2277 1377 196 114 haec

1429 1440 132 137 de
1495 1440 198 137 prima
1627 1440 331 137 conclusione
1892 1440 309 137 sufficiant
2134 1440 132 137 2a
2201 1440 287 137 conclusio

1437 1506 241 138 circa
1598 1506 455 138 distinctiones
1972 1506 161 138 10
2053 1506 161 138 et
2133 1506 161 138 11
2213 1506 187 138 sic
2320 1506 187 138 hoc

1432 1590 228 113 pater
1584 1590 152 113 et
1659 1590 253 113 verbum
1837 1590 177 113 per
1938 1590 253 113 unicum
2115 1590 228 113 modum
2267 1590 253 113 agendi

1429 1666 358 119 naturalem
1705 1666 165 119 et
1788 1666 303 119 liberum
2008 1666 386 119 distinctum
2311 1666 138 119 a
2339 1666 110 119 se

1442 1735 218 129 spirant
1601 1735 238 129 spiritum
1780 1735 218 129 sanctum
1939 1735 159 129 Ista
2038 1735 258 129 conclusio
2237 1735 179 129 habet
2356 1735 139 129 4or

1437 1809 222 135 partes
1592 1809 222 135 quarum
1747 1809 177 135 duae
1858 1809 266 135 scilicet
2057 1809 199 135 pater
2190 1809 133 135 et
2257 1809 222 135 filius

1442 1881 247 148 spirant
1621 1881 269 148 spiritum
1823 1881 247 148 sanctum
2003 1881 135 148 et
2070 1881 180 148 quod
2183 1881 157 148 per
2272 1881 225 148 unicum

1441 1932 171 160 modum
1555 1932 171 160 patet
1669 1932 114 160 ex
1725 1932 284 160 conclusione
1953 1932 171 160 prima
2067 1932 133 160 cum
2143 1932 152 160 suis
2238 1932 303 160 corollariiis

1431 2035 164 117 et
1513 2035 247 117 aliis
1677 2035 274 117 dictis
1869 2035 247 117 aliae
2034 2035 219 117 duae
2171 2035 274 117 partes
2335 2035 137 117 pro

1415 2118 272 129 bantur
1605 2118 218 129 quod
1741 2118 218 129 enim
1877 2118 272 129 libere
2067 2118 245 129 patet
2230 2118 218 129 quia
2339 2118 109 129 vo

1433 2196 243 128 luntarie
1615 2196 122 128 2m
1676 2196 162 128 quod
1777 2196 142 128 est
1859 2196 243 128 expressa
2041 2196 264 128 sententia
2244 2196 264 128 augustini

1424 2271 141 121 15
1494 2271 141 121 et
1564 2271 141 121 de
1635 2271 305 121 trinitate
1869 2271 281 121 capitulo
2080 2271 141 121 27
2151 2271 164 121 ubi
2244 2271 188 121 post
2362 2271 164 121 mul

1431 2351 128 122 ta
1495 2351 192 122 verba
1622 2351 213 122 inquid
1772 2351 298 122 augustinus
2006 2351 128 122 in
2070 2351 149 122 hac
2155 2351 128 122 re
2219 2351 256 122 scilicet

1429 2428 253 114 trinitate
1623 2428 291 114 intelligere
1856 2428 330 114 neccessitatis
2128 2428 117 114 et
2186 2428 311 114 processionis

1418 2500 349 128 distantiam
1692 2500 274 128 quoniam
1892 2500 174 128 non
1991 2500 199 128 haec
2116 2500 174 128 est
2191 2500 249 128 cognitio

1420 2581 366 135 conspicere
1707 2581 209 135 quod
1838 2581 314 135 appetere
2073 2581 183 135 vel
2178 2581 183 135 iam
2256 2581 157 135 frui

1420 2637 260 161 voluntate
1620 2637 160 161 quod
1720 2637 140 161 non
1800 2637 300 161 naturaliter
2039 2637 240 161 probatur
2219 2637 300 161 auctoritate

1410 2735 325 113 hylarii
1647 2735 296 113 quinto
1854 2735 177 113 de
1943 2735 384 113 trinitate
2238 2735 266 113 sicut

1409 2806 220 145 fuit
1547 2806 358 145 allegatum
1823 2806 193 145 pro
1933 2806 248 145 parte
2098 2806 413 145 affirmativa

1416 2884 246 135 quovis
1589 2884 197 135 quod
1712 2884 344 135 distinctum
1982 2884 148 135 ab
2056 2884 172 135 eis
2154 2884 221 135 patet
2302 2884 221 135 satis

1427 2964 113 112 ex
1484 2964 188 112 dictis
1615 2964 245 112 augustini
1803 2964 169 112 primo
1916 2964 113 112 de
1973 2964 245 112 trinitate
2161 2964 226 112 capitulo
2311 2964 132 112 primo

1429 2998 137 173 de
1498 2998 320 173 quantitate
1750 2998 229 173 animae
1910 2998 275 173 capitulo
2116 2998 160 173 13o
2207 2998 183 173 quia
2322 2998 206 173 nulla

1427 3110 206 134 res
1544 3110 177 134 se
1633 3110 265 134 ipsam
1809 3110 353 134 producit
2074 3110 442 134 Confirmatur

1414 3180 220 137 quia
1552 3180 275 137 aliter
1745 3180 193 137 non
1855 3180 275 137 essent
2047 3180 220 137 tres
2185 3180 330 137 personae

1423 3272 269 130 distinctae
1634 3272 192 130 contra
1768 3272 249 130 magistrum
1960 3272 307 130 distinctione
2209 3272 115 130 2a
2267 3272 173 130 primi

1427 3344 275 133 sententiarum
1650 3344 103 133 et
1702 3344 172 133 contra
1823 3344 155 133 etiam
1926 3344 103 133 et
1977 3344 327 133 determinationem
2253 3344 224 133 ecclesiae
