2964 4270
467 452 191 163 dico
587 452 191 163 quod
706 452 334 163 ydemptitas
969 452 358 163 essentialis
1231 452 215 163 naturae

484 524 258 162 illorum
671 524 375 162 suppositorum
976 524 141 162 Et
1046 524 211 162 tamen
1187 524 141 162 2o
1257 524 258 162 dicitur

463 610 174 143 quod
572 610 304 143 diversitas
811 610 283 143 principii
1028 610 304 143 productivi
1268 610 152 143 etc
1355 610 174 143 dico

472 694 166 142 quod
576 694 125 142 si
639 694 166 142 haec
742 694 166 142 vera
846 694 146 142 est
930 694 166 142 quod
1033 694 187 142 tamen
1158 694 146 142 non
1241 694 166 142 dico
1345 694 166 142 tunc

472 763 152 138 est
559 763 173 138 vera
667 763 130 138 in
732 763 195 138 illis
862 763 152 138 ubi
949 763 303 138 principium
1187 763 325 138 productivum

477 836 123 130 in
538 836 205 130 natura
682 836 123 130 et
743 836 246 130 essentia
928 836 144 130 est
1010 836 287 130 distinctum
1235 836 103 130 a
1276 836 246 130 producto

498 918 210 106 sicut
638 918 327 106 principium
894 918 327 106 receptivum
1151 918 233 106 semper
1315 918 163 106 est
1385 918 93 106 re

484 981 282 118 ceptum
681 981 395 118 distinctum
991 981 141 118 a
1048 981 197 118 suo
1160 981 310 118 recepto
1386 981 197 118 ubi

466 1060 187 140 vero
582 1060 163 140 non
676 1060 163 140 est
769 1060 233 140 simile
933 1060 327 140 diversitas
1189 1060 163 140 vel
1283 1060 257 140 distinc

489 1144 168 130 tio
585 1144 168 130 non
681 1144 265 130 oportet
874 1144 192 130 quod
994 1144 168 130 ita
1090 1144 168 130 sit
1186 1144 144 130 et
1259 1144 168 130 ita
1355 1144 168 130 est

492 1196 150 149 haec
586 1196 187 149 aliter
717 1196 168 149 patet
829 1196 112 149 ex
885 1196 187 149 glossa
1016 1196 262 149 decretalis
1222 1196 224 149 dicendum
1390 1196 150 149 quia

495 1269 223 164 scilicet
663 1269 130 164 ibi
737 1269 130 164 est
812 1269 223 164 praecise
980 1269 130 164 una
1054 1269 168 164 ratio
1166 1269 186 164 agendi
1296 1269 149 164 ideo
1371 1269 130 164 ratio

479 1336 269 142 actio
658 1336 209 142 una
778 1336 179 142 2m
868 1336 269 142 illum
1047 1336 269 142 modum
1226 1336 329 142 dicendi

473 1410 229 167 quod
616 1410 229 167 dico
759 1410 229 167 quia
902 1410 200 167 non
1017 1410 286 167 assero
1217 1410 257 167 ipsum
1389 1410 172 167 Ad

491 1491 212 145 argumentum
658 1491 152 145 contra
764 1491 152 145 primum
870 1491 228 145 corollarium
1052 1491 121 145 quod
1128 1491 106 145 est
1189 1491 212 145 argumentum
1355 1491 182 145 doctoris

487 1583 334 115 subtilis
738 1583 306 115 dicerem
961 1583 251 115 primo
1128 1583 167 115 ad
1211 1583 306 115 minorem

487 1653 158 126 quod
586 1653 238 126 voluntas
764 1653 139 126 non
844 1653 178 126 esset
962 1653 218 126 formale
1121 1653 277 126 principium
1339 1653 198 126 produc

473 1715 194 155 tivum
603 1715 216 155 saltem
754 1715 130 155 ad
819 1715 194 155 intra
949 1715 151 155 sic
1035 1715 238 155 diceret
1208 1715 324 155 philosophus

476 1797 122 129 de
537 1797 265 129 voluntate
741 1797 204 129 divina
883 1797 183 129 sicut
1005 1797 183 129 patet
1128 1797 122 129 12
1189 1797 326 129 metaphysicae

472 1874 175 110 2o
559 1874 234 110 dico
705 1874 175 110 ad
793 1874 321 110 maiorem
1027 1874 234 110 quod
1173 1874 234 110 vera
1319 1874 204 110 est

473 1933 124 148 si
535 1933 185 148 inter
659 1933 185 148 illud
782 1933 288 148 principium
1009 1933 124 148 et
1070 1933 247 148 terminum
1256 1933 268 148 productum

479 2027 283 112 aliqua
677 2027 397 112 distinctio
989 2027 397 112 reperiatur
1300 2027 227 112 quae

474 2084 252 104 omnino
650 2084 151 104 ad
726 2084 403 104 productionem
1053 2084 353 104 requiritur
1330 2084 176 104 cum

460 2163 268 130 nulla
639 2163 208 130 res
758 2163 178 130 se
847 2163 268 130 ipsam
1025 2163 357 130 producat
1293 2163 238 130 modo

472 2229 200 133 inter
605 2229 310 133 voluntatem
849 2229 244 133 divinam
1026 2229 133 133 et
1093 2229 266 133 spiritum
1292 2229 244 133 sanctum

477 2324 202 100 nulla
611 2324 225 100 omnino
769 2324 157 100 est
858 2324 315 100 distinctio
1106 2324 202 100 quare
1240 2324 315 100 argumentum

470 2382 199 113 non
583 2382 370 113 concludit
868 2382 171 113 Ad
954 2382 342 113 rationes
1210 2382 228 113 quae
1324 2382 142 113 pos

487 2452 157 127 sent
585 2452 176 127 fieri
703 2452 118 127 ex
762 2452 196 127 dictis
899 2452 235 127 gregorii
1075 2452 118 127 et
1134 2452 176 127 etiam
1252 2452 274 127 argumentum

482 2532 269 110 sanctum
677 2532 220 110 sicut
824 2532 171 110 non
922 2532 196 110 sunt
1044 2532 245 110 contra
1215 2532 294 110 doctorem

462 2613 304 115 subtilis
690 2613 178 115 sic
791 2613 203 115 enim
918 2613 254 115 contra
1096 2613 152 115 me
1172 2613 203 115 quia
1299 2613 203 115 ipse

452 2684 273 107 locuitur
657 2684 136 107 de
725 2684 295 107 libertate
952 2684 386 107 contingentiae
1270 2684 136 107 et
1338 2684 159 107 ego

453 2739 148 122 de
527 2739 322 122 libertate
775 2739 470 122 immutabilitatis
1220 2739 148 122 Ad
1294 2739 247 122 primam

463 2823 295 117 rationem
685 2823 295 117 alphonsi
906 2823 221 117 patet
1054 2823 197 117 quod
1177 2823 320 117 assumptum

461 2890 196 136 est
573 2890 336 136 negandum
825 2890 168 136 et
909 2890 196 136 cum
1020 2890 336 136 probatur
1272 2890 224 136 quia

456 2970 242 125 spiritus
637 2970 222 125 sanctus
799 2970 141 125 est
880 2970 161 125 amor
981 2970 202 125 igitur
1122 2970 222 125 nostras
1283 2970 141 125 est
1364 2970 161 125 eius

467 3026 258 149 principium
669 3026 166 149 patet
780 3026 147 149 quod
872 3026 295 149 consequentia
1112 3026 129 149 non
1185 3026 166 149 valet
1296 3026 203 149 sumendo

457 3099 324 131 voluntatem
711 3099 393 131 essentialiter
1035 3099 139 131 ut
1105 3099 208 131 summo
1244 3099 162 131 sed
1336 3099 185 131 bene

465 3165 196 174 sequitur
612 3165 131 174 quod
694 3165 180 174 aliquid
825 3165 131 174 quod
907 3165 115 174 est
972 3165 196 174 voluntas
1119 3165 131 174 quia
1201 3165 147 174 pater
1299 3165 98 174 et
1348 3165 147 174 etiam

442 3248 272 168 filius
632 3248 136 168 /
687 3248 272 168 aliter
877 3248 272 168 posset
1068 3248 218 168 dici
1204 3248 299 168 negando

461 3330 386 155 consequentiam
779 3330 182 155 quia
893 3330 159 155 non
984 3330 273 155 sequitur
1188 3330 159 155 est
1279 3330 204 155 actus

1611 430 237 136 voluntas
1789 430 198 136 igitur
1928 430 138 136 non
2007 430 257 136 naturalis
2204 430 178 136 patet
2323 430 158 136 quia
2422 430 218 136 materia
2560 430 119 136 reci

1610 527 153 119 pitur
1712 527 170 119 natura
1832 527 153 119 sicut
1934 527 188 119 habetur
2070 527 273 119 distinctione
2292 527 102 119 10
2343 527 153 119 primo
2445 527 153 119 libro
2548 527 205 119 doctoris

1615 593 340 130 subtilis
1870 593 170 130 et
1955 593 255 130 satis
2125 593 312 130 pulchre
2351 593 312 130 deducit
2549 593 142 130 bon

1622 665 228 103 simlant
1788 665 186 103 libro
1912 665 186 103 primo
2036 665 331 103 distinctione
2305 665 124 103 10
2367 665 186 103 dubio
2491 665 186 103 primo

1617 737 122 110 Ad
1678 737 122 110 2m
1738 737 142 110 cum
1819 737 243 110 arguitur
2002 737 243 110 spiritus
2184 737 223 110 sanctus
2347 737 142 110 non
2428 737 284 110 producitur

1621 801 305 117 quomodo
1843 801 249 117 natus
2009 801 222 117 nego
2148 801 249 117 istam
2314 801 416 117 simpliciter

1626 878 204 124 quia
1753 878 178 124 non
1855 878 229 124 solum
2007 878 178 124 est
2109 878 229 124 falsa
2262 878 178 124 sed
2364 878 229 124 etiam
2517 878 178 124 nec

1619 944 187 113 tuta
1736 944 187 113 nisi
1853 944 211 113 magis
1994 944 422 113 spirificaretur
2345 944 141 113 li
2415 944 352 113 naturaliter

1619 1013 182 133 nam
1723 1013 182 133 non
1827 1013 234 133 video
1983 1013 234 133 magis
2139 1013 416 133 inconveniens
2450 1013 208 133 semper

1626 1085 234 141 effectum
1802 1085 156 141 esse
1900 1085 195 141 natura
2037 1085 156 141 quam
2134 1085 195 141 filium
2271 1085 254 141 voluntate
2467 1085 117 141 et
2525 1085 176 141 tamen

1633 1151 192 146 magister
1777 1151 144 146 libro
1873 1151 144 146 primo
1970 1151 257 146 distinctione
2178 1151 80 146 a
2210 1151 192 146 capitulo
2354 1151 160 146 ultimo
2467 1151 144 146 circa
2563 1151 144 146 finem

1614 1228 189 121 ait
1722 1228 297 121 dicamus
1938 1228 270 121 igitur
2127 1228 216 121 quia
2262 1228 243 121 pater
2424 1228 243 121 sicut
2559 1228 108 121 sa

1607 1309 271 127 piens
1788 1309 211 127 ita
1908 1309 301 127 volens
2119 1309 301 127 genuit
2330 1309 301 127 filium
2540 1309 211 127 ita

1631 1381 278 122 similiter
1844 1381 235 122 videtur
2015 1381 171 122 quod
2122 1381 213 122 possit
2271 1381 171 122 dici
2378 1381 128 122 de
2442 1381 235 122 spiritu

1628 1448 189 132 sancto
1760 1448 189 132 igitur
1893 1448 132 132 etc
1968 1448 113 132 3o
2025 1448 246 132 conclusio
2214 1448 170 132 licet
2328 1448 132 132 per
2403 1448 189 132 nullum
2517 1448 151 132 comple

1604 1529 197 132 xum
1716 1529 309 132 praeter
1941 1529 225 132 suam
2081 1529 309 132 activam
2306 1529 421 132 spirationem

1616 1602 232 128 verbum
1778 1602 116 128 a
1824 1602 255 128 spiritu
2010 1602 232 128 sancto
2172 1602 208 128 capia
2311 1602 394 128 distinctionem

1626 1669 177 133 tamen
1744 1669 157 133 haec
1843 1669 315 133 consequentia
2099 1669 138 133 non
2177 1669 138 133 est
2256 1669 236 133 formalis
2433 1669 236 133 spiritus

1620 1753 118 115 a
1668 1753 212 115 verbo
1809 1753 165 115 non
1904 1753 330 115 producitur
2163 1753 236 115 igitur
2328 1753 142 115 ab
2399 1753 142 115 eo
2470 1753 165 115 non
2541 1753 94 115 di

1613 1836 361 123 stinguitur
1897 1836 232 123 prima
2051 1836 206 123 pars
2180 1836 232 123 patet
2335 1836 206 123 quia
2464 1836 258 123 nichil

1615 1898 158 141 est
1706 1898 135 141 in
1773 1898 203 141 filio
1908 1898 180 141 quod
2021 1898 158 141 non
2111 1898 158 141 sit
2201 1898 180 141 ipse
2313 1898 225 141 filius
2471 1898 225 141 igitur

1625 1976 248 123 nichil
1799 1976 174 123 est
1898 1976 149 123 in
1972 1976 223 123 filio
2121 1976 198 123 quod
2245 1976 174 123 non
2345 1976 174 123 sit
2444 1976 174 123 sua
2543 1976 174 123 spi

1608 2047 237 129 ratio
1766 2047 237 129 patet
1923 2047 210 129 quia
2055 2047 210 129 ipse
2186 2047 184 129 est
2292 2047 184 129 sua
2397 2047 316 129 spiratio

1613 2122 250 135 activa
1788 2122 375 135 Confirmatur
2088 2122 150 135 si
2163 2122 175 135 per
2263 2122 275 135 aliquid
2463 2122 250 135 potest

1621 2205 182 122 suam
1735 2205 340 122 spirationem
2007 2205 250 122 caperet
2189 2205 318 122 distinctum
2438 2205 272 122 sequitur

1605 2283 226 125 quod
1746 2283 283 125 filius
1944 2283 198 125 non
2058 2283 255 125 esset
2227 2283 255 125 summe
2397 2283 311 125 simplex

1623 2357 157 130 quod
1722 2357 138 130 est
1800 2357 197 130 falsum
1938 2357 315 130 consequentia
2194 2357 177 130 patet
2312 2357 157 130 quia
2410 2357 197 130 plures
2528 2357 118 130 enti

1623 2429 237 131 tates
1781 2429 264 131 forent
1966 2429 158 131 in
2045 2429 211 131 ipso
2177 2429 369 131 incomplexe
2467 2429 211 131 quod
2572 2429 106 131 re

1611 2523 291 113 pugnat
1815 2523 349 113 simplici
2076 2523 145 113 /
2134 2523 175 113 2a
2222 2523 233 113 pars
2367 2523 349 113 probatur

1615 2581 220 129 quia
1753 2581 275 129 filius
1946 2581 193 129 non
2056 2581 193 129 non
2166 2581 248 129 solum
2331 2581 138 129 a
2386 2581 303 129 spiritu

1626 2655 202 123 sancto
1767 2655 141 123 nec
1848 2655 242 123 spiritus
2029 2655 222 123 sanctus
2190 2655 262 123 econverso
2392 2655 161 123 quia
2493 2655 181 123 ipsum

1621 2725 223 119 verbum
1777 2725 246 119 sprirat
1955 2725 223 119 igitur
2112 2725 357 119 consequentia
2402 2725 179 119 illa
2513 2725 156 119 non

1605 2803 179 132 fuit
1717 2803 269 132 formalis
1918 2803 358 132 consequentia
2209 2803 202 132 patet
2344 2803 179 132 quia
2455 2803 134 132 in
2523 2803 179 132 illa

1624 2865 296 127 consequentia
1864 2865 222 127 arguitur
2031 2865 93 127 a
2068 2865 222 127 pluribus
2234 2865 185 127 causis
2364 2865 241 127 veritatis
2549 2865 111 127 ad
2586 2865 56 127 u

1605 2938 149 145 nam
1690 2938 149 145 sed
1775 2938 192 145 talis
1903 2938 341 145 consequentia
2181 2938 149 145 non
2266 2938 192 145 valet
2394 2938 213 145 igitur
2543 2938 149 145 etc

1620 3017 278 128 antecedens
1839 3017 238 128 arguitur
2017 3017 159 128 quia
2117 3017 199 128 filius
2256 3017 318 128 sufficienter
2494 3017 179 128 disting

1614 3099 179 113 uitur
1734 3099 100 113 a
1773 3099 219 113 spiritu
1933 3099 179 113 sacto
2052 3099 139 113 per
2132 3099 139 113 hoc
2212 3099 159 113 quod
2311 3099 159 113 ipse
2411 3099 139 113 est
2491 3099 100 113 a
2531 3099 179 113 patre

1612 3175 304 108 nascendo
1840 3175 152 108 et
1916 3175 304 108 spiritus
2144 3175 279 108 sanctus
2347 3175 177 108 non
2448 3175 254 108 nascen

1618 3241 131 100 do
1684 3241 153 100 sed
1771 3241 218 100 tantum
1923 3241 305 100 producendo
2163 3241 131 100 et
2228 3241 174 100 haec
2337 3241 196 100 ratio
2468 3241 240 100 videtur

1622 3299 138 126 esse
1708 3299 242 126 augustinum
1898 3299 86 126 5
1933 3299 104 126 de
1985 3299 225 126 trinitate
2157 3299 207 126 capitulo
2313 3299 104 126 14
2365 3299 138 126 ideo
2451 3299 207 126 spiritus
