2964 4228
319 443 125 146 et
382 443 353 146 distinctionem
673 443 291 146 personarum
901 443 166 146 esse
1005 443 146 146 per
1089 443 291 146 relationes

314 536 157 125 et
392 536 184 125 non
497 536 157 125 se
576 536 236 125 ipsis
734 536 210 125 quod
865 536 210 125 nego
996 536 157 125 ad
1075 536 315 125 rationes

306 601 254 145 gregorii
497 601 212 145 contra
645 601 127 145 3m
708 601 318 145 corollarium
963 601 148 145 Cum
1047 601 191 145 primo
1175 601 212 145 probat

311 686 448 129 consequentiam
680 686 237 129 illam
838 686 211 129 esse
970 686 237 129 bonam
1128 686 264 129 verbum

315 762 145 130 non
398 762 248 130 producit
584 762 248 130 spiritum
771 762 207 130 igitur
915 762 248 130 spiritus
1102 762 228 130 sanctus
1247 762 103 130 non

305 857 169 110 est
401 857 217 110 primo
546 857 193 110 quia
667 857 289 110 spiritus
884 857 265 110 sanctus
1077 857 169 110 non
1173 857 217 110 esset

297 918 259 116 donum
470 918 287 116 posset
671 918 201 116 hic
786 918 259 116 primo
958 918 259 116 dicit
1102 918 259 116 negando

312 976 345 141 consequentiam
596 976 122 141 et
657 976 142 141 cum
738 976 183 141 primo
860 976 203 141 probat
1002 976 142 141 per
1084 976 325 141 auctoritatem

308 1059 240 122 apostoli
488 1059 100 122 /
528 1059 120 122 2o
588 1059 140 122 per
668 1059 320 122 auctoritates
928 1059 260 122 augustini
1128 1059 160 122 dico
1228 1059 160 122 quod

302 1134 327 123 locuntur
547 1134 245 123 sicut
711 1134 218 123 nunc
847 1134 191 123 est
956 1134 136 123 /
1011 1134 191 123 vel
1120 1134 273 123 posset

301 1216 212 110 dici
434 1216 212 110 quod
567 1216 239 110 donum
726 1216 239 110 filii
885 1216 212 110 nunc
1018 1216 239 110 esset
1177 1216 186 110 sed

296 1291 232 108 tamen
451 1291 181 108 non
554 1291 232 108 esset
709 1291 206 108 tunc
838 1291 232 108 donum
993 1291 232 108 filii
1148 1291 129 108 /
1199 1291 129 108 3
1251 1291 155 108 et

302 1361 170 125 magis
415 1361 113 125 ad
472 1361 264 125 propositum
679 1361 132 125 cum
755 1361 226 125 arguitur
924 1361 226 125 spiritus
1094 1361 207 125 sanctus
1245 1361 132 125 non

299 1442 238 121 esset
457 1442 238 121 donum
616 1442 265 121 patris
802 1442 159 121 et
881 1442 238 121 filii
1040 1442 212 121 nego
1173 1442 185 121 hoc

293 1508 206 121 dico
422 1508 206 121 quod
551 1508 232 121 esset
705 1508 232 121 donum
860 1508 232 121 filii
1014 1508 180 121 non
1117 1508 257 121 quidem

297 1580 119 132 a
345 1580 214 132 filio
488 1580 167 132 sed
583 1580 167 132 per
678 1580 238 132 filium
845 1580 167 132 sic
940 1580 191 132 enim
1059 1580 143 132 de
1131 1580 214 132 facto
1250 1580 95 132 po

300 1680 200 99 nunt
425 1680 251 99 graeci
601 1680 125 99 /
651 1680 150 99 4o
726 1680 251 99 posset
901 1680 225 99 forte
1051 1680 200 99 dici
1177 1680 200 99 quod

295 1728 205 124 esset
432 1728 205 124 donum
569 1728 205 124 filii
706 1728 160 124 per
797 1728 228 124 filium
956 1728 137 124 et
1025 1728 114 124 a
1070 1728 205 124 filio
1207 1728 160 124 non

301 1813 236 127 quidem
466 1813 330 127 productive
726 1813 165 127 sed
820 1813 306 127 obiective
1055 1813 165 127 ita
1150 1813 188 127 quod

305 1897 235 114 filius
470 1897 212 114 esset
611 1897 282 114 obiectum
823 1897 353 114 dilectionis
1106 1897 282 114 paternae

292 1972 173 126 qua
391 1972 346 126 producitur
663 1972 296 126 spiritus
885 1972 272 126 sanctus
1083 1972 124 126 /
1132 1972 148 126 Ad
1206 1972 173 126 2am

291 2051 248 115 eius
446 2051 372 115 rationem
725 2051 186 115 et
818 2051 310 115 dictum
1004 2051 310 115 armakani

280 2132 237 116 dico
428 2132 326 116 negando
665 2132 444 116 simpliciter
1021 2132 237 116 quia
1169 2132 207 116 non

293 2197 233 119 habeo
448 2197 181 119 pro
552 2197 440 119 inconvenienti
914 2197 207 119 quod
1043 2197 207 119 duae
1173 2197 207 119 sint

293 2278 168 134 vel
389 2278 216 134 esset
533 2278 264 134 possuit
725 2278 192 134 esse
844 2278 384 134 sufficientes
1156 2278 216 134 unius

292 2373 359 110 effectus
561 2373 209 110 ita
681 2373 239 110 quod
830 2373 269 110 etiam
1009 2373 209 110 una
1099 2373 209 110 subla

299 2438 176 129 ta
387 2438 263 129 adhuc
562 2438 205 129 est
679 2438 351 129 effectus
943 2438 234 129 esse
1089 2438 293 129 potest

305 2534 194 116 quod
426 2534 243 116 maxime
596 2534 218 116 verum
742 2534 170 116 est
839 2534 146 116 in
912 2534 316 116 proposito
1154 2534 194 116 isto

300 2591 129 122 Ad
365 2591 151 122 3am
451 2591 172 122 nego
559 2591 323 122 simpliciter
817 2591 366 122 consequentiam
1119 2591 172 122 quia
1226 2591 151 122 non

294 2668 191 114 est
403 2668 274 114 simile
595 2668 164 114 de
677 2668 301 114 actibus
895 2668 164 114 ad
977 2668 246 114 intra
1142 2668 246 114 notio

306 2729 293 132 naturalibus
541 2729 117 132 et
599 2729 117 132 ad
658 2729 176 132 extra
775 2729 312 132 essentialius
1028 2729 176 132 sicut
1145 2729 156 132 iste
1223 2729 98 132 doc

291 2820 172 117 tor
390 2820 172 117 met
488 2820 221 117 habet
635 2820 246 117 dicere
807 2820 344 117 communiter
1077 2820 147 117 ad
1151 2820 172 117 sua

292 2886 218 121 dicta
437 2886 145 121 Ex
510 2886 194 121 hiis
631 2886 218 121 patet
776 2886 194 121 quid
897 2886 290 121 dicendum
1114 2886 145 121 ad
1187 2886 169 121 3am

297 2954 298 133 rationem
521 2954 373 133 principalem
819 2954 373 133 quaestionis
1117 2954 149 133 et
1192 2954 149 133 ad

294 3036 240 103 totam
454 3036 399 103 quaestionem

438 3100 168 112 tem
534 3100 311 112 quaeritur
773 3100 192 112 ista
893 3100 335 112 distinctio
1156 3100 144 112 12
1228 3100 144 112 ad

427 3176 386 108 praecedentia
741 3176 362 108 continuatur
1030 3176 193 108 post
1151 3176 193 108 quam

457 3247 243 127 magister
639 3247 324 127 determinavit
902 3247 122 127 de
963 3247 182 127 filii
1065 3247 263 127 generatione

284 3324 121 133 et
344 3324 241 133 spiritus
525 3324 201 133 sancti
666 3324 322 133 processionem
927 3324 141 133 pro
1008 3324 241 133 sequitur
1188 3324 161 133 nunc

1489 445 161 116 de
1570 445 241 116 earum
1731 445 161 116 ad
1811 445 295 116 invicem
2026 445 429 116 comparatione
2374 445 161 116 et
2428 445 107 116 di

1489 526 310 123 viditur
1714 526 169 123 in
1798 526 225 123 duas
1939 526 281 123 partes
2136 526 225 123 quia
2277 526 253 123 primo
2417 526 113 123 ma

1484 592 305 121 gister
1697 592 305 121 aliqua
1910 592 366 121 inquirit
2185 592 183 121 de
2276 592 305 121 ordine

1476 674 359 123 processionis
1768 674 112 123 /
1813 674 135 123 2o
1880 674 270 123 ostendit
2082 674 359 123 differentiam
2352 674 157 123 proce

1485 738 278 140 ssionis
1687 738 152 140 et
1763 738 404 140 generationis
2091 738 202 140 tunc
2217 738 152 140 2a
2293 738 202 140 pars
2394 738 101 140 in

1501 821 187 128 cipit
1626 821 125 128 in
1688 821 332 128 distinctione
1958 821 125 128 13
2020 821 166 128 post
2124 821 145 128 hoc
2207 821 353 128 considerandum

1501 901 189 119 prima
1627 901 168 119 pars
1732 901 168 119 quae
1836 901 147 119 est
1920 901 126 119 12
1983 901 335 119 distinctione
2255 901 272 119 dividitur

1503 966 147 122 in
1577 966 196 122 duas
1700 966 245 122 partes
1871 966 368 122 principales
2166 966 172 122 nam
2264 966 221 122 primo
2386 966 123 122 mo-

1490 1049 189 110 vet
1598 1049 406 110 quaestiones
1923 1049 216 110 duas
2058 1049 135 110 /
2112 1049 162 110 2o
2193 1049 243 110 ponit
2356 1049 162 110 ad
2437 1049 135 110 e

1486 1115 130 115 as
1551 1115 348 115 responsiones
1834 1115 261 115 proprias
2030 1115 174 115 tunc
2138 1115 130 115 2a
2204 1115 174 115 pars
2312 1115 239 115 incipit

1482 1184 155 109 ibi
1570 1184 133 109 In
1637 1184 177 109 hiis
1747 1184 133 109 et
1813 1184 199 109 huius
1946 1184 133 109 et
2012 1184 177 109 ista
2122 1184 133 109 2a
2189 1184 177 109 pars
2299 1184 287 109 dividitur

1480 1245 152 100 in
1556 1245 203 100 duas
1683 1245 254 100 partes
1861 1245 178 100 nam
1962 1245 229 100 primo
2115 1245 305 100 ostendit
2344 1245 203 100 quod

1483 1319 255 133 spiritus
1674 1319 234 133 sanctus
1844 1319 149 133 non
1929 1319 255 133 procedit
2120 1319 106 133 a
2163 1319 191 133 patre
2290 1319 170 133 quam
2397 1319 106 133 a
2418 1319 85 133 fi

1473 1389 171 122 lio
1570 1389 219 122 prius
1716 1389 122 122 /
1765 1389 146 122 2o
1838 1389 195 122 quod
1960 1389 171 122 non
2057 1389 219 122 magis
2203 1389 171 122 vel
2301 1389 268 122 plenius

1466 1472 160 97 et
1546 1472 160 97 3o
1627 1472 321 97 ostendit
1867 1472 214 97 quis
2001 1472 187 97 sit
2108 1472 347 97 aliquarum
2348 1472 134 97 auc

1470 1532 321 109 toritatum
1717 1532 370 109 intellectus
2013 1532 222 109 verus
2161 1532 197 109 tunc
2285 1532 148 109 2a
2359 1532 197 109 pars

1486 1595 186 102 est
1593 1595 186 102 ibi
1699 1595 212 102 nunc
1832 1595 239 102 autem
1991 1595 372 102 tractandum
2283 1595 159 102 3a
2336 1595 133 102 ibi

1461 1672 255 106 augustinus
1661 1672 164 106 tamen
1771 1672 109 106 in
1825 1672 164 106 libro
1935 1672 109 106 de
1990 1672 237 106 trinitate
2172 1672 109 106 et
2227 1672 146 106 tunc
2318 1672 219 106 sequitur

1471 1735 144 116 13
1543 1735 336 116 distinctio
1807 1735 192 116 quae
1927 1735 216 116 etiam
2071 1735 240 116 potest
2239 1735 240 116 dividi
2383 1735 96 116 in

1498 1813 227 110 partes
1657 1813 181 110 duas
1770 1813 136 110 2m
1838 1813 181 110 quod
1952 1813 159 110 duo
2042 1813 272 110 ostendit
2246 1813 272 110 magister

1481 1876 153 108 nam
1569 1876 197 108 primo
1700 1876 262 108 ostendit
1897 1876 175 108 quod
2006 1876 262 108 spiritus
2203 1876 241 108 sanctus
2378 1876 153 108 non

1472 1929 247 119 debet
1636 1929 220 119 dici
1773 1929 302 119 genitus
1993 1929 247 119 licet
2158 1929 137 119 a
2213 1929 247 119 patre
2377 1929 165 119 et

1472 2009 222 134 filio
1620 2009 296 134 procedat
1842 2009 148 134 2o
1916 2009 197 134 quod
2040 2009 173 134 non
2139 2009 222 134 debet
2287 2009 197 134 dici
2385 2009 99 134 in

1475 2079 241 123 genitus
1650 2079 197 123 licet
1782 2079 153 123 non
1869 2079 153 123 per
1957 2079 351 123 generationem
2242 2079 175 123 esse
2330 2079 131 123 capi

1484 2146 140 126 at
1554 2146 187 126 tunc
1670 2146 140 126 2a
1740 2146 187 126 pars
1857 2146 163 126 est
1950 2146 163 126 ibi
2043 2146 187 126 nunc
2160 2146 397 126 considerandum

1465 2226 168 119 est
1561 2226 168 119 etc
1657 2226 216 119 prima
1801 2226 312 119 dividitur
2041 2226 144 119 in
2113 2226 192 119 tres
2233 2226 168 119 nam
2329 2226 216 119 primo

1475 2290 265 115 magister
1674 2290 265 115 ostendit
1872 2290 243 115 quomodo
2049 2290 265 115 generari
2248 2290 155 115 non
2314 2290 221 115 competit

1465 2362 216 133 spiritu
1622 2362 196 133 sancto
1760 2362 118 133 2o
1819 2362 236 133 ostendit
1995 2362 157 133 quod
2093 2362 255 133 producere
2290 2362 236 133 convenit

1466 2439 190 119 filio
1593 2439 106 119 /
1635 2439 127 119 3o
1698 2439 169 119 ipse
1804 2439 254 119 ostendit
1994 2439 169 119 quae
2100 2439 148 119 sit
2185 2439 190 119 inter
2311 2439 275 119 generatio

1470 2518 129 122 et
1535 2518 345 122 processionem
1816 2518 324 122 differentia
2075 2518 129 122 et
2139 2518 302 122 distinctio
2377 2518 173 122 tunc

1470 2586 135 139 2a
1538 2586 180 139 pars
1651 2586 158 139 est
1741 2586 158 139 ibi
1831 2586 158 139 cum
1922 2586 203 139 autem
2057 2586 271 139 spiritus
2260 2586 248 139 sanctus

1474 2650 121 136 3a
1534 2650 141 136 ibi
1615 2650 182 136 inter
1736 2650 323 136 generationem
1999 2650 141 136 non
2079 2650 182 136 filii
2200 2650 161 136 Tunc
2301 2650 242 136 sequitur

1475 2746 218 115 secunda
1634 2746 158 115 pars
1733 2746 297 115 principalis
1970 2746 158 115 nunc
2069 2746 337 115 considerandum
2347 2746 158 115 quae
2426 2746 79 115 si

1475 2811 251 117 militer
1658 2811 296 117 dividitur
1886 2811 137 117 ut
1954 2811 205 117 prima
2091 2811 137 117 in
2159 2811 114 117 3
2205 2811 228 117 partes
2364 2811 182 117 quia

1484 2883 165 109 primo
1593 2883 219 109 ostendit
1758 2883 219 109 magister
1923 2883 219 109 spiritum
2087 2883 219 109 spiritum
2252 2883 219 109 spiritum
2417 2883 128 109 non

1464 2956 226 107 debere
1622 2956 180 107 dici
1735 2956 293 107 ingenitum
1961 2956 113 107 /
2006 2956 135 107 2o
2073 2956 135 107 ex
2141 2956 226 107 dictis
2276 2956 226 107 Ieromini

1459 3029 192 88 obicit
1593 3029 115 88 in
1650 3029 268 88 contrarium
1861 3029 115 88 et
1918 3029 115 88 3o
1976 3029 192 88 solvit
2110 3029 268 88 argumentum
2301 3029 192 88 obiectum

1459 3092 174 108 tunc
1568 3092 131 108 2a
1634 3092 174 108 pars
1743 3092 153 108 est
1830 3092 153 108 ibi
1917 3092 283 108 Ieronimus
2135 3092 196 108 tamen
2266 3092 131 108 in
2331 3092 240 108 regulis

1437 3166 137 120 3a
1506 3166 160 120 ibi
1597 3166 160 120 sed
1688 3166 137 120 ut
1756 3166 205 120 istam
1893 3166 137 120 et
1961 3166 182 120 haec
2075 3166 160 120 est
2167 3166 296 120 sententia
2372 3166 182 120 genera

1454 3236 143 125 lis
1535 3236 122 125 in
1596 3236 286 125 spiritiali
1821 3236 184 125 autem
1943 3236 143 125 etc

1608 3313 180 113 Trum
1720 3313 270 113 spiritus
1923 3313 248 113 sanctus
2103 3313 248 113 taliter
2283 3313 113 113 a
2328 3313 203 113 patre
