2964 4270
456 429 138 148 et
525 429 207 148 filio
663 429 276 148 procedat
870 429 184 148 quod
985 429 161 148 nec
1077 429 253 148 genitus
1261 429 161 148 nec
1330 429 138 148 inge

475 516 189 99 nitus
601 516 168 99 dici
706 516 168 99 vere
811 516 210 99 valeat
958 516 126 99 et
1021 516 252 99 arguitur
1210 516 189 99 primo
1336 516 168 99 quod

464 582 152 132 non
551 582 174 132 quia
660 582 131 132 si
725 582 261 132 spiritus
921 582 239 132 sanctus
1095 582 152 132 non
1182 582 283 132 diceretur
1378 582 87 132 ge

470 652 189 131 initus
603 652 152 131 vere
697 652 189 131 posset
830 652 265 131 distinctum
1038 652 170 131 inter
1152 652 284 131 spirationem
1379 652 114 131 et

458 720 404 129 generationem
786 720 152 129 in
862 720 177 129 via
963 720 126 129 a
1014 720 303 129 theologo
1241 720 303 129 cognosci

475 795 212 128 consequens
641 795 151 128 falsum
747 795 91 128 et
793 795 151 128 contra
898 795 151 128 beatum
1004 795 212 128 augustinum
1171 795 91 128 ut
1216 795 136 128 dicit
1307 795 182 128 magister

464 863 109 135 in
518 863 145 135 ista
609 863 309 135 distinctionis
864 863 109 135 13
918 863 218 135 capitulo
1082 863 91 135 3
1118 863 164 135 Inter
1209 863 255 135 generationem

459 943 200 128 vero
584 943 150 128 et
659 943 375 128 spriationem
959 943 175 128 dum
1060 943 175 128 hic
1160 943 225 128 unius
1285 943 200 128 distin

454 1021 174 121 guere
570 1021 135 121 non
647 1021 232 121 possumus
821 1021 193 121 igitur
956 1021 232 121 quaestio
1129 1021 174 121 falsa
1245 1021 116 121 2o
1303 1021 135 121 sit
1380 1021 135 121 non

454 1086 211 139 plus
586 1086 238 139 negat
744 1086 291 139 negatio
956 1086 211 139 quam
1088 1086 291 139 affimat
1273 1086 185 139 affir

463 1161 209 132 matio
602 1161 233 132 igitur
765 1161 140 132 si
835 1161 349 132 affirmativa
1114 1161 163 132 non
1207 1161 186 132 erit
1323 1161 186 132 vera

452 1221 287 158 spiritus
667 1221 167 158 est
763 1221 263 158 genitus
954 1221 191 158 sive
1073 1221 215 158 falsa
1216 1221 167 158 hoc
1312 1221 191 158 erit

462 1300 178 148 vera
573 1300 267 148 spiritus
774 1300 245 148 sanctus
952 1300 156 148 est
1041 1300 290 148 ingenitus
1264 1300 134 148 3o
1331 1300 201 148 nulla

472 1370 160 147 est
564 1370 320 147 distinctio
815 1370 206 147 inter
952 1370 366 147 generationem
1249 1370 137 147 et
1318 1370 206 147 spira

467 1445 159 134 tionem
578 1445 159 134 igitur
690 1445 191 134 quaestio
832 1445 143 134 falsa
928 1445 254 134 consequentia
1134 1445 127 134 nota
1214 1445 95 134 et
1261 1445 222 134 antecedens

461 1516 287 122 probatur
676 1516 191 122 quia
795 1516 191 122 illa
915 1516 215 122 foret
1058 1516 358 122 differentia
1321 1516 167 122 speci

469 1599 178 115 fica
580 1599 156 115 vel
669 1599 289 115 numeralis
891 1599 156 115 sed
980 1599 222 115 nullum
1136 1599 245 115 istorum
1314 1599 222 115 potest

476 1682 149 114 dici
569 1682 186 114 igitur
699 1682 167 114 nulla
811 1682 130 114 est
885 1682 260 114 distinctio
1089 1682 297 114 consequentia
1331 1682 167 114 patet

453 1734 187 148 quia
569 1734 140 148 si
639 1734 233 148 aliqua
803 1734 187 148 alia
919 1734 210 148 esset
1059 1734 210 148 esset
1199 1734 327 148 distinctio

465 1816 293 129 generis
678 1816 213 129 quae
812 1816 186 129 ibi
918 1816 186 129 non
1025 1816 266 129 potest
1211 1816 293 129 admitti

442 1908 139 128 In
511 1908 301 128 oppositum
742 1908 162 128 est
835 1908 370 128 determinatio
1135 1908 277 128 magistri
1344 1908 139 128 in

470 1957 203 149 littera
617 1957 184 149 istius
746 1957 258 149 praesentis
949 1957 313 149 distinctionis
1207 1957 166 149 patet
1317 1957 129 149 per
1391 1957 129 149 mul

474 2035 125 112 ta
537 2035 188 112 verba
662 2035 125 112 et
725 2035 334 112 auctoritates
996 2035 271 112 sanctorum
1205 2035 125 112 Ad
1267 2035 167 112 idem
1372 2035 146 112 est

464 2103 299 132 dictum
674 2103 180 132 Io
763 2103 180 132 3o
853 2103 210 132 sic
973 2103 240 132 deus
1123 2103 329 132 dilexit
1332 2103 150 132 mun

463 2171 131 113 dum
538 2171 131 113 etc
613 2171 112 113 Et
669 2171 187 113 beatus
799 2171 261 113 augustinum
1004 2171 93 113 3
1042 2171 112 113 de
1098 2171 243 113 trinitate
1265 2171 187 113 capitulo

460 2242 113 128 6
506 2242 203 128 prima
641 2242 293 128 conclusio
867 2242 248 128 quamvis
1047 2242 158 128 ubi
1137 2242 226 128 genero
1295 2242 158 128 non
1363 2242 113 128 sit

473 2317 268 131 spiritus
673 2317 223 131 sancti
829 2317 290 131 processio
1052 2317 178 131 lege
1164 2317 201 131 tamen
1298 2317 223 131 stante

454 2385 350 145 qualiter
716 2385 204 145 una
833 2385 204 145 non
950 2385 204 145 sit
1067 2385 233 145 alia
1212 2385 146 145 a
1271 2385 263 145 viato

456 2459 142 118 re
527 2459 166 118 non
622 2459 237 118 potest
789 2459 190 118 dari
907 2459 332 118 sufficiens
1168 2459 214 118 ratio
1311 2459 142 118 et
1358 2459 119 118 evi

462 2524 159 129 deus
561 2524 179 129 ratio
681 2524 159 129 ista
780 2524 258 129 conclusio
979 2524 219 129 videtur
1138 2524 159 129 esse
1217 2524 199 129 expressa

457 2593 221 121 sententia
627 2593 221 121 damasceni
797 2593 153 121 libro
899 2593 85 121 1
933 2593 204 121 capitulo
1087 2593 102 121 10
1138 2593 187 121 Quoniam
1274 2593 119 121 est
1342 2593 170 121 quidam

454 2676 306 114 differentia
698 2676 327 114 generationis
964 2676 122 114 et
1025 2676 327 114 processionis
1290 2676 224 114 dicimus

442 2730 189 111 quis
560 2730 212 111 autem
702 2730 165 111 est
796 2730 212 111 modus
938 2730 236 111 dicere
1103 2730 330 111 nequamquam
1363 2730 142 111 ad

445 2810 140 129 idem
533 2810 140 129 sunt
621 2810 158 129 verba
726 2810 228 129 augustini
902 2810 105 129 13
955 2810 105 129 de
1007 2810 228 129 trinitate
1183 2810 211 129 capitulo
1341 2810 105 129 23
1376 2810 88 129 ubi

447 2870 252 140 videtur
631 2870 229 140 dicere
791 2870 183 140 quod
906 2870 206 140 illam
1043 2870 298 140 veritatem
1273 2870 138 140 in
1341 2870 183 140 illa

431 2943 201 118 luce
556 2943 326 118 videbimus
807 2943 176 118 ubi
907 2943 226 118 nulla
1058 2943 301 118 quaestio
1284 2943 201 118 erit

432 3004 111 146 Ad
487 3004 148 146 idem
579 3004 148 146 sunt
671 3004 166 146 verba
782 3004 111 146 in
837 3004 240 146 praesenti
1022 3004 295 146 distinctione
1262 3004 129 146 ubi
1317 3004 166 146 dicitur

437 3069 259 137 capitulo
632 3069 108 137 4
675 3069 173 137 quid
783 3069 194 137 autem
913 3069 194 137 inter
1042 3069 194 137 nasci
1172 3069 130 137 et
1236 3069 281 137 procedere

438 3136 222 125 inter
586 3136 173 125 sit
685 3136 148 125 de
759 3136 197 125 illa
882 3136 469 125 excellentissima
1277 3136 247 125 natura

437 3215 295 129 loquens
652 3215 214 129 quis
786 3215 349 129 explicare
1054 3215 268 129 potest
1242 3215 161 129 Et
1322 3215 188 129 sub

433 3285 204 119 dit
549 3285 262 119 infra
724 3285 291 119 nescio
927 3285 204 119 non
1044 3285 262 119 valeo
1218 3285 204 119 non
1306 3285 145 119 suf

435 3337 148 159 fici
527 3337 240 159 gregorius
712 3337 240 159 conclusio
896 3337 148 159 vera
989 3337 185 159 primum
1118 3337 277 159 corollarium
1340 3337 166 159 nulla

1608 425 236 127 ratio
1765 425 236 127 super
1923 425 236 127 ipsos
2080 425 394 127 producentes
2395 425 289 127 fundata

1592 496 220 129 est
1717 496 346 129 evidens
1969 496 220 129 hic
2094 496 189 129 in
2189 496 220 129 via
2314 496 283 129 quare
2503 496 220 129 una

1602 567 301 128 processio
1834 567 162 128 non
1926 567 162 128 sit
2019 567 185 128 alia
2135 567 209 128 patet
2274 567 162 128 nam
2367 567 139 128 si
2437 567 232 128 aliqua

1597 642 206 122 talis
1734 642 206 122 foret
1872 642 297 122 videretur
2101 642 183 122 esse
2215 642 206 122 beati
2352 642 297 122 augustini

1616 710 109 115 15
1670 710 109 115 de
1725 710 236 115 trinitate
1906 710 218 115 capitulo
2069 710 109 115 27
2124 710 109 115 Et
2178 710 218 115 anselmus
2341 710 254 115 monologion
2540 710 109 115 55

1619 772 171 133 quod
1726 772 257 133 spiritus
1918 772 150 133 est
2004 772 128 133 ad
2068 772 193 133 nobis
2196 772 214 133 filius
2346 772 171 133 vero
2453 772 214 133 tantum
2581 772 86 133 ab

1622 853 174 122 uno
1722 853 174 122 sed
1821 853 199 122 ista
1946 853 224 122 ratio
2095 853 174 122 non
2195 853 274 122 videtur
2369 853 274 122 sufficere

1615 921 338 102 evidenter
1875 921 208 102 quia
2005 921 260 102 unitas
2187 921 182 102 vel
2291 921 364 102 pluralitas

1601 987 401 123 producentium
1927 987 225 123 omnio
2077 987 225 123 eodem
2227 987 150 123 et
2302 987 251 123 simili
2478 987 200 123 modo

1613 1054 289 111 ratione
1823 1054 420 111 productionis
2164 1054 184 111 non
2269 1054 289 111 videtur
2479 1054 210 111 vari

1624 1115 133 153 ae
1690 1115 133 153 2m
1757 1115 332 153 corollarium
2022 1115 177 153 quod
2133 1115 310 153 diversitas
2376 1115 199 153 harum
2487 1115 177 153 proces

1637 1191 251 124 sionum
1813 1191 151 124 ex
1888 1191 377 124 diversitate
2189 1191 402 124 principiorum
2515 1191 176 124 quo

1619 1260 169 121 non
1715 1260 241 121 potest
1884 1260 386 121 sufficienter
2197 1260 265 121 viatori
2390 1260 313 121 evidenter

1631 1331 279 122 communicari
1854 1331 223 122 probatur
2021 1331 149 122 quia
2114 1331 186 122 nullum
2244 1331 167 122 eorum
2356 1331 130 122 est
2430 1331 260 122 principium

1612 1404 164 133 quo
1705 1404 210 133 aliud
1845 1404 117 133 a
1892 1404 304 133 principio
2126 1404 187 133 quod
2243 1404 210 133 ipsum
2383 1404 327 133 formaliter

1634 1481 97 138 et
1682 1481 226 138 causaliter
1860 1481 194 138 producit
2005 1481 161 138 igitur
2118 1481 242 138 corollarium
2311 1481 145 138 verum
2408 1481 97 138 3m
2456 1481 242 138 corollarium

1610 1548 193 135 quod
1731 1548 169 135 nec
1827 1548 145 135 ex
1900 1548 217 135 modis
2044 1548 338 135 procedendi
2310 1548 169 135 nec
2407 1548 145 135 ex
2479 1548 217 135 super

1629 1611 248 150 positis
1810 1611 293 150 productis
2036 1611 226 150 potest
2194 1611 181 150 ista
2306 1611 316 150 distinctio
2532 1611 113 150 suf

1621 1689 326 130 ficienter
1871 1689 150 130 et
1947 1689 326 130 evidenter
2197 1689 276 130 viatori
2398 1689 200 130 lege
2498 1689 150 130 stan

1608 1757 141 126 te
1679 1757 259 126 ostendi
1867 1757 212 126 patet
2009 1757 188 126 quia
2127 1757 141 126 si
2197 1757 212 126 modus
2338 1757 330 126 procedendi

1618 1824 188 134 sufficit
1759 1824 110 134 sed
1822 1824 125 134 quod
1901 1824 141 134 dicit
1995 1824 220 134 augustinum
2167 1824 94 134 11
2214 1824 94 134 de
2261 1824 204 134 trinitate
2418 1824 188 134 capitulo
2559 1824 94 134 14

1612 1897 219 133 esset
1758 1897 195 133 ideo
1879 1897 195 133 quia
2001 1897 243 133 verbum
2171 1897 292 133 procedit
2390 1897 268 133 quomodo
2561 1897 97 133 na

1599 1969 174 125 tus
1699 1969 299 125 spiritus
1923 1969 274 125 sanctus
2123 1969 199 125 vero
2247 1969 174 125 non
2347 1969 174 125 quo
2447 1969 224 125 natus

1622 2041 162 128 sed
1715 2041 162 128 quo
1807 2041 209 128 datus
1946 2041 162 128 sed
2039 2041 186 128 haec
2155 2041 209 128 ratio
2294 2041 162 128 non
2387 2041 278 128 ostendit

1619 2116 177 117 cur
1720 2116 304 117 spiritus
1948 2116 279 117 sanctus
2151 2116 177 117 non
2252 2116 177 117 quo
2354 2116 228 117 natus
2481 2116 177 117 proce

1607 2179 159 131 dat
1698 2179 205 131 quare
1835 2179 159 131 non
1926 2179 296 131 sufficere
2153 2179 250 131 videtur
2335 2179 182 131 quod
2449 2179 136 131 ex
2517 2179 205 131 ipsis

1612 2250 307 124 productis
1849 2250 165 124 non
1943 2250 236 124 posset
2108 2250 260 124 ostendi
2297 2250 213 124 patet
2439 2250 189 124 quia
2534 2250 94 124 ma

1612 2336 203 128 xime
1739 2336 280 128 videtur
1942 2336 153 128 ex
2019 2336 280 128 ratione
2222 2336 254 128 sumpta
2400 2336 280 128 anselmi

1625 2394 271 140 monologion
1838 2394 116 140 55
1896 2394 232 140 capitulo
2070 2394 155 140 quia
2167 2394 194 140 filius
2303 2394 136 140 est
2380 2394 194 140 verbum
2516 2394 155 140 quod

1602 2471 228 105 pater
1754 2471 405 105 intelligendo
2083 2471 152 105 se
2159 2471 304 105 producit
2387 2471 152 105 et
2463 2471 152 105 ex
2539 2471 152 105 eo

1623 2533 206 143 simile
1767 2533 144 143 rei
1850 2533 309 143 intellectae
2097 2533 185 143 cuius
2220 2533 144 143 est
2302 2533 206 143 verbum
2446 2533 247 143 spiritus

1606 2610 220 126 autem
1752 2610 171 126 est
1850 2610 269 126 dominum
2045 2610 220 126 autem
2192 2610 171 126 non
2290 2610 147 126 ex
2363 2610 147 126 eo
2436 2610 196 126 quod
2534 2610 98 126 do

1623 2691 132 115 num
1699 2691 132 115 est
1774 2691 189 115 simile
1907 2691 132 115 sed
1983 2691 246 115 dissimile
2172 2691 151 115 esse
2266 2691 189 115 potest
2399 2691 189 115 igitur
2531 2691 132 115 etc

1602 2759 197 107 Sed
1714 2759 225 107 haec
1855 2759 253 107 ratio
2024 2759 197 107 non
2137 2759 394 107 manifestat
2446 2759 225 107 quia

1597 2818 224 129 aeque
1747 2818 349 129 incognitum
2020 2818 174 129 est
2120 2818 224 129 nobis
2269 2818 199 129 quod
2394 2818 299 129 spiritus

1607 2895 171 122 non
1704 2895 171 122 sit
1802 2895 244 122 verbum
1973 2895 220 122 sicut
2119 2895 195 122 quod
2241 2895 195 122 ipse
2363 2895 171 122 non
2461 2895 171 122 sit

1610 2956 228 123 filius
1770 2956 182 123 Item
1884 2956 205 123 aeque
2020 2956 251 123 similis
2202 2956 159 123 est
2294 2956 205 123 patri
2430 2956 137 123 et
2499 2956 205 123 filio

1625 3018 210 143 sicut
1765 3018 234 143 filius
1929 3018 164 143 est
2022 3018 210 143 patri
2163 3018 187 143 Item
2279 3018 140 143 3o
2350 3018 374 143 intellectivo

1598 3097 130 116 et
1663 3097 237 116 nolitio
1836 3097 194 116 nullo
1965 3097 173 116 modo
2073 3097 367 116 distinguuntur
2376 3097 130 116 ex
2440 3097 216 116 natura

1595 3173 177 111 rei
1696 3173 151 111 in
1771 3173 177 111 deo
1872 3173 202 111 quae
1999 3173 227 111 ratio
2150 3173 177 111 non
2251 3173 252 111 omnino
2428 3173 278 111 efficax

1590 3232 225 123 videtur
1753 3232 204 123 igitur
1896 3232 143 123 etc
1977 3232 143 123 Sed
2059 3232 204 123 contra
2202 3232 163 123 ista
2304 3232 163 123 sunt
2406 3232 245 123 rationes
2569 3232 82 123 ma

1594 3307 189 145 gistri
1726 3307 246 145 hugolinus
1915 3307 113 145 in
1972 3307 264 145 quaestione
2180 3307 170 145 circa
2293 3307 151 145 ideo
2387 3307 113 145 10
2444 3307 113 145 11
2501 3307 113 145 12
2538 3307 76 145 13
