2964 4316
467 452 190 133 contra
600 452 114 133 3m
657 452 285 133 corollarium
885 452 133 133 cum
961 452 171 133 primo
1074 452 209 133 dicitur
1226 452 152 133 quod
1321 452 171 133 licet

455 541 252 131 spiritus
644 541 252 131 spiritus
833 541 147 131 sit
917 541 231 131 notitia
1084 541 147 131 non
1168 541 189 131 tamen
1294 541 126 131 ex
1336 541 126 131 modo

475 599 325 133 productionis
739 599 142 133 hic
820 599 223 133 diceret
982 599 183 133 primo
1104 599 264 133 richardum
1307 599 162 133 quod

462 680 158 126 hoc
553 680 158 126 non
643 680 158 126 est
733 680 180 126 quia
845 680 315 126 concederet
1093 680 180 126 quod
1206 680 270 126 spiritus

468 752 226 140 sanctus
633 752 185 140 esset
756 752 205 140 contra
899 752 390 140 determinationem
1227 752 267 140 ecclesiae

447 824 114 126 /
493 824 137 126 2o
561 824 252 126 dicerem
744 824 160 126 ego
836 824 160 126 cum
927 824 297 126 gregorius
1156 824 183 126 quod
1270 824 160 126 hoc
1362 824 160 126 est

461 904 187 137 illud
586 904 125 137 de
649 904 146 137 quo
732 904 146 137 est
815 904 250 137 quaestio
1003 904 146 137 cum
1086 904 250 137 spiritus
1274 904 229 137 sanctus

463 977 337 139 praecedat
723 977 156 139 et
800 977 259 139 filius
982 977 311 139 procedat
1216 977 156 139 et
1293 977 234 139 eadem

459 1046 207 144 natura
604 1046 227 144 utraque
769 1046 186 144 aeque
893 1046 227 144 pefecte
1059 1046 331 144 communicatur
1327 1046 186 144 quare

457 1130 173 114 est
556 1130 198 114 quod
680 1130 173 114 una
779 1130 321 114 productio
1026 1130 173 114 non
1125 1130 173 114 est
1224 1130 198 114 alia
1347 1130 173 114 vel

461 1199 277 142 saltem
655 1199 249 142 talis
821 1199 249 142 sicut
988 1199 222 142 alia
1126 1199 415 142 numeraliter

476 1294 256 116 maxime
656 1294 231 116 tamen
809 1294 307 116 spiritus
1040 1294 282 116 sanctus
1245 1294 179 116 sit
1347 1294 205 116 noti

449 1364 197 113 tia
562 1364 169 113 et
646 1364 282 113 filius
843 1364 197 113 sit
956 1364 225 113 amor
1097 1364 423 113 respondetur

457 1429 202 124 igitur
598 1429 121 124 et
659 1429 202 124 dicere
800 1429 162 124 quod
901 1429 202 124 filius
1042 1429 141 124 non
1123 1429 182 124 habet
1244 1429 162 124 quod
1345 1429 141 124 sit

462 1507 208 137 amor
592 1507 182 137 per
696 1507 208 137 suam
826 1507 416 137 processionem
1165 1507 156 137 et
1243 1507 312 137 spiritus

460 1601 249 114 sanctus
641 1601 158 114 non
732 1601 204 114 habet
867 1601 181 114 quod
981 1601 158 114 sit
1071 1601 249 114 notitia
1252 1601 158 114 per
1342 1601 181 114 suam

459 1648 326 144 spirationem
720 1648 239 144 apparet
894 1648 174 144 quod
1003 1648 152 144 est
1090 1648 239 144 solvere
1264 1648 152 144 vel
1329 1648 174 144 respon

453 1735 225 129 dere
593 1735 197 129 per
706 1735 225 129 idem
846 1735 169 129 et
931 1735 225 129 unum
1071 1735 197 129 est
1184 1735 197 129 ita
1268 1735 197 129 mani-

461 1809 233 136 festum
624 1809 210 136 sicut
764 1809 163 136 per
857 1809 163 136 hoc
950 1809 256 136 apparet
1136 1809 280 136 expresse
1346 1809 186 136 quod

460 1879 166 121 2a
543 1879 194 121 nec
654 1879 166 121 3a
737 1879 305 121 aliquod
959 1879 360 121 concludit
1237 1879 222 121 quia
1347 1879 139 121 sol

466 1952 205 129 vit
583 1952 234 129 idem
729 1952 205 129 per
847 1952 234 129 idem
993 1952 205 129 vel
1110 1952 264 129 magis
1286 1952 264 129 notum

459 2021 179 137 per
562 2021 231 137 minus
716 2021 231 137 notum
870 2021 231 137 quare
1023 2021 231 137 prima
1177 2021 231 137 dicta
1331 2021 205 137 vera

467 2115 212 107 videntur
627 2115 106 107 //
680 2115 106 107 2a
733 2115 230 107 conclusio
910 2115 195 107 propter
1051 2115 106 107 2m
1104 2115 248 107 argumentum
1299 2115 212 107 formalis

464 2191 390 102 contradictio
781 2191 171 102 est
878 2191 244 102 omnium
1049 2191 268 102 aliarum
1244 2191 244 102 minima
1390 2191 73 102 o

463 2251 309 136 ppositio
695 2251 309 136 probatur
927 2251 206 136 quia
1056 2251 232 136 nulla
1210 2251 206 136 alia
1339 2251 180 136 est

472 2331 163 136 tam
565 2331 209 136 parva
704 2331 256 136 quoniam
890 2331 163 136 hoc
983 2331 139 136 in
1053 2331 186 136 illa
1169 2331 349 136 conservetur

472 2408 178 130 patet
591 2408 119 130 de
650 2408 297 130 oppositione
888 2408 237 130 rationis
1065 2408 138 130 etc
1145 2408 119 130 et
1204 2408 178 130 etiam
1323 2408 119 130 de
1382 2408 119 130 o-

471 2492 335 122 ppositione
735 2492 335 122 relationis
998 2492 168 122 nam
1094 2492 216 122 pater
1237 2492 263 122 generat

468 2551 171 138 et
553 2551 284 138 filius
752 2551 199 138 non
866 2551 142 138 /
922 2551 227 138 Item
1065 2551 171 138 ho
1150 2551 398 138 intelligit

458 2635 284 123 quaestione
681 2635 183 123 tamen
803 2635 142 123 non
884 2635 162 123 vult
986 2635 142 123 sed
1067 2635 183 123 istae
1189 2635 325 123 oppositiones

457 2707 264 114 minime
642 2707 317 114 videntur
879 2707 159 114 in
959 2707 264 114 quibus
1144 2707 238 114 tamen
1302 2707 211 114 haec

475 2769 309 149 conservatur
723 2769 206 149 igitur
867 2769 268 149 conclusio
1073 2769 165 149 vera
1176 2769 144 149 pro
1259 2769 144 149 qua
1321 2769 144 149 plura

461 2856 265 144 habentur
659 2856 154 144 per
748 2856 265 144 doctorem
946 2856 132 144 in
1012 2856 331 144 venerabilem
1277 2856 242 144 Iacobum

456 2932 122 135 de
517 2932 244 135 viterbio
700 2932 122 135 in
761 2932 346 135 quaestionibus
1045 2932 163 135 suis
1147 2932 122 135 de
1208 2932 305 135 praedicatis

457 3021 217 124 divinis
615 3021 276 124 quaestione
832 3021 118 124 28
891 3021 99 124 /
930 3021 197 124 primum
1068 3021 296 124 corollarium
1305 3021 217 124 parcium

445 3081 367 135 contradictionis
754 3081 135 135 non
831 3081 135 135 est
909 3081 232 135 latitudo
1083 3081 232 135 aequalis
1257 3081 174 135 patet
1373 3081 155 135 quia

455 3159 123 150 in
517 3159 247 150 partibus
702 3159 390 150 contradictionis
1031 3159 144 150 non
1113 3159 144 150 est
1195 3159 247 150 latitudo
1380 3159 144 150 sal

443 3238 124 149 tem
514 3238 194 149 ratione
655 3238 335 149 contradictionis
938 3238 177 149 igitur
1061 3238 265 149 corollarium
1273 3238 159 149 verum
1379 3238 88 149 /

449 3318 113 152 2m
506 3318 281 152 corollarium
731 3318 131 152 non
806 3318 206 152 quantum
956 3318 131 152 una
1031 3318 150 152 pars
1124 3318 356 152 contradictionis
1406 3318 56 152 a

446 3395 262 172 ffirmat
637 3395 238 172 tantum
803 3395 286 172 praecise
1018 3395 143 172 et
1089 3395 310 172 adaequate
1327 3395 190 172 alia

1602 437 242 149 alia
1753 437 273 149 negat
1935 437 364 149 probatur
2208 437 242 149 quia
2359 437 303 149 aliter
2541 437 121 149 se

1610 543 281 156 queretur
1820 543 187 156 quod
1937 543 281 156 negtitva
2148 543 211 156 foret
2289 543 211 156 falsa
2429 543 140 156 et
2499 543 164 156 cum
2593 543 164 156 hoc

1602 598 283 155 aliter
1800 598 254 155 esset
1969 598 226 155 quam
2111 598 226 155 pars
2252 598 424 155 affirmativa
2563 598 113 155 a-

1612 684 305 140 ffirmaret
1846 684 164 140 vel
1940 684 164 140 non
2034 684 188 140 vere
2151 684 328 140 affirmaret
2409 684 188 140 quod
2526 684 164 140 est

1624 761 335 161 inpossibile
1891 761 134 161 et
1958 761 357 161 consequentia
2248 761 268 161 probatur
2449 761 178 161 quia
2561 761 134 161 si

1612 837 340 144 aliquis
1860 837 248 144 homo
2014 837 371 144 curreret
2293 837 186 144 et
2386 837 340 144 aliquis

1615 916 186 141 non
1722 916 186 141 hoc
1828 916 240 141 esset
1988 916 240 141 falsa
2148 916 266 141 nullus
2334 916 213 141 homo
2467 916 266 141 currit

1624 1001 251 130 quae
1781 1001 282 130 omnem
1969 1001 345 130 hominem
2220 1001 314 130 saltem
2440 1001 251 130 unum

1627 1069 262 155 negaret
1818 1069 262 155 currere
2009 1069 143 155 si
2080 1069 238 155 igitur
2247 1069 167 155 hoc
2342 1069 262 155 aliquis
2533 1069 191 155 homo

1632 1182 221 109 currit
1787 1182 199 109 tamen
1920 1182 266 109 affirmat
2119 1182 133 109 et
2185 1182 155 109 non
2274 1182 155 109 est
2362 1182 155 109 ita
2451 1182 266 109 sequitur

1627 1228 207 149 quod
1757 1228 181 149 non
1860 1228 181 149 ita
1964 1228 207 149 vere
2094 1228 311 149 affirmat
2327 1228 156 149 et
2405 1228 311 149 affirmat

1626 1317 187 129 igitur
1757 1317 168 129 falso
1870 1317 112 129 et
1926 1317 131 129 per
2001 1317 262 129 consequens
2207 1317 243 129 contraria
2394 1317 168 129 simul
2506 1317 168 129 erunt

1635 1381 183 149 false
1757 1381 163 149 quod
1858 1381 142 149 est
1940 1381 305 149 impossibile
2184 1381 102 149 /
2224 1381 122 149 3m
2285 1381 305 149 corollarium
2529 1381 142 149 est

1622 1468 175 135 quod
1731 1468 153 135 non
1819 1468 131 135 ex
1884 1468 131 135 eo
1950 1468 350 135 contradictio
2234 1468 153 135 non
2321 1468 240 135 possunt
2496 1468 175 135 esse

1638 1544 229 139 simul
1790 1544 203 139 vera
1917 1544 178 139 vel
2019 1544 229 139 simul
2171 1544 229 139 falsa
2324 1544 203 139 quia
2451 1544 152 139 in
2527 1544 229 139 eorum

1629 1621 302 154 ambitu
1840 1621 242 154 sunt
1992 1621 393 154 adaequata
2294 1621 272 154 patet
2476 1621 242 154 quia

1637 1702 147 131 tunc
1729 1702 258 131 sequeretur
1931 1702 147 131 quod
2023 1702 239 131 similiter
2207 1702 258 131 contrariae
2410 1702 313 131 propositiones

1619 1769 211 139 non
1739 1769 331 139 possent
1980 1769 241 139 esse
2131 1769 271 139 simul
2312 1769 211 139 vel
2432 1769 271 139 simul

1622 1839 220 145 esse
1759 1839 247 145 false
1924 1839 220 145 quod
2061 1839 192 145 est
2171 1839 275 145 falsum
2363 1839 165 145 in
2418 1839 247 145 materia

1636 1929 303 135 contingenti
1879 1929 121 135 et
1939 1929 324 135 consequentia
2202 1929 243 135 probatur
2384 1929 162 135 quia
2485 1929 182 135 magis

1631 2006 304 119 videntur
1859 2006 330 119 adaequari
2112 2006 304 119 quilibet
2340 2006 203 119 homo
2467 2006 254 119 currit

1629 2085 150 128 et
1704 2085 250 128 nullus
1879 2085 200 128 homo
2004 2085 250 128 currit
2179 2085 200 128 quod
2304 2085 200 128 ille
2429 2085 300 128 quilibet

1616 2156 203 129 homo
1743 2156 178 129 non
1844 2156 254 129 currit
2022 2156 153 129 et
2099 2156 305 129 quilibet
2327 2156 203 129 homo
2455 2156 254 129 currit

1623 2233 194 144 igitur
1759 2233 292 144 corollarium
1992 2233 175 144 verum
2109 2233 97 144 /
2148 2233 194 144 contra
2284 2233 156 144 ista
2381 2233 175 144 dicta
2497 2233 194 144 potest

1626 2300 197 138 argui
1757 2300 131 138 ex
1823 2300 219 138 dictis
1976 2300 328 138 philosophis
2239 2300 197 138 primo
2370 2300 328 138 posteriorum

1646 2387 249 146 capitulo
1833 2387 104 146 2
1875 2387 332 146 Contradictio
2145 2387 145 146 est
2228 2387 270 146 oppositio
2435 2387 187 146 cuius
2560 2387 125 146 no

1631 2465 166 116 est
1726 2465 238 116 medium
1893 2465 238 116 igitur
2059 2465 261 116 videtur
2249 2465 190 116 quod
2368 2465 190 116 ipsa
2486 2465 166 116 sit

1634 2534 306 133 maxima
1849 2534 153 133 /
1910 2534 184 133 2o
2002 2534 184 133 ad
2094 2534 245 133 idem
2247 2534 215 133 est
2370 2534 306 133 dictum

1634 2604 205 159 ipsius
1777 2604 123 159 2o
1838 2604 266 159 elencorum
2043 2604 246 159 capitulo
2228 2604 123 159 de
2289 2604 266 159 fallaciis
2494 2604 205 159 contra

1627 2687 236 119 dictio
1793 2687 165 119 est
1887 2687 307 119 oppositio
2123 2687 213 119 unius
2265 2687 142 119 et
2336 2687 260 119 eiusdem
2525 2687 165 119 non

1615 2757 265 119 nominis
1807 2757 240 119 tantum
1976 2757 168 119 sed
2072 2757 168 119 rei
2168 2757 144 119 et
2240 2757 265 119 nominis
2433 2757 144 119 2m
2505 2757 192 119 idem

1621 2818 161 147 et
1702 2818 214 147 idem
1836 2818 161 147 et
1916 2818 161 147 in
1996 2818 241 147 eodem
2157 2818 295 147 tempore
2371 2818 161 147 Ex
2452 2818 268 147 quibus

1632 2891 219 160 potest
1785 2891 197 160 argui
1917 2891 241 160 ratione
2092 2891 175 160 illa
2202 2891 285 160 oppositio
2421 2891 175 160 quae
2509 2891 175 160 medium

1615 2970 326 155 admittere
1866 2970 176 155 non
1966 2970 251 155 potest
2142 2970 276 155 videtur
2343 2970 251 155 maxima
2519 2970 176 155 sed

1625 3052 162 130 talis
1733 3052 198 130 videtur
1877 3052 234 130 oppositio
2057 3052 288 130 contradictio
2292 3052 180 130 igitur
2418 3052 126 130 etc
2490 3052 90 130 /
2526 3052 108 130 2o
2580 3052 126 130 sic

1618 3121 173 146 nam
1717 3121 173 146 una
1816 3121 395 146 contradictio
2137 3121 173 146 est
2236 3121 321 146 formalior
2483 3121 247 146 altera

1611 3207 224 127 igitur
1768 3207 157 127 una
1857 3207 157 127 est
1947 3207 202 127 maior
2082 3207 179 127 alia
2194 3207 359 127 consequentia
2485 3207 247 127 videtur

1620 3302 138 109 nota
1706 3302 104 109 et
1758 3302 242 109 antecedens
1948 3302 208 109 probatur
2104 3302 138 109 quia
2191 3302 225 109 formalior
2364 3302 121 109 est
2433 3302 277 109 contradictio

1620 3384 172 122 rei
1719 3384 148 122 et
1793 3384 271 122 nominis
1990 3384 197 122 quam
2113 3384 271 122 nominis
2310 3384 246 122 tantum
2482 3384 172 122 vel
2556 3384 123 122 rei
