2964 4171
465 405 225 127 actitas
628 405 266 127 oppositum
832 405 163 127 ipse
935 405 245 127 possibis
1118 405 143 127 ibi
1200 405 143 127 per
1282 405 143 127 hoc
1343 405 82 127 vo

462 490 170 113 lens
568 490 234 113 probare
738 490 298 113 pluritatem
972 490 128 113 in
1036 490 234 113 divinis
1206 490 191 113 patet
1334 490 149 113 Cum

465 557 225 82 omnis
615 557 326 82 activitas
866 557 225 82 ritia
1016 557 175 82 sit
1116 557 276 82 entitas
1317 557 200 82 3tia

506 622 125 113 6a
568 622 291 113 propositio
797 622 166 113 sive
900 622 166 113 fide
1004 622 311 113 illuminante
1253 622 145 113 vel
1336 622 166 113 alio

465 697 155 94 do
543 697 181 94 non
646 697 387 94 intellectiu
956 697 336 94 elephante
1214 697 206 94 nonn
1317 697 129 94 cer

453 771 297 76 tificatur
682 771 137 76 de
750 771 297 76 trinitate
978 771 228 76 divina
1138 771 365 76 intellectiva

466 813 155 117 henta
569 813 155 117 patet
673 813 207 117 expresse
828 813 121 117 per
897 813 259 117 tlinbrosium
1105 813 86 117 i
1139 813 121 117 est
1208 813 104 117 de
1260 813 224 117 trinitate

474 885 116 118 6o
532 885 213 118 apitulo
687 885 97 118 5
726 885 213 118 Ieroium
881 885 174 118 super
997 885 174 118 illud
1113 885 233 118 mathaeus
1288 885 155 118 libr
1365 885 78 118 ge

464 954 382 81 verationis
764 954 300 81 hilaris
982 954 164 81 in
1064 954 273 81 multis
1255 954 246 81 locis

470 1028 251 92 augustinus
667 1028 90 92 i
721 1028 107 92 de
774 1028 233 92 trinitate
954 1028 215 92 capitulo
1115 1028 107 92 2o
1168 1028 107 92 Ex
1222 1028 143 92 hiis
1312 1028 161 92 patet

457 1080 181 100 quid
571 1080 272 100 dicendum
775 1080 136 100 ad
843 1080 272 100 rationem
1047 1080 159 100 2am
1137 1080 227 100 factam
1296 1080 136 100 in
1364 1080 113 100 2

473 1150 318 102 principali
723 1150 182 102 quia
837 1150 318 102 consequens
1086 1150 159 102 est
1177 1150 227 102 falsum
1336 1150 136 102 Ad

470 1208 190 104 3am
578 1208 325 104 rationem
822 1208 163 104 in
903 1208 244 104 eodem
1066 1208 379 104 principali
1337 1208 108 104 po

462 1266 151 123 non
549 1266 238 123 aliquas
722 1266 367 123 propositiones
1024 1266 216 123 nullum
1175 1266 216 123 essele
1326 1266 151 123 est

466 1345 180 111 prius
586 1345 140 111 vel
666 1345 260 111 posterius
866 1345 160 111 alio
967 1345 280 111 essentiali
1187 1345 120 111 in
1247 1345 220 111 divinis

453 1411 260 113 probatur
648 1411 152 113 sic
735 1411 217 113 nichil
886 1411 173 113 quod
995 1411 152 113 est
1081 1411 152 113 per
1168 1411 130 113 se
1233 1411 152 113 ido
1298 1411 173 113 persec

463 1473 144 115 tio
546 1473 309 115 simpliciter
793 1473 144 115 est
875 1473 185 115 prius
998 1473 144 115 vel
1081 1473 268 115 posterius
1287 1473 165 115 illo

462 1560 154 111 quod
558 1560 135 111 est
635 1560 135 111 per
712 1560 115 111 se
769 1560 250 111 perfectio
962 1560 288 111 simpliciter
1192 1560 115 111 in
1250 1560 154 111 eodm
1346 1560 115 111 et

465 1616 164 122 omnis
574 1616 237 122 perfectio
757 1616 201 122 simplie
903 1616 146 122 quod
994 1616 164 122 libet
1104 1616 183 122 essele
1232 1616 110 122 in
1287 1616 201 122 dominis

469 1681 140 130 est
549 1681 259 130 perfectio
748 1681 140 130 est
828 1681 259 130 perfectio
1027 1681 299 130 simpliciter
1267 1681 100 130 2
1306 1681 179 130 omnis

471 1761 255 124 perfectio
667 1761 294 124 simpliciter
902 1761 196 124 igitur
1039 1761 196 124 nullum
1176 1761 215 124 istorum
1333 1761 137 124 est

468 1838 190 101 altero
601 1838 228 101 praesens
772 1838 133 101 vel
848 1838 247 101 posterius
1037 1838 171 101 maior
1151 1838 133 101 est
1227 1838 152 101 nona
1322 1838 152 101 quia

474 1893 283 116 oppositum
692 1893 239 116 videtur
866 1893 283 116 repugnare
1083 1893 283 116 interinis
1301 1893 196 116 minor

459 1994 240 98 apparet
634 1994 175 98 quia
743 1994 284 98 quodlibet
961 1994 153 98 est
1048 1994 175 98 deus
1157 1994 131 98 et
1223 1994 262 98 essentia

457 2036 241 100 divina
626 2036 290 100 realiter
843 2036 145 100 et
916 2036 338 100 formaliter
1181 2036 169 100 Cum
1278 2036 241 100 nichil

458 2120 187 119 sit
565 2120 214 119 deus
699 2120 321 119 realiter
940 2120 214 119 quod
1074 2120 187 119 non
1181 2120 187 119 sit
1288 2120 214 119 deus

477 2193 273 119 formaliter
692 2193 195 119 igitur
829 2193 98 119 /
868 2193 117 119 2a
926 2193 273 119 propositio
1141 2193 195 119 nullum
1278 2193 195 119 essele

481 2262 135 125 in
548 2262 247 125 divinis
727 2262 157 125 est
817 2262 202 125 prius
952 2262 157 125 vel
1042 2262 269 125 posterus
1243 2262 224 125 aliqua

480 2339 276 118 notionali
692 2339 255 118 arguitur
883 2339 149 118 sic
968 2339 234 118 nullius
1138 2339 127 118 ad
1202 2339 127 118 se
1265 2339 191 118 ipsum

468 2411 159 118 est
559 2411 181 118 ordo
672 2411 159 118 sed
763 2411 295 118 quodlibet
990 2411 272 118 notatole
1194 2411 295 118 entitivae

480 2481 141 91 est
560 2481 202 91 essele
702 2481 202 91 igitur
843 2481 222 91 nullius
1004 2481 121 91 ad
1064 2481 222 91 alterum
1225 2481 141 91 est
1306 2481 161 91 ordo

461 2551 165 101 cum
556 2551 189 101 mnre
674 2551 189 101 sint
792 2551 189 101 idem
910 2551 142 101 ex
981 2551 189 101 toto
1099 2551 142 101 2a
1146 2551 283 101 propositio

465 2618 256 120 supra
635 2618 256 120 eodem
805 2618 369 120 fundavito
1089 2618 284 120 nullum
1288 2618 199 120 non

464 2690 234 118 totale
627 2690 164 118 est
721 2690 211 118 parus
862 2690 164 118 vel
955 2690 304 118 posterius
1189 2690 187 118 alio
1307 2690 187 118 nota

465 2767 206 113 totali
609 2767 185 113 patet
733 2767 185 113 primo
856 2767 123 113 ex
918 2767 185 113 prima
1041 2767 329 113 propositione
1309 2767 165 113 quia

457 2834 166 137 sic
552 2834 142 137 se
623 2834 213 137 habet
765 2834 355 137 nottioriale
1049 2834 142 137 ad
1120 2834 237 137 notole
1286 2834 213 137 sicut

475 2914 205 111 essentiale
637 2914 88 111 ad
681 2914 205 111 essentiale
842 2914 147 111 igitur
944 2914 205 111 propositio
1106 2914 117 111 vera
1179 2914 278 111 tenetconequetar

465 2988 130 131 ex
530 2988 195 131 prima
661 2988 347 131 propositione
943 2988 130 131 2o
1008 2988 174 131 quia
1116 2988 195 131 maior
1247 2988 239 131 iudetur

468 3050 152 136 ordo
563 3050 227 136 secundum
733 3050 170 136 prius
847 3050 114 136 et
904 3050 265 136 poosternus
1112 3050 170 136 inter
1226 3050 265 136 essentiale

454 3118 141 116 et
524 3118 164 116 non
618 3118 188 116 tole
735 3118 211 116 quoad
875 3118 211 116 inter
1016 3118 234 116 notole
1180 3118 141 116 et
1250 3118 234 116 notole

469 3204 130 127 vel
543 3204 241 127 econverso
728 3204 130 127 sed
802 3204 167 127 illae
913 3204 130 127 non
987 3204 130 127 est
1061 3204 130 127 ibi
1135 3204 185 127 igitur
1264 3204 130 127 nec
1338 3204 148 127 iste

465 3268 107 142 /
507 3268 129 142 4a
572 3268 301 142 proprsitio
808 3268 236 142 species
980 3268 301 142 habitualis
1216 3268 172 142 urbi
1324 3268 129 142 si
1367 3268 107 142 qua

1566 363 214 163 foret
1709 363 142 163 in
1780 363 214 163 patre
1922 363 261 163 aeterno
2112 363 166 163 non
2207 363 214 163 prius
2326 363 285 163 cognoscere

1591 466 144 133 quam
1681 466 199 133 species
1826 466 217 133 spiritus
1988 466 181 133 sancti
2115 466 108 133 si
2169 466 163 133 talis
2277 466 163 133 foret
2385 466 108 133 in
2422 466 126 133 ipsio

1580 534 279 131 probatur
1789 534 186 131 quia
1905 534 209 131 talis
2044 534 255 131 species
2230 534 209 131 foret
2369 534 232 131 notole

1570 611 150 107 vel
1655 611 300 107 essentiale
1891 611 129 107 et
1955 611 450 107 quodcumquedabitur
2341 611 257 107 sequitur

1584 664 175 149 quod
1693 664 196 149 inter
1824 664 153 149 eas
1912 664 218 149 nullus
2064 664 153 149 est
2152 664 175 149 ordo
2261 664 131 149 5a
2326 664 306 149 propositio

1591 753 244 114 species
1768 753 311 114 habitualis
2012 753 288 114 creaturae
2234 753 155 114 non
2323 753 155 114 est
2412 753 200 114 prior

1573 835 146 108 vel
1657 835 272 108 posterior
1866 835 209 108 specie
2012 835 272 108 habituali
2222 835 251 108 alicuius
2410 835 251 108 spositum

1587 897 148 91 in
1661 897 272 91 divinis
1859 897 148 91 ut
1933 897 198 91 unum
2057 897 222 91 unius
2205 897 247 91 verbum
2378 897 272 91 alterus

1600 966 224 105 sequitur
1768 966 131 105 vel
1843 966 243 105 praecedit
2030 966 112 105 ex
2086 966 187 105 natura
2216 966 131 105 rei
2291 966 168 105 patet
2403 966 168 105 sicud
2515 966 131 105 4ta

1639 1040 116 103 a
1686 1040 256 103 proprio
1872 1040 163 103 non
1965 1040 210 103 prius
2105 1040 210 103 pater
2245 1040 210 103 dicit
2385 1040 233 103 verbum

1583 1110 246 108 inesse
1756 1110 320 108 personali
2002 1110 197 108 quam
2125 1110 320 108 creaturam
2371 1110 246 108 inesse

1573 1175 310 116 possibili
1812 1175 167 116 vel
1907 1175 405 116 intellectuali
2241 1175 143 116 Ex
2312 1175 191 116 hiis
2431 1175 215 116 patet

1590 1245 164 109 quod
1692 1245 164 109 iste
1794 1245 164 109 ordo
1897 1245 184 109 solum
2020 1245 266 109 consurgit
2225 1245 143 109 per
2307 1245 348 109 comparationem

1591 1317 140 110 ad
1661 1317 210 110 extra
1800 1317 140 110 et
1870 1317 163 110 hoc
1963 1317 140 110 de
2033 1317 140 110 2o
2103 1317 326 110 principali
2359 1317 140 110 et
2429 1317 186 110 suis

1595 1382 312 113 partibus
1829 1382 156 113 ex
1907 1382 208 113 toto
2037 1382 156 113 Ad
2116 1382 156 113 3m
2194 1382 364 113 principale
2480 1382 182 113 cum

1572 1439 296 112 arguitur
1794 1439 246 112 primus
1967 1439 246 112 vultus
2139 1439 172 112 non
2237 1439 172 112 est
2336 1439 320 112 principia

1587 1516 199 111 tivus
1720 1516 155 111 etc
1808 1516 133 111 ne
1875 1516 288 111 assumptum
2096 1516 133 111 Et
2162 1516 155 111 cum
2251 1516 199 111 primo
2384 1516 266 111 arguitur

1577 1579 149 103 ex
1652 1579 248 103 dictis
1825 1579 298 103 bathaium
2048 1579 322 103 Carmeturm
2296 1579 198 103 pono
2420 1579 198 103 modo

1577 1659 258 97 consueto
1770 1659 366 97 propositiones
2071 1659 194 97 prima
2200 1659 258 97 proposio
2394 1659 151 97 non
2480 1659 151 97 est

1593 1718 122 95 ad
1654 1718 223 95 divinum
1816 1718 182 95 agere
1937 1718 122 95 et
1998 1718 162 95 eius
2099 1718 162 95 esse
2200 1718 243 95 probatur
2383 1718 162 95 quia
2464 1718 122 95 divi

1582 1788 176 95 num
1682 1788 226 95 agere
1833 1788 176 95 vel
1933 1788 176 95 est
2033 1788 201 95 eius
2159 1788 226 95 velle
2309 1788 176 95 vel
2384 1788 226 95 intelli

1575 1856 146 118 gere
1666 1856 128 118 vel
1739 1856 219 118 utrumque
1904 1856 164 118 simul
2013 1856 128 118 sed
2086 1856 146 118 quod
2178 1856 164 118 conta
2287 1856 110 118 e3
2342 1856 201 118 deretur
2488 1856 146 118 esse

1576 1941 268 113 propositio
1787 1941 192 113 igitur
1921 1941 134 113 cum
1997 1941 153 113 modo
2093 1941 134 113 sit
2170 1941 153 113 idem
2265 1941 249 113 quodlibet
2457 1941 172 113 eorum

1584 2007 154 122 cum
1672 2007 220 122 altero
1826 2007 132 122 2a
1891 2007 307 122 propositio
2133 2007 198 122 sicut
2265 2007 132 122 se
2331 2007 198 122 habet
2462 2007 198 122 modus

1590 2079 255 117 essendi
1775 2079 162 117 dei
1868 2079 139 117 ad
1938 2079 162 117 eus
2030 2079 185 117 esse
2146 2079 162 117 sic
2239 2079 139 117 se
2309 2079 209 117 habet
2448 2079 209 117 modus

1577 2156 309 113 agendi
1793 2156 216 113 dei
1917 2156 185 113 ad
2009 2156 247 113 eius
2164 2156 216 113 age
2287 2156 371 113 probatur

1577 2228 190 121 quia
1696 2228 166 121 res
1791 2228 143 121 se
1862 2228 238 121 habent
2029 2228 309 121 adaequate
2266 2228 143 121 et
2338 2228 333 121 convertive

1591 2297 219 120 quantum
1750 2297 119 120 ad
1810 2297 179 120 eorum
1929 2297 159 120 esse
2028 2297 258 120 fundabile
2227 2297 199 120 igitur
2366 2297 119 120 et
2426 2297 179 120 eorum

1590 2376 220 104 mori
1728 2376 165 104 3a
1811 2376 386 104 propositio
2114 2376 248 104 modus
2279 2376 276 104 agendi
2472 2376 193 104 dei

1588 2446 194 92 est
1699 2446 221 92 deus
1837 2446 332 92 probatur
2086 2446 249 92 omnis
2252 2446 249 92 actio
2418 2446 194 92 dei

1574 2519 228 90 est
1705 2519 261 90 deus
1868 2519 293 90 modus
2063 2519 326 90 agendi
2292 2519 228 90 dei
2422 2519 228 90 est

1590 2598 169 80 actio
1703 2598 131 80 dei
1778 2598 188 80 igitur
1909 2598 169 80 maior
2022 2598 131 80 est
2097 2598 169 80 prima
2210 2598 263 80 propositio
2416 2598 113 80 et
2473 2598 169 80 minor

1593 2663 260 109 sequitur
1788 2663 130 109 ex
1853 2663 130 109 2o
1918 2663 173 109 quia
2026 2663 152 109 sic
2113 2663 130 109 se
2178 2663 195 109 habet
2308 2663 195 109 modus
2437 2663 195 109 agumn

1569 2740 151 102 di
1644 2740 151 102 ad
1720 2740 202 102 eius
1846 2740 227 102 agere
1998 2740 227 102 sicut
2149 2740 227 102 modus
2300 2740 277 102 essendi
2502 2740 151 102 ad

1591 2815 188 97 eius
1708 2815 188 97 esse
1825 2815 164 97 sed
1919 2815 188 97 eius
2036 2815 188 97 modi
2153 2815 258 97 essendi
2341 2815 164 97 est
2434 2815 188 97 eius

1580 2865 164 119 esse
1682 2865 205 119 igitur
1825 2865 184 119 modus
1948 2865 205 119 agendi
2092 2865 143 119 est
2173 2865 184 119 agere
2296 2865 123 119 4a
2337 2865 246 119 propositio

1593 2946 233 122 nullo
1748 2946 207 122 modo
1877 2946 181 122 est
1981 2946 207 122 deus
2110 2946 155 122 ad
2187 2946 233 122 extra
2342 2946 181 122 vel
2446 2946 155 122 ad

1589 3014 241 135 intra
1750 3014 321 135 producus
1991 3014 241 135 quali
2151 3014 214 135 modo
2285 3014 187 135 non
2392 3014 187 135 est
2499 3014 134 135 a

1579 3099 307 122 aliqualiter
1824 3099 286 122 intrinsece
2049 3099 245 122 existens
2233 3099 245 122 probatur
2417 3099 143 122 hoc
2498 3099 123 122 ex

1584 3162 169 114 3a
1668 3162 254 114 omnis
1838 3162 254 114 modus
2007 3162 282 114 agendi
2204 3162 197 114 dei
2317 3162 197 114 est
2430 3162 226 114 deus

1574 3228 221 129 igitur
1729 3228 111 129 /
1773 3228 155 129 5ta
1861 3228 310 129 propositio
2105 3228 177 129 deus
2215 3228 155 129 non
2304 3228 265 129 producit
2480 3228 111 129 ali
