2964 4255
300 459 308 134 unibilis
531 459 308 134 subiecto
762 459 256 134 creato
941 459 154 134 si
1018 459 359 134 intelligit

293 539 154 128 de
370 539 257 128 unione
550 539 309 128 gratuita
782 539 180 128 per
859 539 463 128 sanctificationem

305 629 299 113 mentis
515 629 180 113 de
604 629 210 113 qua
724 629 240 113 nunc
874 629 210 113 est
994 629 269 113 sermo
1173 629 240 113 nego

294 684 250 120 illam
461 684 250 120 ratio
627 684 222 120 viam
766 684 194 120 est
877 684 250 120 primo
1043 684 222 120 quia
1182 684 222 120 deus

305 757 176 104 est
405 757 226 104 agens
556 757 326 104 infinitae
807 757 301 104 virtutis
1033 757 126 104 /
1083 757 151 104 2o
1158 757 201 104 quia

306 807 225 133 anima
456 807 175 133 est
556 807 225 133 quasi
706 807 350 133 immediatum
982 807 325 133 subiectum
1207 807 125 133 dei

314 877 155 95 in
392 877 207 95 illa
521 877 259 95 unione
702 877 129 95 /
754 877 181 95 tum
857 877 155 95 3o
935 877 207 95 quia
1064 877 310 95 spiritus

308 956 266 100 dicitur
501 956 194 100 esse
622 956 169 100 ubi
719 956 290 100 operatur
937 956 169 100 sed
1034 956 194 100 deus
1155 956 218 100 omnem

303 1009 310 106 dispositionem
558 1009 109 106 in
612 1009 164 106 nobis
722 1009 182 106 causat
849 1009 182 106 igitur
977 1009 164 106 prius
1086 1009 128 106 est
1159 1009 109 106 in
1214 1009 164 106 nobis

303 1078 154 109 quam
399 1078 346 109 dispositionens
687 1078 173 109 tales
802 1078 192 109 igitur
937 1078 135 109 etc
1014 1078 96 109 /
1052 1078 115 109 Ad
1110 1078 231 109 rationem

322 1148 189 118 contra
455 1148 114 118 2m
511 1148 284 118 corollarium
739 1148 133 118 cum
815 1148 227 118 arguitur
985 1148 208 118 caritas
1137 1148 189 118 creata
1250 1148 76 118 ma

327 1213 125 113 us
390 1213 187 113 bonum
515 1213 146 113 est
598 1213 146 113 etc
681 1213 229 113 concedo
848 1213 292 113 antecedens
1077 1213 167 113 quod
1181 1213 167 113 ipse

305 1293 198 104 potest
444 1293 119 104 et
503 1293 159 104 nego
602 1293 337 104 consequentiam
880 1293 159 104 quam
979 1293 159 104 sive
1078 1293 277 104 probatione

292 1350 275 115 dicit
476 1350 275 115 bonam
659 1350 214 115 nam
781 1350 183 115 si
873 1350 336 115 valeret
1117 1350 244 115 illa

295 1422 257 116 forma
467 1422 342 116 arguendi
723 1422 342 116 probaret
980 1422 371 116 similiter

291 1488 184 123 quod
406 1488 184 123 homo
521 1488 322 123 sufficeret
774 1488 138 123 ad
843 1488 345 123 producendum
1096 1488 230 123 quodibet

301 1554 294 126 individuum
532 1554 231 126 speciei
700 1554 294 126 inferioris
930 1554 189 126 citra
1056 1554 189 126 ipsum
1182 1554 168 126 quod

301 1640 146 109 est
384 1640 208 109 falsum
530 1640 125 109 et
592 1640 187 109 patet
717 1640 333 109 consequentia
987 1640 166 109 quia
1091 1640 166 109 homo
1195 1640 146 109 est

290 1684 252 123 melior
466 1684 151 123 et
542 1684 353 123 perfectior
819 1684 277 123 omnibus
1021 1684 227 123 illis
1172 1684 126 123 /
1222 1684 151 123 ad

305 1765 203 118 rationem
457 1765 169 118 contra
576 1765 102 118 3m
627 1765 254 118 corollarium
830 1765 119 118 cum
898 1765 203 118 arguitur
1050 1765 135 118 quod
1135 1765 102 118 si
1185 1765 152 118 illud

288 1835 202 110 esset
422 1835 202 110 verum
556 1835 179 110 quod
668 1835 179 110 tunc
780 1835 246 110 habitus
960 1835 157 110 non
1049 1835 202 110 esset
1161 1835 157 110 causa

293 1906 218 108 tivus
438 1906 315 108 meritorii
680 1906 218 108 actus
825 1906 194 108 nego
946 1906 411 108 consequentiam

291 1966 163 90 Et
372 1966 190 90 cum
481 1966 299 90 dicitur
699 1966 218 90 quia
835 1966 245 90 talis
998 1966 245 90 actus
1161 1966 190 90 est

273 2038 356 111 gratuitus
546 2038 219 111 dico
683 2038 219 111 quod
820 2038 383 111 recipiendo
1121 2038 246 111 istum

279 2102 233 119 actum
434 2102 181 119 pro
538 2102 311 119 entitate
771 2102 363 119 incomplexa
1056 2102 155 119 ut
1134 2102 233 119 actus

291 2166 165 128 non
386 2166 165 128 est
480 2166 307 128 gratuitus
716 2166 330 128 formaliter
976 2166 142 128 et
1047 2166 330 128 intrinsece

296 2240 131 120 sed
371 2240 262 120 extrinsece
577 2240 112 120 et
633 2240 299 120 denominative
876 2240 168 120 solum
989 2240 94 120 /
1026 2240 112 120 2a
1082 2240 243 120 conclusio

287 2306 209 122 quodvis
439 2306 228 122 spiritus
609 2306 209 122 sanctus
761 2306 228 122 respectu
932 2306 190 122 omnium
1065 2306 209 122 donorum
1197 2306 133 122 causa

279 2382 179 114 lem
381 2382 153 114 et
457 2382 357 114 efficiendi
738 2382 255 114 habeat
916 2382 306 114 rationem
1146 2382 179 114 non

283 2452 205 120 tamen
420 2452 159 120 cum
511 2452 159 120 eis
601 2452 273 120 coexundi
806 2452 364 120 neccessariam
1101 2452 250 120 connexi

287 2511 192 113 onem
407 2511 216 113 prima
551 2511 192 113 pars
671 2511 288 113 probatur
886 2511 168 113 per
982 2511 216 113 illud
1102 2511 240 113 apostoli

280 2580 139 134 ad
349 2580 278 134 ephesios
558 2580 139 134 2o
628 2580 232 134 ipsius
790 2580 255 134 factura
975 2580 209 134 sumus
1115 2580 232 134 creati

279 2665 143 111 in
351 2665 262 111 christo
541 2665 214 111 ihesu
684 2665 143 111 in
756 2665 286 111 operibus
970 2665 238 111 bnonis
1137 2665 191 111 quae

265 2726 397 117 praeparavit
582 2726 212 117 deus
715 2726 159 117 ut
794 2726 159 117 in
873 2726 238 117 illis
1032 2726 318 117 ambuleus

255 2802 172 103 glo
354 2802 147 103 et
427 2802 172 103 est
525 2802 344 103 augustinus
795 2802 245 103 Creati
967 2802 147 103 et
1041 2802 172 103 non
1139 2802 196 103 illa

263 2874 298 109 utique
472 2874 387 109 creatione
770 2874 209 109 qua
889 2874 328 109 homines
1097 2874 209 109 facti

268 2939 216 118 sumus
412 2939 168 118 Sed
508 2939 144 118 ea
581 2939 144 118 de
653 2939 240 118 contra
821 2939 192 118 iste
941 2939 265 118 dicebat
1134 2939 192 118 quod

258 3001 240 123 iam
395 3001 275 123 homo
567 3001 275 123 erat
738 3001 240 123 cor
876 3001 343 123 mundum
1082 3001 206 123 crea

277 3084 152 106 in
353 3084 152 106 me
429 3084 203 106 deus
556 3084 127 106 /
606 3084 152 106 2a
682 3084 203 106 pars
809 3084 304 106 probatur
1037 3084 203 106 quia
1164 3084 178 106 non

258 3143 201 121 habet
392 3143 246 121 maiorem
571 3143 335 121 connexionem
839 3143 201 121 talem
973 3143 358 121 neccessariam

274 3220 190 113 respectu
417 3220 143 113 unius
512 3220 127 113 quam
591 3220 190 113 respectu
734 3220 143 113 omnem
829 3220 190 113 secundum
972 3220 206 113 apostolum
1130 3220 95 113 in
1178 3220 143 113 prima

273 3289 142 117 ad
344 3289 307 117 cornthios
580 3289 142 117 12
651 3289 330 117 divisiones
910 3289 307 117 gratiarum
1146 3289 189 117 sunt

270 3362 134 120 et
337 3362 268 120 sequitur
537 3362 178 120 haec
649 3362 201 120 omnia
783 3362 268 120 operatur
983 3362 178 120 unus
1095 3362 201 120 atque

1475 465 180 140 idem
1588 465 270 140 spiritus
1791 465 270 140 dividens
1993 465 270 140 singulis
2196 465 203 140 prout
2331 465 180 140 vult

1470 548 174 120 ubi
1570 548 323 120 apostolus
1818 548 298 120 expresse
2042 548 224 120 ponit
2191 548 298 120 utramque

1501 619 234 104 conclusionis
1691 619 146 104 partem
1794 619 73 104 /
1823 619 146 104 primum
1925 619 219 104 corollarium
2100 619 190 104 possibile
2246 619 102 104 est
2305 619 175 104 spiritum

1478 676 251 107 sanctum
1661 676 205 107 menti
1797 676 251 107 infundi
1980 676 137 107 et
2048 676 228 107 nullum
2208 676 342 107 incomplexum

1461 759 215 87 donum
1605 759 311 87 gratuitum
1844 759 263 87 praeter
2035 759 215 87 ipsum
2179 759 215 87 menti
2323 759 239 87 donari

1456 804 279 127 probatur
1665 804 209 127 illud
1804 804 348 127 corollarium
2083 804 186 127 quia
2199 804 209 127 nulla
2338 804 163 127 est

1470 870 267 113 absoluta
1670 870 334 113 neccessaria
1937 870 267 113 connexio
2138 870 200 113 inter
2272 870 178 113 illa
2383 870 134 113 et

1474 943 276 122 spiritus
1681 943 230 122 sancti
1842 943 276 122 personam
2048 943 345 122 confirmatur
2301 943 138 122 quia

1452 1016 254 109 deus
1611 1016 317 109 libere
1833 1016 286 109 donat
2024 1016 222 109 sua
2151 1016 254 109 dona
2309 1016 222 109 non

1455 1072 228 134 solum
1607 1072 202 134 quae
1733 1072 202 134 vult
1860 1072 152 134 2m
1936 1072 329 134 apostolum
2189 1072 177 134 ubi
2290 1072 228 134 supra

1467 1136 191 121 igitur
1601 1136 134 121 etc
1677 1136 96 121 /
1716 1136 115 121 2m
1773 1136 287 121 corollarium
2003 1136 249 121 possibile
2194 1136 134 121 est
2271 1136 210 121 singula
2404 1136 77 121 in

1472 1219 189 107 mente
1598 1219 231 107 difundi
1765 1219 126 107 et
1828 1219 252 107 spiritum
2017 1219 231 107 sanctum
2185 1219 147 107 per
2268 1219 272 107 specialem

1467 1284 140 102 et
1537 1284 304 102 gratuitum
1770 1284 187 102 illa
1887 1284 140 102 ps
1957 1284 164 102 non
2051 1284 187 102 dari
2167 1284 210 102 patet
2308 1284 210 102 primo

1459 1353 214 106 quia
1593 1353 214 106 sunt
1727 1353 348 106 distincta
1994 1353 161 106 ab
2075 1353 161 106 eo
2155 1353 134 106 /
2208 1353 161 106 2o
2289 1353 214 106 quia

1468 1411 242 112 nullam
1637 1411 363 112 neccessitam
1928 1411 339 112 connexione
2195 1411 242 112 habent
2364 1411 145 112 ad

1462 1474 168 100 vicem
1574 1474 279 100 neccessario
1797 1474 168 100 simul
1909 1474 205 100 exeundi
2058 1474 223 100 secundum
2225 1474 298 100 conclusionem

1458 1540 172 111 igitur
1578 1540 258 111 corollarium
1785 1540 155 111 verum
1889 1540 86 111 /
1923 1540 103 111 3m
1975 1540 258 111 corollarium
2182 1540 190 111 quamvis
2319 1540 155 111 donum

1449 1595 277 123 aeternum
1657 1595 185 123 quod
1772 1595 208 123 datur
1911 1595 208 123 menti
2049 1595 254 123 tamquam
2234 1595 185 123 eius
2326 1595 162 123 gratu

1446 1674 206 114 itum
1575 1674 231 114 bonum
1729 1674 309 114 internum
1961 1674 257 114 posset
2141 1674 206 114 dari
2269 1674 206 114 sine
2372 1674 103 114 do

1450 1744 174 105 non
1550 1744 348 105 incomplexo
1823 1744 249 105 creato
1997 1744 174 105 non
2096 1744 224 105 tamen
2245 1744 273 105 possunt

1443 1808 209 110 dari
1574 1808 183 110 sum
1678 1808 340 110 quocumque
1940 1808 209 110 alio
2071 1808 209 110 dono
2201 1808 314 110 gratuito

1455 1879 200 105 prima
1588 1879 178 105 pars
1699 1879 266 105 probatur
1899 1879 155 105 per
1988 1879 289 105 magistrum
2210 1879 133 105 in
2276 1879 178 105 ista
2387 1879 133 105 14

1444 1939 255 96 distinctione
1651 1939 96 96 Et
1699 1939 160 96 beatum
1811 1939 223 96 augustinum
1986 1939 96 96 15
2034 1939 96 96 de
2082 1939 207 96 trinitate
2242 1939 191 96 capitulo
2385 1939 96 96 16

1445 2009 209 110 ambrosius
1606 2009 145 110 libro
1702 2009 97 110 de
1751 2009 177 110 spiritu
1880 2009 161 110 sancto
1992 2009 193 110 capitulo
2137 2009 80 110 4
2169 2009 80 110 /
2202 2009 97 110 2a
2250 2009 129 110 pars
2330 2009 145 110 patet

1455 2069 118 119 ex
1514 2069 276 119 praedictis
1731 2069 118 119 et
1790 2069 118 119 3a
1849 2069 236 119 probatur
2027 2069 158 119 quia
2125 2069 296 119 inpossibile
2362 2069 138 119 est

1436 2149 218 112 dari
1572 2149 327 112 spiritum
1817 2149 245 112 menti
1980 2149 218 112 sive
2116 2149 408 112 renovatione

1453 2210 339 122 spiritus
1707 2210 198 122 qua
1820 2210 311 122 creatur
2046 2210 254 122 Incor
2216 2210 283 122 mundum

1440 2279 166 97 et
1523 2279 221 97 omne
1661 2279 276 97 iustum
1855 2279 138 97 /
1910 2279 193 97 Sed
2021 2279 193 97 hoc
2131 2279 193 97 est
2242 2279 276 97 quodam

1452 2334 187 115 aliud
1577 2334 104 115 a
1618 2334 228 115 spiritu
1785 2334 187 115 donum
1909 2334 208 115 igitur
2055 2334 187 115 corum
2179 2334 187 115 verum
2304 2334 125 115 Ex
2366 2334 145 115 quo

1448 2406 140 110 patet
1542 2406 124 110 quod
1619 2406 233 110 corollarium
1806 2406 124 110 quod
1884 2406 155 110 infert
1993 2406 202 110 gregorius
2148 2406 93 110 ad
2195 2406 202 110 praedicta
2350 2406 93 110 in
2397 2406 124 110 ista

1426 2477 248 105 distinctione
1627 2477 186 105 articulo
1766 2477 139 105 primo
1859 2477 232 105 conclusione
2045 2477 93 105 3a
2091 2477 108 105 ubi
2153 2477 155 105 infert
2261 2477 124 105 quod
2339 2477 201 105 possibile

1449 2537 132 118 est
1525 2537 226 118 transire
1694 2537 113 118 de
1751 2537 340 118 contradictorio
2034 2537 113 118 in
2091 2537 358 118 contradictorium
2374 2537 94 118 ab-

1455 2606 205 113 sque
1584 2606 231 113 motum
1737 2606 256 113 locali
1917 2606 154 113 et
1994 2606 333 113 positione
2250 2606 231 113 novae

1442 2643 150 133 rei
1527 2643 150 133 vel
1613 2643 342 133 desecratione
1891 2643 385 133 praeexistentis
2212 2643 193 133 cuius
2341 2643 171 133 veri

1439 2732 338 122 ficationis
1705 2732 242 122 lapsus
1874 2732 290 122 temporis
2092 2732 218 122 etiam
2237 2732 169 122 non
2309 2732 121 122 sit

1441 2807 176 110 vitam
1559 2807 176 110 patet
1677 2807 157 110 quod
1775 2807 137 110 hoc
1853 2807 137 110 non
1931 2807 235 110 sequitur
2108 2807 118 110 ad
2166 2807 255 110 praedicta
2362 2807 157 110 quia

1439 2869 227 109 donum
1590 2869 227 109 novum
1741 2869 151 109 et
1817 2869 176 109 res
1918 2869 202 109 nova
2044 2869 277 109 ponitur
2245 2869 151 109 in
2321 2869 202 109 esse

1431 2936 310 124 sumendo
1656 2936 197 124 rem
1769 2936 253 124 large
1937 2936 253 124 prout
2106 2936 338 124 extendit
2359 2936 169 124 se

1430 3017 119 88 ad
1490 3017 139 88 rem
1569 3017 119 88 et
1628 3017 139 88 rei
1708 3017 178 88 modum
1826 3017 178 88 patet
1945 3017 119 88 ex
2005 3017 277 88 corollario
2223 3017 158 88 isto
2322 3017 119 88 et
2381 3017 139 88 hoc

1429 3070 267 115 sufficit
1629 3070 134 115 ad
1696 3070 289 115 articulum
1918 3070 267 115 vitandum
2119 3070 111 115 /
2163 3070 267 115 procedit
2364 3070 156 115 aut

1427 3143 183 109 haec
1541 3143 205 109 ratio
1678 3143 365 109 sufficienter
1975 3143 228 109 contra
2135 3143 160 109 eum
2226 3143 297 109 praecipue

1440 3199 192 122 quia
1560 3199 168 122 cum
1656 3199 168 122 sic
1751 3199 192 122 esse
1871 3199 240 122 iustum
2039 3199 168 122 sit
2135 3199 407 122 siginficabile

1421 3283 310 104 complexe
1653 3283 155 104 et
1731 3283 181 104 res
1834 3283 206 104 aput
1963 3283 181 104 eum
2066 3283 284 104 videtur
2273 3283 258 104 omnino

1434 3356 132 113 2m
1500 3356 199 113 ipsum
1633 3356 177 113 esse
1743 3356 265 113 dicendum
1941 3356 177 113 quod
2052 3356 154 113 res
2140 3356 177 113 nova
2250 3356 132 113 in
2316 3356 177 113 esse
2427 3356 132 113 po

2363 3418 177 75 natur
