2964 4293
476 444 174 119 quod
585 444 196 119 tamen
716 444 196 119 negat
847 444 109 119 /
890 444 218 119 Contra
1043 444 174 119 ista
1151 444 196 119 dicta
1282 444 261 119 arguitur

464 517 104 125 et
516 517 156 125 primo
620 517 174 125 contra
742 517 278 125 conclusionem
968 517 122 125 sic
1037 517 261 125 inpossibile
1246 517 122 125 est
1316 517 191 125 aliquam

447 612 359 93 creaturam
723 612 221 93 esse
861 612 166 93 et
944 612 221 93 deum
1082 612 166 93 in
1165 612 221 93 ipsa
1303 612 193 93 non

480 665 97 121 per
536 665 180 121 potentiam
674 665 208 121 praesentiam
840 665 83 121 et
882 665 180 121 essentiam
1021 665 166 121 existere
1145 665 139 121 igitur
1242 665 180 121 conclusio
1367 665 97 121 falsa

472 733 259 125 antecedens
675 733 166 125 satis
786 733 166 125 patet
897 733 111 125 ex
952 733 185 125 dictis
1081 733 222 125 magistri
1248 733 166 125 libro
1359 733 166 125 primo

464 815 262 114 distinctione
677 815 98 114 37
726 815 164 114 haberi
840 815 98 114 Et
890 815 262 114 consequentia
1103 815 147 114 patet
1201 815 115 114 tum
1266 815 147 114 primo
1365 815 131 114 quia

451 870 283 110 talia
639 870 252 110 dona
797 870 378 110 gratuita
1080 870 252 110 sunt
1237 870 220 110 res
1363 870 189 110 2o

454 940 209 123 quia
585 940 157 123 id
663 940 157 123 is
742 940 235 123 datur
899 940 209 123 esse
1029 940 183 123 res
1134 940 209 123 vera
1265 940 262 123 igitur

466 1014 246 144 spiritus
651 1014 226 144 sanctus
815 1014 164 144 erit
918 1014 185 144 causa
1041 1014 123 144 in
1102 1014 164 144 illo
1205 1014 164 144 quam
1307 1014 123 144 in
1348 1014 144 144 aliis

477 1087 164 136 donis
586 1087 182 136 igitur
713 1087 127 136 etc
786 1087 91 136 /
822 1087 182 136 Contra
950 1087 182 136 primum
1077 1087 273 136 corollarium
1295 1087 109 136 si
1350 1087 164 136 ipsum

468 1162 181 137 esset
588 1162 181 137 verum
709 1162 241 137 sequitur
890 1162 161 137 quod
990 1162 221 137 aliquis
1151 1162 201 137 posset
1291 1162 201 137 habere

460 1221 231 142 esse
605 1221 376 142 gratuitum
893 1221 231 142 sive
1038 1221 260 142 forma
1211 1221 347 142 gratuita

454 1287 203 151 quod
580 1287 178 151 est
682 1287 254 151 falsum
859 1287 203 151 quia
986 1287 228 151 forma
1138 1287 178 151 est
1240 1287 279 151 quaedat

458 1358 171 146 esse
565 1358 150 146 rei
650 1358 129 146 et
715 1358 343 146 consequentia
993 1358 193 146 patet
1122 1358 171 146 quia
1229 1358 193 146 forma
1336 1358 171 146 habitu

447 1438 219 115 alis
583 1438 328 115 gratuita
830 1438 191 115 est
939 1438 191 115 dei
1048 1438 301 115 creatum
1267 1438 274 115 gratui

454 1507 149 143 tum
539 1507 191 143 donum
666 1507 127 143 et
730 1507 276 143 quicumque
942 1507 191 143 habet
1070 1507 255 143 spiritum
1261 1507 234 143 sanctum

456 1605 180 95 habet
576 1605 160 95 esse
676 1605 259 95 gratuitum
875 1605 200 95 igitur
1015 1605 319 95 consequentia
1274 1605 160 95 bona
1374 1605 100 95 /

465 1647 184 146 Contra
594 1647 111 146 2m
649 1647 276 146 corollarium
870 1647 111 146 si
925 1647 166 146 ipsum
1036 1647 129 146 est
1109 1647 166 146 verum
1220 1647 221 146 sequitur
1386 1647 129 146 vel

457 1726 207 139 quod
587 1726 233 139 forma
742 1726 259 139 aliqua
923 1726 363 139 habitualis
1208 1726 311 139 informat

464 1786 150 134 et
539 1786 175 134 non
639 1786 324 134 denominat
888 1786 175 134 vel
988 1786 200 134 quod
1113 1786 274 134 aliquis
1312 1786 200 134 sine

450 1873 291 143 spiritu
661 1873 238 143 vitam
820 1873 318 143 aeternam
1058 1873 265 143 mereri
1243 1873 265 143 valeat

466 1944 195 143 quorum
602 1944 234 143 utrumque
777 1944 136 143 est
855 1944 195 143 falsum
991 1944 117 143 et
1050 1944 312 143 consequentia
1303 1944 234 143 probatur

469 2018 174 121 quia
578 2018 152 121 sit
665 2018 152 121 dei
752 2018 130 121 et
817 2018 261 121 spiritus
1013 2018 217 121 sancti
1165 2018 196 121 donum
1295 2018 130 121 si
1339 2018 130 121 ipsa

485 2081 190 143 potest
618 2081 190 143 haberi
751 2081 152 143 sine
846 2081 209 143 spiritu
998 2081 190 143 sancto
1131 2081 133 143 vel
1207 2081 190 143 igitur
1340 2081 190 143 reddit

472 2161 384 124 sufficientem
784 2161 288 124 causarum
1000 2161 144 124 ad
1072 2161 216 124 vitam
1216 2161 288 124 aeternam

466 2233 146 140 vei
550 2233 146 140 non
633 2233 125 140 si
696 2233 146 140 non
779 2233 229 140 habetur
946 2233 209 140 primum
1092 2233 188 140 scnet
1217 2233 167 140 quod
1321 2233 229 140 caritas

464 2300 178 128 non
565 2300 330 128 denominat
819 2300 229 128 ipsum
972 2300 229 128 carum
1125 2300 153 128 si
1201 2300 178 128 sic
1302 2300 203 128 tunc

489 2364 205 119 sequitur
643 2364 205 119 secundum
797 2364 205 119 scilicet
950 2364 137 119 quod
1036 2364 188 119 meretur
1173 2364 154 119 vitam
1275 2364 205 119 aeternam

478 2446 129 118 non
551 2446 202 118 habendo
698 2446 221 118 spiritum
864 2446 202 118 sanctum
1011 2446 92 118 /
1048 2446 184 118 Contra
1177 2446 110 118 3m
1232 2446 276 118 corollarium

452 2520 352 112 quaeritur
723 2520 163 112 de
804 2520 217 112 tali
939 2520 217 112 dono
1075 2520 217 112 quid
1210 2520 190 112 sit
1319 2520 190 112 aut

457 2574 121 145 est
526 2574 207 145 spiritus
681 2574 190 145 sanctus
820 2574 207 145 praecise
975 2574 104 145 et
1027 2574 138 145 tunc
1114 2574 207 145 sequitur
1269 2574 259 145 corollarium

438 2656 349 131 gregorius
707 2656 188 131 aut
814 2656 188 131 est
922 2656 215 131 ipsa
1056 2656 215 131 mens
1190 2656 322 131 gratuite

442 2721 178 159 per
543 2721 306 159 spiritum
773 2721 280 159 elevata
977 2721 178 159 vel
1079 2721 280 159 aliquid
1257 2721 204 159 consur

444 2792 175 147 gens
554 2792 131 147 ex
619 2792 175 147 hiis
729 2792 219 147 duobus
882 2792 263 147 secundum
1080 2792 175 147 quod
1189 2792 153 147 non
1277 2792 219 147 potest

422 2855 253 142 dari
580 2855 253 142 quia
738 2855 253 142 tunc
896 2855 253 142 mens
1054 2855 190 142 se
1149 2855 284 142 ipsam
1307 2855 158 142 gra

438 2923 271 136 tificaret
647 2923 146 136 nec
730 2923 125 136 3m
792 2923 208 136 potest
938 2923 167 136 dari
1042 2923 208 136 igitur
1188 2923 313 136 corollarium

453 2990 217 144 falsum
605 2990 109 144 /
649 2990 130 144 Ad
714 2990 174 144 ista
822 2990 282 144 respondeo
1040 2990 130 144 et
1105 2990 195 144 primo
1235 2990 130 144 ad
1300 2990 217 144 primum

452 3058 136 136 cum
529 3058 234 136 arguitur
705 3058 195 136 contra
841 3058 312 136 conclusionem
1094 3058 292 136 inpossibile
1309 3058 97 136 est

449 3139 239 144 aliquid
623 3139 152 144 etc
710 3139 174 144 nego
819 3139 370 144 consequentiam
1123 3139 130 144 et
1189 3139 152 144 cum
1276 3139 261 144 probatur

419 3208 264 158 primo
595 3208 235 158 quia
742 3208 264 158 talia
918 3208 352 158 gratuita
1182 3208 235 158 sunt
1329 3208 206 158 res

428 3291 155 103 et
506 3291 155 103 2o
583 3291 155 103 is
661 3291 310 103 cuidatur
893 3291 207 103 dico
1022 3291 207 103 quod
1151 3291 155 103 ex
1229 3291 181 103 hoc
1332 3291 181 103 non

429 3342 236 129 sequitur
607 3342 197 129 contra
744 3342 315 129 conclusionem
1000 3342 158 129 quia
1099 3342 138 129 ego
1178 3342 138 129 non
1256 3342 197 129 loquor
1394 3342 118 129 de

427 3415 209 112 illo
558 3415 209 112 modo
688 3415 288 112 communi
898 3415 288 112 essendi
1107 3415 157 112 in
1185 3415 183 112 quo
1290 3415 209 112 deus

1629 454 189 136 est
1737 454 162 136 in
1818 454 243 136 rebus
1981 454 298 136 omnibus
2197 454 189 136 sed
2305 454 162 136 de
2386 454 162 136 eo
2468 454 162 136 de
2549 454 189 136 quo

1618 526 322 142 loquitur
1860 526 322 142 salvator
2101 526 322 142 Iohannes
2342 526 161 142 14
2423 526 161 142 si
2503 526 215 142 quis

1622 598 316 116 diligit
1852 598 172 116 me
1938 598 344 116 sermonem
2196 598 230 116 meum
2340 598 402 116 servabitur

1608 678 179 106 et
1698 678 268 106 pater
1877 678 239 106 mens
2026 678 388 106 diligeret
2324 678 209 106 eum
2443 678 179 106 et
2533 678 179 106 ad

1608 727 251 100 eum
1752 727 467 100 venienius
2111 727 215 100 et
2218 727 467 100 mansionem

1620 789 236 130 aput
1768 789 207 130 eum
1886 789 355 130 faciemus
2153 789 177 130 Ex
2241 789 207 130 quo
2359 789 355 130 sequitur

1642 853 166 134 primo
1752 853 185 134 contra
1882 853 277 134 bonsimblant
2103 853 166 134 libro
2214 853 166 134 primo
2325 853 296 134 distinctione
2565 853 148 134 ista

1638 922 246 136 articulo
1823 922 123 136 2o
1885 922 164 136 quod
1987 922 267 136 processio
2193 922 287 136 temporalis
2418 922 267 136 consistit

1619 1006 161 113 in
1700 1006 215 113 hiis
1834 1006 215 113 quae
1969 1006 215 113 sunt
2103 1006 215 113 quia
2238 1006 215 113 toti
2372 1006 350 113 trinitati

1613 1080 259 117 igitur
1795 1080 259 117 infert
1976 1080 311 117 gordanus
2209 1080 337 117 exponendo
2469 1080 259 117 verbum

1613 1140 359 136 praedictum
1896 1140 257 136 melior
2075 1140 180 136 est
2178 1140 205 136 unio
2306 1140 308 136 gratuita
2511 1140 180 136 menti

1634 1217 181 133 quam
1747 1217 226 133 fuerit
1905 1217 158 133 vel
1996 1217 158 133 sit
2086 1217 181 133 unio
2199 1217 316 133 ypostatica
2447 1217 226 133 divini

1662 1279 329 138 suppositi
1915 1279 253 138 probat
2092 1279 152 138 ex
2169 1279 253 138 tribus
2346 1279 228 138 primo
2498 1279 203 138 quia

1624 1358 186 114 in
1717 1358 309 114 unione
1933 1358 217 114 non
2057 1358 278 114 solum
2243 1358 217 114 una
2367 1358 340 114 persona

1625 1431 162 124 sed
1717 1431 277 124 trinitas
1925 1431 185 124 tota
2041 1431 323 124 concipitur
2295 1431 115 124 /
2341 1431 139 124 ad
2410 1431 185 124 quod
2525 1431 185 124 nova

1612 1506 219 124 dum
1737 1506 281 124 dicit
1924 1506 375 124 veniemus
2206 1506 156 124 /
2268 1506 188 124 2o
2362 1506 250 124 quia
2518 1506 188 124 in

1608 1571 209 114 hac
1727 1571 298 114 unione
1936 1571 209 114 non
2055 1571 268 114 venit
2234 1571 268 114 solum
2413 1571 328 114 propter

1634 1635 148 131 sed
1718 1635 127 131 in
1782 1635 148 131 eum
1867 1635 127 131 et
1930 1635 233 131 propter
2099 1635 148 131 eum
2184 1635 233 131 propter
2353 1635 148 131 hoc
2438 1635 233 131 dicitur

1609 1715 199 105 ad
1708 1715 232 105 eum
1841 1715 166 105 /
1908 1715 199 105 3o
2007 1715 266 105 quia
2173 1715 232 105 non
2306 1715 299 105 venit
2472 1715 199 105 rece

1646 1773 236 130 ssurus
1812 1773 165 130 sed
1906 1773 377 130 aeternaliter
2212 1773 283 130 mansurus
2425 1773 259 130 propter

1613 1846 270 122 quod
1782 1846 304 122 dicit
1985 1846 439 122 mansionem
2323 1846 270 122 aput
2492 1846 237 122 eum

1621 1910 355 150 facienius
1894 1910 273 150 qualis
2085 1910 246 150 autem
2249 1910 191 150 sit
2358 1910 219 150 ille
2495 1910 246 150 modus

1623 1974 445 124 connexionis
1979 1974 267 124 novit
2157 1974 237 124 ille
2305 1974 237 124 quem
2453 1974 237 124 deus

1627 2050 160 120 vult
1727 2050 180 120 nosce
1847 2050 200 120 potest
1987 2050 180 120 tamen
2107 2050 160 120 dici
2206 2050 160 120 quod
2306 2050 240 120 secundum
2466 2050 200 120 hermanum

1626 2122 155 145 de
1704 2122 361 145 schildicet
1988 2122 336 145 exponendo
2246 2122 232 145 illud
2401 2122 310 145 causarum

1613 2195 152 135 id
1689 2195 178 135 est
1790 2195 178 135 ego
1892 2195 305 135 dilectio
2120 2195 178 135 meo
2222 2195 152 135 et
2298 2195 152 135 ad
2374 2195 152 135 me
2425 2195 203 135 conver

1633 2269 164 134 sio
1726 2269 187 134 eius
1843 2269 187 134 quod
1960 2269 164 134 est
2053 2269 304 134 caritatis
2287 2269 257 134 creatae
2474 2269 140 134 et
2544 2269 140 134 in

1619 2345 343 118 creatae
1868 2345 187 118 in
1962 2345 280 118 corde
2149 2345 405 118 intimatio
2460 2345 249 118 quae

1620 2405 218 115 dam
1745 2405 437 115 dulcedinis
2088 2405 343 115 divinae
2337 2405 187 115 in
2431 2405 281 115 mente

1630 2469 261 135 refusio
1820 2469 261 135 luminis
2009 2469 237 135 divini
2175 2469 332 135 intellectu
2436 2469 284 135 resectio

1625 2551 177 126 ut
1714 2551 355 126 quilibet
1980 2551 207 126 hoc
2099 2551 414 126 percipiens
2424 2551 207 126 vel
2513 2551 118 126 ac

1623 2626 289 134 cipiens
1833 2626 236 134 illud
1990 2626 210 134 pars
2121 2626 262 134 dicere
2305 2626 262 134 potest
2489 2626 210 134 deus

1607 2697 181 124 tu
1697 2697 393 124 conversus
2000 2697 423 124 unificabis
2332 2697 211 124 nos
2423 2697 211 124 plura

1609 2797 254 99 dicit
1778 2797 310 99 pulchra
2004 2797 226 99 quae
2145 2797 254 99 causa
2314 2797 395 99 brevitatis

1613 2843 225 105 dimitto
1776 2843 102 105 /
1817 2843 123 105 Ad
1879 2843 246 105 rationem
2063 2843 205 105 contra
2206 2843 205 105 primum
2350 2843 307 105 corollarium

1624 2916 132 116 cum
1699 2916 226 116 arguitur
1869 2916 113 116 si
1925 2916 169 116 ipsum
2038 2916 169 116 foret
2151 2916 169 116 verum
2264 2916 132 116 etc
2340 2916 226 116 sequitur
2509 2916 151 116 quod

1608 2979 257 119 aliquis
1794 2979 163 119 cui
1888 2979 187 119 dico
2004 2979 187 119 quod
2121 2979 257 119 aliquem
2308 2979 233 119 habere
2471 2979 187 119 esse

1610 3050 311 111 gratuitum
1850 3050 240 111 potest
2017 3050 335 111 dupliciter
2281 3050 192 111 esse
2400 3050 168 111 uno
2496 3050 192 111 modo

1609 3120 379 120 habitualiter
1917 3120 332 120 intrinsece
2178 3120 355 120 informative
2462 3120 118 120 /
2510 3120 190 120 alio

1607 3189 290 125 extrinsece
1835 3189 332 125 denominative
2105 3189 187 125 primo
2229 3189 166 125 nego
2333 3189 352 125 consequentiam

1615 3260 131 111 2o
1681 3260 174 111 modo
1790 3260 240 111 concedo
1964 3260 153 111 eam
2051 3260 131 111 et
2116 3260 305 111 consequens
2356 3260 196 111 simul
2487 3260 218 111 proba-

1611 3321 160 143 tio
1703 3321 206 143 facit
1840 3321 160 143 pro
1932 3321 206 143 primo
2069 3321 160 143 non
2160 3321 160 143 pro
2252 3321 137 143 2o
2321 3321 114 143 /
2366 3321 137 143 Ad
2435 3321 275 143 rationem

1592 3388 210 146 contra
1739 3388 126 146 2m
1802 3388 315 146 corollarium
2054 3388 147 146 qua
2139 3388 231 146 dicitur
2307 3388 126 146 si
2370 3388 189 146 ipsum
2496 3388 147 146 sit
