2964 4293
442 457 153 136 Aad
529 457 392 136 confirmationem
856 457 153 136 cum
944 457 240 136 dicitur
1118 457 174 136 quod
1227 457 283 136 processio

455 536 196 120 nes
567 536 252 120 penes
735 536 336 120 terminos
988 536 392 120 numerantur
1296 536 224 120 dico

464 599 205 140 quod
592 599 230 140 verum
746 599 179 140 est
848 599 179 140 ubi
950 599 333 140 procedens
1206 599 307 140 realiter

461 676 354 112 intrinsece
739 676 152 112 ad
814 676 227 112 tales
966 676 303 112 terminos
1193 676 303 112 refertur

467 726 135 138 et
534 726 157 138 non
624 726 314 138 extrinsece
870 726 135 138 2m
938 726 269 138 rationem
1140 726 202 138 solum
1274 726 179 138 modo
1386 726 135 138 2m

465 816 244 139 augustinum
656 816 87 139 5
691 816 105 139 de
744 816 227 139 trinitate
918 816 209 139 capitulo
1075 816 174 139 ultimo
1197 816 209 139 spiritus
1354 816 192 139 sanctus

459 878 148 140 ad
533 878 295 140 obiectum
754 878 295 140 aeternum
976 878 295 140 refertur
1197 878 148 140 2m
1271 878 197 140 esse
1394 878 148 140 ad

468 958 272 134 temporale
677 958 125 134 2m
740 958 230 134 rationi
907 958 125 134 Ad
970 958 251 134 rationes
1158 958 209 134 contra
1305 958 209 134 primum

476 1015 280 142 corollarium
701 1015 131 142 cum
775 1015 206 142 dicitur
925 1015 150 142 quod
1019 1015 131 142 non
1093 1015 262 142 perfectius
1299 1015 131 142 etc
1374 1015 150 142 dico

472 1081 183 142 quod
587 1081 206 142 talis
724 1081 297 142 productio
953 1081 137 142 4a
1021 1081 229 142 potest
1182 1081 343 142 considerari

483 1157 198 141 quantum
627 1157 108 141 ad
681 1157 162 141 actum
789 1157 198 141 quantum
933 1157 108 141 ad
987 1157 216 141 terminum
1150 1157 234 141 productum
1330 1157 198 141 quantum

483 1236 136 150 ad
551 1236 361 150 productionis
845 1236 203 150 modum
980 1236 136 150 et
1048 1236 249 150 quantum
1229 1236 136 150 ad
1297 1236 249 150 fructum

476 1318 170 146 primo
590 1318 132 146 vel
665 1318 113 146 2o
722 1318 151 146 modo
816 1318 189 146 potest
949 1318 208 146 concedi
1100 1318 265 146 consequens
1308 1318 113 146 et
1365 1318 132 146 sic
1421 1318 76 146 in

470 1399 231 116 telligo
638 1399 315 116 corollarium
890 1399 147 116 Sed
974 1399 126 116 3o
1037 1399 147 116 vel
1121 1399 126 116 4o
1184 1399 168 116 modo
1289 1399 147 116 non
1373 1399 147 116 nec

483 1460 162 124 sic
575 1460 231 124 dicere
737 1460 185 124 volo
853 1460 208 124 sicut
992 1460 208 124 patet
1130 1460 139 124 ex
1200 1460 324 124 corollario

472 1518 99 152 ad
521 1518 198 152 rationem
670 1518 165 152 contra
785 1518 99 152 2m
835 1518 248 152 corollarium
1033 1518 116 152 cum
1099 1518 182 152 dicitur
1231 1518 132 152 quod
1313 1518 198 152 sequitur

467 1601 166 154 quod
571 1601 228 154 hominis
737 1601 332 154 gratificatio
1006 1601 145 154 etc
1089 1601 166 154 dico
1193 1601 166 154 quod
1296 1601 228 154 hominis

444 1690 387 122 gratificatio
759 1690 170 122 est
855 1690 266 122 inmensa
1049 1690 170 122 sed
1146 1690 170 122 non
1243 1690 170 122 est
1316 1690 170 122 immen

460 1750 149 155 sa
535 1750 397 155 gratificatio
857 1750 248 155 istius
1031 1750 273 155 hominis
1229 1750 322 155 Similiter

479 1821 205 147 potest
623 1821 164 147 dici
726 1821 123 147 de
787 1821 308 147 beatitudine
1034 1821 123 147 ex
1095 1821 144 147 quo
1178 1821 226 147 apparet
1342 1821 205 147 multas

489 1901 205 150 formas
632 1901 246 150 Iohannes
816 1901 123 150 de
878 1901 225 150 marchia
1042 1901 143 150 non
1124 1901 205 150 valere
1267 1901 164 150 quae
1370 1901 184 150 super

455 1974 176 162 hac
556 1974 403 162 consequentia
883 1974 328 162 fundantur
1135 1974 302 162 infinita
1362 1974 176 162 est

469 2053 327 137 gratificatio
734 2053 225 137 hominis
898 2053 204 137 igitur
1041 2053 225 137 hominis
1205 2053 327 137 gratificatio

472 2144 232 136 infinita
646 2144 135 136 etc
723 2144 116 136 Ad
781 2144 232 136 rationem
955 2144 193 136 contra
1091 2144 116 136 2m
1149 2144 290 136 corollarium
1381 2144 155 136 dico

478 2197 139 156 quod
564 2197 243 156 augustinum
755 2197 156 156 dicit
859 2197 104 156 de
911 2197 226 156 temperali
1085 2197 191 156 proprie
1224 2197 104 156 et
1276 2197 243 156 intrinsece

464 2267 217 140 talis
609 2267 217 140 autem
754 2267 169 140 non
850 2267 169 140 est
947 2267 314 140 processio
1188 2267 145 140 de
1261 2267 169 140 qua
1357 2267 169 140 est

464 2337 189 150 sermo
590 2337 126 150 de
653 2337 189 150 aliis
779 2337 189 150 patet
905 2337 126 150 ex
968 2337 210 150 dictis
1114 2337 168 150 quid
1219 2337 231 150 dicedum
1387 2337 126 150 et

473 2408 194 144 etiam
602 2408 237 144 quomodo
774 2408 323 144 respondetur
1032 2408 129 144 ad
1096 2408 323 144 principales
1333 2408 151 144 ratio

472 2489 140 141 nes
552 2489 180 141 satis
672 2489 200 141 patere
812 2489 200 141 potest
952 2489 260 141 expositis
1153 2489 140 141 hic
1233 2489 120 141 in
1293 2489 280 141 quaestione

473 2605 135 119 igitur
567 2605 94 119 etc

620 2609 146 132 Ic
693 2609 415 132 considerandum
1035 2609 171 132 est
1132 2609 171 132 cum
1230 2609 293 132 spiritus

651 2693 227 142 sanctus
816 2693 186 142 detur
940 2693 268 142 hominibus
1146 2693 165 142 Ista
1250 2693 289 142 distinctio

654 2761 317 127 cotinuatur
904 2761 136 127 ad
972 2761 363 127 praecedentia
1266 2761 159 127 per
1357 2761 181 127 hunc

475 2834 161 140 modum
582 2834 214 140 postquam
743 2834 214 140 magister
904 2834 214 140 spiritum
1064 2834 196 140 sanctum
1207 2834 89 140 a
1243 2834 179 140 patere
1368 2834 107 140 et
1404 2834 71 140 fi

445 2906 161 127 lio
537 2906 299 127 procedere
767 2906 184 127 nunc
882 2906 276 127 inquirit
1089 2906 207 127 utrum
1227 2906 276 127 spiritus

449 2956 256 176 sanctus
635 2956 232 176 posset
797 2956 186 176 vere
913 2956 186 176 dici
1030 2956 139 176 se
1099 2956 209 176 ipsum
1239 2956 186 176 dare
1355 2956 163 176 vel

454 3027 268 145 mittere
648 3027 146 145 et
721 3027 316 145 dividitur
965 3027 195 145 ista
1087 3027 146 145 in
1160 3027 195 145 tres
1281 3027 243 145 partes

444 3102 284 169 principales
671 3102 151 169 quia
766 3102 170 169 primo
879 3102 151 169 modo
974 3102 227 169 magister
1144 3102 227 169 ostendit
1295 3102 189 169 spiritum

440 3186 255 175 sanctum
625 3186 139 175 se
695 3186 208 175 ipsum
834 3186 185 175 quod
949 3186 255 175 mittere
1135 3186 139 175 2o
1204 3186 232 175 probat
1366 3186 162 175 hoc

437 3240 348 185 exmissione
711 3240 224 185 filii
860 3240 224 185 quasi
1009 3240 174 185 per
1108 3240 249 185 simile
1282 3240 149 185 3o
1332 3240 149 185 quae

446 3351 164 134 rit
539 3351 141 134 an
610 3351 188 134 vere
727 3351 282 134 possumus
939 3351 235 134 patrem
1103 3351 258 134 missere
1291 3351 235 134 dicere

430 3401 221 170 tunc
568 3401 165 170 2a
651 3401 221 170 pars
789 3401 193 170 est
899 3401 193 170 ibi
1009 3401 165 170 ne
1092 3401 248 170 autem
1257 3401 276 170 mirere

1607 454 143 135 3a
1679 454 167 135 ibi
1774 454 214 135 habic
1917 454 214 135 autem
2060 454 286 135 quaritur
2274 454 167 135 cur
2369 454 214 135 pater
2512 454 214 135 prima

1614 533 216 115 pars
1749 533 296 115 remanet
1964 533 323 115 indivisa
2207 533 162 115 et
2288 533 162 115 2a
2369 533 350 115 dividitur

1610 601 160 105 in
1690 601 214 105 duas
1824 601 214 105 quia
1958 601 241 105 primo
2118 601 321 105 magister
2359 601 321 105 ostendit

1636 671 207 119 filii
1774 671 298 119 missionis
2003 671 207 119 filii
2141 671 207 119 iuxta
2279 671 184 119 esse
2394 671 321 119 principium

1626 739 164 112 2o
1708 739 301 112 eiusdem
1927 739 356 112 missionis
2201 739 247 112 modum
2366 739 219 112 esse
2475 739 192 112 diver

1623 807 201 129 sum
1738 807 172 129 et
1824 807 287 129 varium
2025 807 172 129 2a
2111 807 229 129 pars
2254 807 201 129 est
2369 807 201 129 ibi
2484 807 201 129 hic

1612 871 325 120 quaeritur
1862 871 225 120 utrum
2012 871 225 120 semul
2161 871 250 120 tantum
2336 871 350 120 divisiones

1625 945 191 141 harum
1752 945 234 141 partium
1923 945 298 141 praecebunt
2157 945 128 141 in
2220 945 319 141 expositione
2476 945 213 141 textus

1829 1028 177 115 trum
1939 1028 265 115 personae
2138 1028 243 115 divinae
2315 1028 309 115 temporalis
2558 1028 155 115 mis

1802 1099 232 109 sio
1935 1099 232 109 sit
2067 1099 365 109 eiusdem
2333 1099 199 109 in
2432 1099 299 109 mente

1823 1175 138 114 et
1892 1175 277 114 arguitur
2100 1175 208 114 primo
2238 1175 184 114 quod
2353 1175 161 114 non
2445 1175 184 114 quia
2538 1175 138 114 vita

1614 1236 233 143 liter
1770 1236 285 143 percipi
1977 1236 311 143 convenit
2210 1236 285 143 omnibus
2417 1236 311 143 personis

1627 1318 296 118 divinis
1842 1318 188 118 sed
1950 1318 188 118 non
2057 1318 322 118 convenit
2299 1318 296 118 omnibus
2487 1318 188 118 mitti

1620 1386 188 121 igitur
1752 1386 226 121 quaestio
1921 1386 169 121 falsa
2034 1386 301 121 consequentia
2279 1386 132 121 est
2354 1386 169 121 satis
2467 1386 245 121 manifesta

1616 1455 99 141 et
1666 1455 232 141 antecedens
1848 1455 116 141 est
1915 1455 199 141 magistri
2064 1455 99 141 in
2114 1455 182 141 littera
2246 1455 199 141 capitulo
2395 1455 215 141 penultimo
2561 1455 116 141 ubi

1615 1529 298 121 dicitur
1832 1529 190 121 hic
1940 1529 352 121 quaeritur
2211 1529 190 121 cur
2319 1529 244 121 pater
2482 1529 190 121 non

1618 1604 269 134 dicitur
1813 1604 244 134 missus
1984 1604 171 134 Cum
2081 1604 146 134 ex
2155 1604 269 134 tempore
2350 1604 122 134 a
2399 1604 171 134 quo
2497 1604 195 134 quod

1633 1668 341 121 cognoscitur
1906 1668 159 121 ubi
1997 1668 250 121 habetur
2179 1668 318 121 antecedens
2407 1668 227 121 expresse

1604 1727 116 142 2o
1662 1727 136 142 sic
1739 1727 233 142 sequitur
1914 1727 116 142 si
1972 1727 233 142 quaestio
2146 1727 174 142 esset
2262 1727 155 142 vera
2359 1727 155 142 quod
2456 1727 233 142 quilibet

1638 1808 360 113 recipiens
1915 1808 304 113 divinam
2136 1808 360 113 missionem
2413 1808 304 113 haberet

1635 1873 306 139 respectu
1864 1873 255 139 illius
2042 1873 306 139 actualem
2272 1873 280 139 vitalem
2450 1873 204 139 percep

1641 1947 173 120 tionem
1762 1947 277 120 consequentia
1987 1947 138 120 nota
2073 1947 104 120 et
2125 1947 242 120 consequens
2316 1947 173 120 falsum
2437 1947 121 120 tam
2506 1947 156 120 primo

1640 2022 185 115 quia
1756 2022 278 115 quilibet
1964 2022 278 115 existens
2173 2022 139 115 in
2242 2022 232 115 gratia
2404 2022 301 115 evidenter

1628 2095 167 129 hoc
1724 2095 358 129 cognosceret
2010 2095 143 129 2o
2082 2095 287 129 sequitur
2297 2095 191 129 quod
2416 2095 287 129 quilibet

1631 2161 359 129 baptizatus
1913 2161 282 129 vitalem
2118 2161 384 129 perceptione
2425 2161 282 129 haberet

1621 2241 166 131 3o
1704 2241 221 131 quod
1842 2241 331 131 quilibet
2090 2241 166 131 2m
2173 2241 414 131 intuitionem
2477 2241 166 131 rece

1626 2311 330 115 ptionis
1866 2311 450 115 intensionem
2226 2311 480 115 perceptionis

1621 2379 298 129 haberet
1838 2379 163 129 et
1919 2379 190 129 sic
2028 2379 244 129 virgo
2191 2379 244 129 maria
2354 2379 353 129 habuisset

1627 2445 260 117 alicui
1809 2445 234 117 certo
1965 2445 260 117 angelo
2147 2445 416 117 perceptionem
2458 2445 182 117 inten

1637 2526 238 134 sionem
1804 2526 191 134 quod
1923 2526 167 134 non
2018 2526 262 134 videtur
2209 2526 143 134 3o
2281 2526 405 134 principaliter

1633 2595 405 130 missionem
1944 2595 374 130 recipere
2225 2595 218 130 est
2349 2595 218 130 est
2474 2595 249 130 pure

1626 2662 334 155 passivum
1877 2662 223 155 esse
2016 2662 195 155 vel
2127 2662 306 155 passive
2350 2662 167 155 se
2433 2662 278 155 tenere

1638 2734 165 145 igitur
1754 2734 198 145 quaestio
1903 2734 149 145 falsa
2002 2734 215 145 assumptum
2167 2734 149 145 patet
2266 2734 198 145 externus
2415 2734 281 145 consequentiam

1615 2798 191 152 probo
1742 2798 170 152 quia
1849 2798 255 152 respectu
2040 2798 234 152 nullius
2210 2798 234 152 termini
2380 2798 213 152 potest
2529 2798 170 152 mens

1617 2888 157 145 se
1695 2888 262 145 habere
1879 2888 236 145 puere
2036 2888 288 145 passive
2246 2888 157 145 et
2324 2888 367 145 perceptive

1618 2961 180 137 cum
1721 2961 335 137 percipere
1979 2961 180 137 non
2082 2961 180 137 sit
2184 2961 360 137 formaliter
2468 2961 206 137 pati

1636 3045 181 119 2o
1726 3045 242 119 quia
1878 3045 272 119 posse
2059 3045 454 119 perceptimum
2422 3045 302 119 ultime

1620 3120 370 125 perfectius
1910 3120 185 125 est
2016 3120 211 125 quam
2148 3120 238 125 posse
2306 3120 185 125 vel
2411 3120 211 125 esse
2517 3120 132 125 pas

1625 3184 169 124 sivum
1738 3184 226 124 secundum
1907 3184 150 124 quod
2001 3184 188 124 potest
2133 3184 188 124 haberi
2264 3184 113 124 ex
2321 3184 188 124 dictis
2452 3184 226 124 iohannis

1627 3261 140 119 de
1697 3261 256 119 marchia
1883 3261 326 119 quaestione
2140 3261 140 119 2a
2210 3261 443 119 determinationum

1619 3342 228 112 suarum
1779 3342 274 112 articulo
1984 3342 205 112 primo
2121 3342 342 112 conclusione
2394 3342 228 112 quinta
2554 3342 137 112 Ad

1636 3421 267 125 oppositum
1842 3421 247 125 arguitur
2027 3421 123 125 ex
2088 3421 205 125 dictis
2232 3421 288 125 augustinus
2458 3421 226 125 positis
