2964 4293
471 440 226 142 aliquam
636 440 370 142 determinativae
944 440 165 142 unde
1047 440 247 142 dicendum
1232 440 144 142 est
1315 440 165 142 quod

470 520 230 118 mitti
624 520 230 118 dicit
777 520 357 118 respiritum
1057 520 179 118 non
1159 520 255 118 quidem
1312 520 179 118 admi-

461 590 259 125 ttentem
650 590 400 125 determinative
980 590 377 125 consequentis
1286 590 165 125 sed
1380 590 165 125 au-

485 664 289 128 ctoritative
716 664 327 128 principaliter
985 664 250 128 Similiter
1178 664 193 128 potest
1313 664 154 128 dici
1390 664 96 128 de-

474 723 236 119 mittere
645 723 129 119 si
710 723 236 119 mittere
882 723 236 119 sumitur
1053 723 365 119 auctoritative
1354 723 172 119 quia

449 799 234 137 tunc
595 799 264 137 nulla
771 799 322 137 persona
1005 799 176 137 se
1093 799 264 137 ipsam
1269 799 293 137 mittit

468 878 204 124 nec
584 878 262 124 aliam
759 878 233 124 nisi
905 878 233 124 quam
1051 878 350 124 producit
1313 878 204 124 sed

476 944 144 144 2o
548 944 192 144 modo
668 944 288 144 mittendi
884 944 168 144 bne
980 944 168 144 per
1076 944 168 144 hoc
1172 944 216 144 patet
1316 944 192 144 quid

472 1017 227 138 dicendum
642 1017 114 138 ad
699 1017 132 138 3am
775 1017 227 138 rationem
945 1017 95 138 /
983 1017 114 138 2a
1040 1017 246 138 conclusio
1229 1017 208 138 quamvis
1361 1017 114 138 qui-

464 1112 259 103 libet
637 1112 375 103 recipiens
925 1112 317 103 divinam
1156 1112 375 103 missionem

479 1157 262 144 capiat
662 1157 184 144 dei
767 1157 288 144 vitalem
977 1157 419 144 perceptionem
1291 1157 184 144 tamen

469 1241 239 122 stante
637 1241 191 122 lege
756 1241 239 122 nullus
924 1241 239 122 viator
1091 1241 239 122 potest
1259 1241 215 122 scire
1402 1241 144 122 se

479 1309 289 131 gratuita
695 1309 144 131 et
768 1309 337 131 meritoriam
1032 1309 240 131 habere
1200 1309 361 131 dilectionem

487 1382 179 146 prima
607 1382 159 146 pars
706 1382 179 146 patet
825 1382 119 146 ex
885 1382 199 146 dictis
1024 1382 279 146 augustinis
1243 1382 119 146 et
1303 1382 239 146 magistri

469 1466 273 131 adductis
674 1466 159 131 pro
765 1466 205 131 parte
902 1466 342 131 affirmativa
1175 1466 342 131 quaestionis

501 1536 113 144 2a
558 1536 150 144 pars
652 1536 226 144 probatur
821 1536 132 144 per
896 1536 169 144 illud
1009 1536 226 144 apostoli
1178 1536 188 144 primae
1291 1536 226 144 corinthios

474 1612 166 147 13
557 1612 276 147 nichil
750 1612 248 147 michi
916 1612 331 147 conscius
1164 1612 193 147 sum
1274 1612 193 147 sed
1385 1612 166 147 in

454 1698 218 116 hoc
578 1698 218 116 non
703 1698 499 116 iustificatus
1108 1698 218 116 sum
1233 1698 156 116 /
1295 1698 249 116 Item

473 1754 407 120 ecclesiastes
803 1754 127 120 9
854 1754 254 120 nescit
1032 1754 203 120 homo
1159 1754 229 120 utrum
1311 1754 229 120 amore

469 1835 188 110 vel
577 1835 215 110 odio
711 1835 269 110 dignus
899 1835 188 110 sit
1007 1835 134 110 /
1061 1835 161 110 Ad
1141 1835 215 110 idem
1276 1835 269 110 potest

479 1895 227 119 argui
630 1895 151 119 ex
705 1895 227 119 illoo
857 1895 302 119 Iohannes
1083 1895 126 119 3
1133 1895 302 119 spiritus
1360 1895 176 119 ubi

473 1962 221 137 vult
612 1962 194 137 etc
722 1962 166 137 et
805 1962 332 137 subditur
1054 1962 166 137 Et
1137 1962 277 137 nescis
1331 1962 221 137 unde

470 2037 348 133 veniat
714 2037 244 133 aut
853 2037 244 133 quo
992 2037 313 133 vadat
1201 2037 313 133 istam

490 2092 288 168 conclusionem
724 2092 180 168 arguit
850 2092 198 168 dominus
994 2092 378 168 alltissiodorensis
1318 2092 108 168 in
1372 2092 126 168 suo

474 2162 131 144 3o
540 2162 153 144 sic
627 2162 219 144 nullus
781 2162 219 144 potest
934 2162 197 144 scire
1066 2162 263 144 spiritum
1263 2162 241 144 sanctum

461 2231 306 147 gratuite
690 2231 153 147 in
766 2231 204 147 ipso
894 2231 204 147 esse
1021 2231 255 147 igitur
1200 2231 178 147 nec
1276 2231 204 147 carita

484 2307 163 147 tem
577 2307 232 147 habere
739 2307 139 147 se
809 2307 209 147 scire
948 2307 116 147 /
995 2307 232 147 primum
1157 2307 348 147 corollarium

482 2390 219 117 licet
628 2390 170 117 non
725 2390 292 117 quilibet
944 2390 219 117 tamen
1090 2390 267 117 aliquis
1284 2390 267 117 tenetur

473 2443 142 152 se
544 2443 261 152 credere
734 2443 190 152 esse
853 2443 142 152 in
924 2443 285 152 caritate
1138 2443 285 152 probatur
1351 2443 166 152 nam

474 2518 127 134 as
537 2518 233 134 tenetur
707 2518 233 134 credere
877 2518 127 134 se
941 2518 212 134 habere
1089 2518 255 134 spiritus
1280 2518 212 134 sancti

471 2575 176 152 vel
572 2575 302 152 alterius
798 2575 302 152 personae
1025 2575 277 152 divinae
1227 2575 328 152 missionem

462 2657 210 137 igitur
609 2657 231 137 tenetur
777 2657 189 137 etiam
903 2657 231 137 credere
1072 2657 126 137 se
1135 2657 210 137 habere
1282 2657 273 137 caritatem

460 2738 115 129 et
517 2738 269 129 dilectinem
729 2738 250 129 contlusia
922 2738 173 129 patet
1037 2738 115 129 ex
1095 2738 289 129 conclusione
1326 2738 154 129 quia

461 2805 196 148 idem
584 2805 196 148 sunt
707 2805 172 148 sed
805 2805 172 148 non
904 2805 295 148 quilibet
1125 2805 295 148 probatur
1346 2805 196 148 quia

454 2889 287 128 existens
669 2889 143 128 in
741 2889 239 128 peccto
908 2889 263 128 mortali
1100 2889 287 128 scienter
1315 2889 167 128 non
1386 2889 96 128 te

458 2944 161 139 netur
565 2944 197 139 credere
708 2944 161 139 illud
816 2944 179 139 igitur
941 2944 268 139 corollarium
1155 2944 161 139 verum
1263 2944 250 139 antecedens

451 3036 186 135 patet
575 3036 124 135 de
637 3036 268 135 accedente
843 3036 309 135 sacramentum
1091 3036 103 135 /
1153 3036 124 135 2m
1215 3036 309 135 corollarium

451 3093 375 140 corollarium
751 3093 250 140 quanto
926 3093 275 140 fructus
1127 3093 325 140 missionis
1352 3093 100 140 in

454 3164 289 153 mente
646 3164 449 153 perficitur
999 3164 192 153 et
1095 3164 449 153 melioratur

440 3249 282 115 tantio
637 3249 311 115 vitalis
863 3249 198 115 dei
976 3249 367 115 perceptio
1258 3249 169 115 in
1343 3249 169 115 eo

454 3305 393 135 intenditur
763 3305 169 135 et
847 3305 421 135 augmentatur
1184 3305 337 135 probatur

435 3385 240 162 quia
585 3385 301 162 aliter
796 3385 210 162 non
916 3385 361 162 quilibet
1186 3385 331 162 capiens

1600 424 359 150 personae
1869 424 329 150 divinae
2108 424 389 150 missionem
2407 424 329 150 caperet

1634 522 148 139 eius
1727 522 204 139 vitalem
1875 522 296 139 perceptionem
2116 522 148 139 quod
2209 522 130 139 est
2283 522 185 139 contra
2413 522 296 139 conclusionem

1619 596 106 127 /
1661 596 128 127 3m
1725 596 319 127 corollarium
1980 596 319 127 corollarium
2236 596 128 127 ad
2299 596 319 127 intensionem
2533 596 128 127 vita

1614 670 178 118 lis
1715 670 407 118 perceptionis
2046 670 178 118 non
2148 670 305 118 sequitur
2377 670 331 118 uniformis

1631 735 283 124 intensio
1844 735 307 124 scientiae
2080 735 165 124 vel
2174 735 283 124 actualis
2363 735 307 124 cognitionis

1625 808 280 129 probatur
1835 808 234 129 aliter
1998 808 210 129 sicut
2139 808 304 129 dicebatur
2372 808 140 129 in
2419 808 257 129 argumento

1633 884 300 118 principali
1868 884 214 118 habens
2019 884 193 118 talem
2147 884 343 118 perceptionem
2426 884 193 118 habet
2533 884 129 118 evi-

1627 973 279 124 dentem
1822 973 167 124 et
1906 973 502 124 experimentalem
2324 973 418 124 cognitionem

1637 1030 147 136 quod
1728 1030 128 136 est
1802 1030 183 136 contra
1930 1030 293 136 conclusionem
2168 1030 183 136 Contra
2296 1030 147 136 ista
2388 1030 183 136 potest
2516 1030 165 136 argui

1627 1086 290 139 aliquis
1838 1086 264 139 potest
2023 1086 238 139 scire
2181 1086 158 139 se
2260 1086 211 139 esse
2392 1086 264 139 dignum
2550 1086 106 139 vi

1634 1169 99 127 ta
1684 1169 182 127 aeterna
1816 1169 165 127 igitur
1932 1169 215 127 conclusio
2097 1169 149 127 falsa
2196 1169 264 127 consequentia
2411 1169 132 127 nota
2493 1169 215 127 assumptum

1631 1224 304 134 arguitur
1858 1224 177 134 tum
1960 1224 228 134 primo
2112 1224 202 134 quia
2238 1224 278 134 aliquis
2441 1224 253 134 potest

1638 1304 150 136 se
1713 1304 225 136 scire
1863 1304 250 136 habere
2038 1304 275 136 timorem
2239 1304 300 136 filialem
2464 1304 250 136 igitur

1624 1379 114 122 et
1681 1379 246 122 caritatem
1870 1379 170 122 patet
1984 1379 303 122 consequentia
2230 1379 114 122 ex
2286 1379 189 122 glossa
2419 1379 170 122 super
2533 1379 170 122 prima

1620 1445 230 144 Iohannes
1793 1445 96 144 4
1831 1445 230 144 perfecta
2004 1445 250 144 caritatis
2196 1445 134 144 etc
2272 1445 269 144 antecedens
2484 1445 173 144 patet

1627 1544 193 111 ex
1723 1544 257 111 illo
1884 1544 225 111 Gen
2012 1544 193 111 22
2109 1544 353 111 Cognovi
2366 1544 257 111 quia
2494 1544 161 111 ti-

1627 1605 213 110 meas
1760 1605 213 110 deum
1893 1605 159 110 id
1973 1605 186 110 est
2079 1605 372 110 cognoscere
2371 1605 159 110 te
2451 1605 213 110 feci
2557 1605 80 110 /

1632 1665 159 131 tum
1723 1665 136 131 2o
1791 1665 204 131 patet
1927 1665 181 131 idem
2040 1665 317 131 antecedens
2290 1665 159 131 per
2381 1665 204 131 illud
2494 1665 204 131 philipp

1633 1748 157 125 2o
1711 1748 366 125 petitiones
1999 1748 287 125 vestrae
2208 1748 392 125 innotescant
2521 1748 209 125 apud

1633 1815 224 123 deum
1773 1815 196 123 ubi
1885 1815 280 123 glossa
2081 1815 196 123 non
2194 1815 196 123 sit
2306 1815 420 123 accipiendum

1621 1887 214 141 est
1744 1887 336 141 tamquam
1988 1887 214 141 deo
2110 1887 183 141 in
2202 1887 367 141 notestat
2477 1887 214 141 qui

1633 1957 201 127 eas
1748 1957 259 127 etiam
1921 1957 345 127 antequam
2180 1957 288 127 essent
2381 1957 316 127 noverat

1638 2030 190 142 sed
1746 2030 244 142 nobis
1909 2030 406 142 innotescant
2234 2030 217 142 esse
2369 2030 217 142 aput
2478 2030 163 142 deum

1636 2098 142 130 et
1707 2098 308 130 concordat
1944 2098 331 130 augustinus
2205 2098 142 130 22
2276 2098 142 130 de
2347 2098 284 130 civitate
2560 2098 166 130 dei

1639 2163 245 130 capitulo
1822 2163 123 130 2o
1884 2163 102 130 /
1924 2163 123 130 2o
1986 2163 184 130 patet
2108 2163 286 130 principale
2333 2163 286 130 antecedens
2557 2163 163 130 quia

1638 2240 269 119 aliquis
1833 2240 245 119 potest
2004 2240 147 119 se
2078 2240 220 119 omnia
2225 2240 269 119 propter
2420 2240 294 119 christum

1629 2302 344 135 reliquisse
1900 2302 246 135 igitur
2072 2302 147 135 et
2145 2302 221 135 scire
2293 2302 147 135 se
2367 2302 197 135 esse
2489 2302 246 135 dignum

1634 2388 176 115 vita
1744 2388 242 115 aeterna
1919 2388 351 115 consequentia
2205 2388 198 115 patet
2337 2388 220 115 matthi
2490 2388 132 115 19
2534 2388 154 115 omnis

1636 2453 192 121 qui
1745 2453 385 121 reliquirit
2048 2453 192 121 etc
2158 2453 137 121 /
2213 2453 165 121 3o
2295 2453 220 121 quia
2433 2453 302 121 aliquis

1638 2512 266 142 potest
1825 2512 240 142 scire
1984 2512 160 142 se
2064 2512 266 142 nullum
2251 2512 319 142 servilem
2464 2512 186 142 timo-

1647 2580 177 139 rem
1748 2580 254 139 habere
1926 2580 152 139 et
2002 2580 228 139 scire
2154 2580 152 139 se
2230 2580 254 139 habere
2407 2580 330 139 caritatem

1643 2655 157 139 patet
1747 2655 280 139 consequentia
1975 2655 122 139 per
2045 2655 140 139 llud
2132 2655 175 139 primae
2255 2655 210 139 Iohannes
2412 2655 210 139 perfecta
2570 2655 122 139 etc

1644 2720 225 133 Contra
1802 2720 225 133 primum
1960 2720 338 133 corollarium
2230 2720 158 133 sub
2320 2720 203 133 nullo
2433 2720 225 133 articulo

1628 2789 359 121 continetur
1911 2789 257 121 habere
2090 2789 257 121 debere
2270 2789 282 121 aliquem
2475 2789 154 121 se
2526 2789 154 121 cre-

1638 2864 134 132 dere
1722 2864 134 132 esse
1805 2864 100 132 in
1856 2864 201 132 caritate
2006 2864 167 132 igitur
2123 2864 251 132 corollarium
2324 2864 167 132 falsum
2441 2864 268 132 consequentia

1621 2940 178 132 nota
1732 2940 133 132 et
1799 2940 311 132 antecedens
2043 2940 267 132 probatur
2243 2940 178 132 quia
2354 2940 133 132 si
2421 2940 156 132 sub
2487 2940 178 132 aliquo

1624 3006 229 133 foret
1776 3006 178 133 sub
1878 3006 203 133 illo
2005 3006 229 133 credo
2157 3006 330 133 iustitiam
2411 3006 330 133 ecclessi-

1613 3079 164 109 am
1695 3079 300 109 nullibi
1913 3079 191 109 hoc
2022 3079 354 109 praecipit
2294 3079 218 109 ymmo
2431 3079 300 109 videtur

1621 3149 215 123 esse
1756 3149 350 123 ypocrisis
2025 3149 215 123 quod
2159 3149 296 123 aliquis
2375 3149 296 123 iudicet

1624 3218 153 116 se
1701 3218 153 116 in
1778 3218 306 116 caritate
2008 3218 204 116 esse
2135 3218 204 116 ymmo
2263 3218 204 116 illi
2391 3218 179 116 qui
2493 3218 153 116 se
2544 3218 102 116 in

1605 3286 298 116 dicant
1814 3286 268 116 extra
1993 3286 388 116 caritatem
2291 3286 239 116 esse
2410 3286 239 116 carita

1623 3359 187 131 tem
1730 3359 321 131 merentur
1971 3359 241 131 sicut
2132 3359 241 131 patet
2292 3359 161 131 de
2373 3359 348 131 publicano
