2964 4293
450 458 211 116 posset
598 458 296 116 essentiale
830 458 380 116 intelligentiae
1147 458 232 116 creatae
1316 458 211 116 missio

474 536 293 144 personae
693 536 269 144 divinae
889 536 146 144 in
962 536 171 144 via
1059 536 195 144 quam
1181 536 146 144 in
1255 536 244 144 patria

463 618 165 123 sed
558 618 425 123 intelligentiae
912 618 260 123 creatae
1101 618 378 123 correspondet

480 663 202 170 posse
614 663 314 170 essentiale
861 663 135 170 et
928 663 247 170 activum
1108 663 202 170 agere
1242 663 157 170 per
1310 663 179 170 certa-

464 754 180 150 lem
567 754 257 150 igitur
747 754 154 150 et
824 754 180 150 hic
927 754 154 150 in
1004 754 180 150 via
1107 754 231 150 maior
1262 754 206 150 nota
1390 754 154 150 et

448 816 246 134 quia
602 816 276 134 minus
786 816 460 134 transcendit
1154 816 276 134 posse
1308 816 184 134 cre-

453 883 193 158 atae
573 883 434 158 intelligentiae
935 883 193 158 tota
1055 883 289 158 latitudo
1248 883 217 158 gratiae

456 958 190 144 quam
575 958 190 144 tota
694 958 285 144 latitudo
907 958 261 144 gloriae
1097 958 237 144 igitur
1264 958 142 144 et
1311 958 190 144 sensus

466 1013 364 162 latitudinis
757 1013 121 162 b
805 1013 218 162 minus
951 1013 121 162 a
999 1013 267 162 gratiae
1193 1013 364 162 transcendit

470 1115 173 168 quam
578 1115 216 168 sensus
729 1115 324 168 latitudinis
989 1115 237 168 gloriae
1161 1115 194 168 minor
1269 1115 216 168 probatur

464 1181 198 141 quia
588 1181 247 141 aliter
761 1181 322 141 beatitudo
1008 1181 173 141 non
1107 1181 247 141 staret
1280 1181 148 141 in
1355 1181 198 141 duo-

475 1264 158 150 bus
566 1264 249 150 actibus
747 1264 226 150 contra
905 1264 272 150 certalem
1109 1264 249 150 creatae
1290 1264 113 150 /
1313 1264 181 150 primum

476 1334 320 151 corollarium
732 1334 235 151 Quamvis
902 1334 405 151 intelligendtiam
1244 1334 213 151 creata
1372 1334 149 151 beata

487 1408 294 147 respectu
707 1408 196 147 suae
830 1408 343 147 fruitionis
1099 1408 245 147 habeat
1271 1408 147 147 se
1320 1408 172 147 passi

480 1481 138 129 ve
549 1481 229 129 potest
709 1481 206 129 tamen
847 1481 275 129 respectu
1053 1481 252 129 eiusdem
1237 1481 161 129 per
1328 1481 183 129 suam

474 1556 393 128 causalitatem
794 1556 368 128 essentialem
1088 1556 246 128 active
1260 1556 295 128 concurre

486 1619 202 141 prima
620 1619 180 141 pars
733 1619 202 141 satis
867 1619 314 141 communiter
1114 1619 247 141 tenetur
1294 1619 157 141 cum
1384 1619 157 141 eam

474 1683 194 141 deus
595 1683 170 141 per
692 1683 218 141 modum
837 1683 412 141 dispositionis
1177 1683 145 141 in
1250 1683 218 141 anima
1371 1683 121 141 co-

479 1740 228 170 causis
639 1740 114 170 /
685 1740 137 170 2a
753 1740 183 170 pars
867 1740 274 170 probatur
1072 1740 160 170 tum
1164 1740 137 170 ex
1209 1740 297 170 conclusione

483 1829 170 133 cum
580 1829 219 133 etiam
726 1829 243 133 exemus
896 1829 340 133 probatione
1164 1829 146 133 et
1237 1829 195 133 haec
1358 1829 195 133 pars

490 1899 220 150 contradicit
666 1899 132 150 primo
754 1899 205 150 corollario
915 1899 234 150 conclusionis
1105 1899 102 150 3ae
1164 1899 205 150 quaestione
1325 1899 73 150 3
1340 1899 146 150 articulo

471 1956 115 179 3
517 1956 275 179 Iohannes
723 1956 138 179 de
792 1956 252 179 marchia
976 1956 138 179 in
1044 1956 183 179 suis
1159 1956 367 179 determinatio

465 2031 180 153 nibus
585 2031 120 153 ex
645 2031 140 153 quo
725 2031 240 153 sequitur
904 2031 240 153 falsitas
1084 2031 200 153 duorum
1204 2031 299 153 corollariorum

479 2107 304 161 sequantium
718 2107 217 161 ibidem
870 2107 108 161 /
913 2107 130 161 2m
978 2107 325 161 corollarium
1238 2107 260 161 respectu

477 2185 280 132 alicuius
687 2185 304 132 missionis
921 2185 257 132 divinae
1108 2185 280 132 respectu
1294 2185 164 132 cuius

464 2230 479 164 intelligentiam
864 2230 160 164 se
944 2230 240 164 habet
1104 2230 293 164 passive
1290 2230 213 164 impres

473 2312 137 153 se
542 2312 274 153 respectu
747 2312 251 153 eiusdem
930 2312 228 153 potest
1089 2312 137 153 se
1158 2312 228 153 habere
1317 2312 228 153 active

473 2399 219 141 expresse
637 2399 164 141 patet
746 2399 109 141 ex
801 2399 273 141 conclusione
1019 2399 109 141 et
1074 2399 255 141 corollario
1274 2399 164 141 primo
1384 2399 146 141 quia

452 2457 294 130 respectu
673 2457 343 130 fruitionis
943 2457 270 130 creatae
1139 2457 417 130 intelligentia

454 2523 152 169 se
530 2523 228 169 habet
681 2523 278 169 passive
884 2523 202 169 quae
1010 2523 202 169 sibi
1137 2523 253 169 quodam
1314 2523 202 169 modo

461 2609 150 146 est
546 2609 257 146 impressa
739 2609 128 146 et
803 2609 150 146 tum
888 2609 257 146 respectu
1081 2609 235 146 eiusdem
1252 2609 128 146 se
1316 2609 193 146 tenet

450 2692 281 105 active
647 2692 197 105 tam
759 2692 169 105 in
843 2692 394 105 dilectione
1153 2692 225 105 quem
1293 2692 253 105 etiam

444 2739 283 155 visione
650 2739 257 155 igitur
830 2739 232 155 habet
985 2739 154 155 se
1062 2739 232 155 quasi
1216 2739 360 155 expressive

447 2825 319 134 aliquid
679 2825 261 134 quasi
853 2825 435 134 expreimendo
1201 2825 203 134 via
1317 2825 203 134 sua

455 2882 265 145 activa
641 2882 292 145 recipio
853 2882 212 145 autm
986 2882 186 145 hic
1092 2882 477 145 intelligentiam

448 2954 195 134 non
559 2954 250 134 prout
726 2954 445 134 distinguitur
1088 2954 139 134 a
1143 2954 306 134 memoria
1366 2954 167 134 et

442 3030 247 157 voluntate
632 3030 133 157 sed
708 3030 171 157 prout
822 3030 133 157 est
898 3030 247 157 essentiam
1087 3030 228 157 spiritus
1258 3030 266 157 rationalis

439 3103 159 128 vel
530 3103 204 128 etiam
666 3103 408 128 intellectualis
1006 3103 136 128 ut
1074 3103 204 128 anima
1210 3103 159 128 vel
1300 3103 249 128 angelus

500 3177 121 135 /
548 3177 146 135 3m
621 3177 364 135 corollarium
913 3177 146 135 et
986 3177 146 135 si
1058 3177 267 135 memoria
1253 3177 243 135 creata

469 3242 240 128 essentia
649 3242 200 128 divina
788 3242 120 128 ut
848 3242 200 128 specie
988 3242 200 128 possit
1128 3242 240 128 respectu
1307 3242 200 128 visio-

446 3318 177 152 nis
547 3318 177 152 dei
648 3318 203 152 fore
775 3318 279 152 elevata
978 3318 177 152 non
1079 3318 228 152 tamen
1232 3318 304 152 realiter

445 3408 153 145 sed
533 3408 416 145 intentionaliter
883 3408 219 145 potest
1037 3408 175 145 ipsa
1146 3408 153 145 per
1234 3408 175 145 tale
1344 3408 197 145 posse

1629 427 299 164 activum
1846 427 218 164 vere
1982 427 272 164 dicere
2173 427 272 164 verbum
2363 427 353 164 increatum

1633 524 299 106 probatur
1857 524 199 106 quia
1982 524 174 106 non
2081 524 224 106 video
2231 524 199 106 quin
2355 524 299 106 dicentis

1630 589 195 127 dictum
1766 589 136 127 sit
1844 589 195 127 ipsius
1980 589 195 127 dicere
2116 589 234 127 terminus
2291 589 117 127 et
2350 589 136 127 per
2427 589 272 127 consequens

1641 650 171 143 dicere
1760 650 137 143 tria
1846 650 154 143 tamen
1948 650 188 143 habetur
2085 650 205 143 terminum
2238 650 222 143 increatum
2409 650 137 143 quod
2494 650 119 143 est
2562 650 171 143 falsum

1628 728 235 118 ymmo
1774 728 293 118 iudico
1979 728 205 118 meo
2097 728 264 118 istud
2273 728 469 118 appropinquat

1644 784 161 133 ad
1725 784 214 133 unum
1858 784 161 133 de
1939 784 241 133 illis
2099 784 214 133 quae
2233 784 321 133 dicuntur
2474 784 241 133 sequi

1641 868 103 124 ad
1692 868 240 124 oppinionem
1881 868 205 124 magistri
2035 868 103 124 in
2086 868 274 124 distinctione
2309 868 103 124 17
2360 868 205 124 scilicet
2514 868 137 124 quod
2582 868 86 124 per

1634 918 213 117 sona
1768 918 267 117 divina
1955 918 133 117 a
2008 918 267 117 creata
2195 918 454 117 intelligentia
2568 918 160 117 e-

1666 992 216 118 sset
1801 992 379 118 productiva
2099 992 162 118 et
2180 992 162 118 ne
2261 992 271 118 videar
2451 992 271 118 falsum

1646 1049 174 133 in
1733 1049 290 133 ponere
1936 1049 319 133 doctori
2168 1049 290 133 recito
2372 1049 261 133 verba
2546 1049 203 133 sua

1668 1125 189 130 informa
1806 1125 103 130 2o
1857 1125 241 130 corollario
2047 1125 275 130 conclusionis
2270 1125 121 130 4ae
2339 1125 207 130 articulo
2494 1125 86 130 3
2529 1125 224 130 praedicto

1642 1185 194 131 ubi
1753 1185 249 131 dicit
1919 1185 304 131 memoria
2140 1185 276 131 creata
2334 1185 194 131 per
2444 1185 304 131 divinam

1649 1255 288 126 essentiam
1870 1255 133 126 ut
1937 1255 244 126 speciem
2114 1255 244 126 elevata
2291 1255 266 126 respectu
2491 1255 266 126 visionis

1649 1324 378 126 intelligentiae
1964 1324 126 126 ad
2027 1324 210 126 eandem
2174 1324 273 126 essentiam
2385 1324 210 126 potest
2532 1324 210 126 active

1647 1390 284 135 concurrere
1870 1390 244 135 probatur
2053 1390 142 135 nam
2134 1390 244 135 essentia
2316 1390 122 135 si
2377 1390 142 135 est
2458 1390 223 135 species

1643 1459 279 130 memoriae
1852 1459 233 130 igitur
2015 1459 163 130 est
2108 1459 186 130 sibi
2224 1459 209 130 ratio
2364 1459 256 130 essendi
2526 1459 163 130 inten

1650 1531 312 110 tionaliter
1895 1531 134 110 et
1962 1531 335 110 immutantiae
2230 1531 223 110 igitur
2386 1531 335 110 conformiter

1639 1605 218 119 rem
1763 1605 311 119 agendi
1981 1605 187 119 ad
2074 1605 280 119 motum
2230 1605 466 119 intentionalem

1648 1672 217 132 igitur
1800 1672 152 132 per
1887 1672 195 132 huius
2017 1672 238 132 speciem
2190 1672 238 132 secunda
2363 1672 217 132 potest
2515 1672 217 132 active

1653 1752 327 126 concurrere
1909 1752 140 126 in
1979 1752 257 126 visione
2166 1752 140 126 ex
2236 1752 163 126 quo
2329 1752 210 126 patet
2469 1752 187 126 quod
2562 1752 117 126 me-

1655 1819 224 130 moria
1804 1819 249 130 creata
1979 1819 149 130 ut
2053 1819 224 130 huius
2202 1819 249 130 specie
2377 1819 249 130 secuda
2526 1819 149 130 quo-

1659 1886 161 136 dam
1751 1886 184 136 modo
1866 1886 207 136 dicit
2004 1886 230 136 verbum
2165 1886 299 136 increatum
2394 1886 253 136 quoniam
2555 1886 115 136 con

1643 1957 293 137 currit
1848 1957 323 137 admotum
2083 1957 352 137 visionis
2347 1957 205 137 quo
2464 1957 293 137 verbum

1658 2024 349 124 increatum
1927 2024 322 124 redditur
2169 2024 322 124 praesens
2410 2024 349 124 vitaliter

1663 2110 387 125 intelligntiae
1982 2110 205 125 ipsum
2118 2110 159 125 aut
2209 2110 159 125 sic
2300 2110 205 125 fieri
2437 2110 273 125 praesens

1656 2183 249 120 obiectu
1838 2183 408 120 intelligentiae
2177 2183 159 120 est
2268 2183 204 120 ipsum
2404 2183 226 120 quodam
2562 2183 181 120 modo

1662 2248 554 123 intuitionaliter
2128 2248 262 123 gigni
2303 2248 262 123 iuxta
2478 2248 262 123 modum

1671 2323 293 119 augustinum
1901 2323 126 119 14
1964 2323 126 119 de
2027 2323 272 119 trinitate
2236 2323 105 119 6
2278 2323 168 119 haec
2383 2323 168 119 sunt
2488 2323 188 119 verba
2613 2323 147 119 sua

1668 2402 259 97 informa
1856 2402 235 97 contra
2020 2402 188 97 quae
2138 2402 259 97 ponitur
2326 2402 353 97 corollarium

1664 2456 297 129 praedictum
1897 2456 170 129 quia
2003 2456 191 129 credo
2130 2456 212 129 omnino
2279 2456 339 129 conclusionem
2555 2456 191 129 istam

1667 2521 165 110 cum
1762 2521 282 110 pluribus
1973 2521 235 110 dictis
2138 2521 188 110 esse
2256 2521 235 110 falsam
2420 2521 188 110 quod
2538 2521 141 110 ut
2585 2521 94 110 me

1654 2579 183 118 lius
1768 2579 251 118 videtur
1951 2579 274 118 notandum
2157 2579 183 118 quod
2271 2579 206 118 verba
2409 2579 297 118 augustini

1645 2649 250 119 quae
1801 2649 219 119 per
1926 2649 188 119 se
2020 2649 344 119 adducit
2270 2649 250 119 sunt
2395 2649 281 119 informa

1657 2723 174 114 quae
1766 2723 261 114 ponuntur
1962 2723 131 114 14
2028 2723 131 114 de
2093 2723 283 114 trinitate
2311 2723 261 114 capitulo
2507 2723 109 114 6
2550 2723 131 114 de
2594 2723 109 114 ma-

1651 2793 231 120 gnis
1795 2793 173 120 et
1882 2793 173 120 12
1968 2793 173 120 de
2055 2793 288 120 parvis
2257 2793 202 120 ubi
2372 2793 260 120 dicit
2545 2793 231 120 mens

1646 2877 212 108 enim
1779 2877 265 108 quando
1965 2877 159 108 se
2045 2877 398 108 cogitatione
2363 2877 345 108 conspicit

1640 2941 419 115 intelligit
1969 2941 179 115 se
2059 2941 179 115 et
2149 2941 389 115 cognoscit
2448 2941 179 115 se
2508 2941 179 115 gin-

1649 3004 187 129 guit
1765 3004 140 129 se
1835 3004 233 129 igitur
1999 3004 233 129 habent
2162 3004 350 129 intellectum
2443 3004 140 129 et
2489 3004 187 129 cogni-

1644 3078 236 138 tionem
1810 3078 189 138 suam
1928 3078 166 138 sed
2023 3078 213 138 patet
2165 3078 307 138 manifeste
2401 3078 189 138 quod
2519 3078 189 138 haec

1645 3160 249 121 verba
1812 3160 277 121 nichil
2006 3160 305 121 faciunt
2227 3160 194 121 pro
2338 3160 166 121 eo
2421 3160 166 121 in
2504 3160 194 121 hac

1643 3235 190 124 parte
1770 3235 190 124 primo
1897 3235 169 124 quia
2002 3235 148 124 non
2087 3235 190 124 dicit
2214 3235 296 124 augustinus
2446 3235 169 124 quod
2552 3235 169 124 mens

1628 3302 296 129 ginguat
1844 3302 162 129 se
1924 3302 162 129 in
2005 3302 216 129 tali
2140 3302 377 129 cognitione
2436 3302 189 129 sed
2517 3302 135 129 po-

1644 3375 156 145 tius
1742 3375 293 145 intellectum
1976 3375 117 145 id
2035 3375 117 145 es
2093 3375 351 145 intellectionem
2386 3375 117 145 et
2444 3375 293 145 cognitionem
