2964 4255
325 386 217 135 istam
470 386 265 135 speciem
663 386 121 135 /
711 386 145 135 3o
783 386 265 135 possunt
976 386 217 135 fieri
1121 386 289 135 rationes

322 457 195 122 de
420 457 358 122 speculo
680 457 293 122 ligno
876 457 325 122 polito
1071 457 260 122 calibe

304 527 185 121 et
397 527 278 121 aliis
582 527 339 121 dimitto
829 527 278 121 causa
1014 527 401 121 veritatis

328 600 111 122 /
372 600 221 122 primum
527 600 332 122 corollarium
793 600 177 122 esse
903 600 199 122 talis
1036 600 244 122 speciei
1213 600 155 122 est

309 659 223 128 esse
449 659 391 128 spirituale
756 659 195 128 non
867 659 363 128 corporale
1147 659 195 128 vel
1230 659 140 128 re-

316 724 175 118 ale
416 724 301 118 probatur
642 724 175 118 hoc
742 724 376 118 corollarium
1042 724 225 118 primo
1193 724 200 118 quia

302 807 208 87 non
421 807 446 87 consequitur
778 807 416 87 qualitates
1105 807 297 87 primas

300 878 200 104 nec
414 878 399 104 destruitur
727 878 200 104 per
841 878 200 104 eas
927 878 428 104 quantumcumque

312 952 180 110 enim
425 952 225 110 medium
583 952 315 110 calefieret
830 952 248 110 species
1010 952 158 110 non
1100 952 135 110 ex
1145 952 203 110 corrum-

318 1010 213 108 petur
460 1010 118 108 /
508 1010 142 108 2o
578 1010 189 108 quia
697 1010 166 108 non
791 1010 213 108 habet
933 1010 331 108 contrarium
1193 1010 118 108 /
1240 1010 142 108 3o

303 1084 209 94 quia
434 1084 183 94 non
538 1084 209 94 nisi
669 1084 393 94 consecutive
984 1084 393 94 corrumpitur

276 1130 172 131 vel
375 1130 320 131 generatur
621 1130 148 131 4o
695 1130 197 131 quia
818 1130 172 131 non
916 1130 172 131 per
1014 1130 148 131 se
1088 1130 172 131 sed
1186 1130 172 131 per
1260 1130 74 131 a

303 1205 183 109 liud
417 1205 274 109 sentitur
623 1205 114 109 /
668 1205 137 109 2m
737 1205 342 109 corollarium
1011 1205 183 109 quod
1125 1205 183 109 sine
1216 1205 114 109 con

308 1273 205 118 fuse
436 1273 154 118 in
513 1273 230 118 eodem
667 1273 256 118 puncto
846 1273 179 118 est
948 1273 281 118 species
1127 1273 205 118 partis

310 1336 149 118 et
385 1336 249 118 totius
559 1336 199 118 quod
684 1336 199 118 sine
808 1336 274 118 confuse
1007 1336 224 118 patet
1157 1336 199 118 quia

297 1405 366 86 ordinate
572 1405 366 86 videntur
847 1405 244 86 quod
1000 1405 183 86 in
1091 1405 275 86 eodem

300 1457 287 112 puncto
501 1457 258 112 patet
673 1457 172 112 ad
759 1457 287 112 sensum
960 1457 229 112 quia
1104 1457 287 112 aliter

306 1522 182 119 non
410 1522 311 119 quilibet
643 1522 259 119 partio
825 1522 285 119 speculi
1033 1522 363 119 sufficeret

315 1594 408 102 repraesentare
651 1594 264 102 ceteris
843 1594 264 102 paribus
1035 1594 264 102 speciem
1203 1594 120 102 to-

310 1660 130 104 tam
385 1660 149 104 quod
478 1660 130 104 est
553 1660 186 104 falsum
683 1660 186 104 igitur
813 1660 130 104 etc
888 1660 93 104 /
925 1660 112 104 3m
981 1660 279 104 corollarium
1205 1660 168 104 licet

316 1715 179 114 haec
427 1715 246 114 species
606 1715 246 114 dicatur
784 1715 357 114 multiplicari
1075 1715 156 114 non
1164 1715 201 114 tamen

302 1789 283 121 numeraliter
528 1789 132 121 sed
604 1789 283 121 virtualiter
830 1789 188 121 tantum
961 1789 188 121 probat
1093 1789 283 121 corollarium

295 1889 216 98 quia
430 1889 324 98 sufficit
673 1889 216 98 quod
808 1889 270 98 tantum
997 1889 189 98 una
1105 1889 162 98 et
1186 1889 189 98 non

318 1936 306 93 plures
533 1936 368 93 ponantur
808 1936 214 93 nec
931 1936 459 93 experientia

303 2023 388 73 oppositum
601 2023 268 73 docet
780 2023 179 73 ut
870 2023 328 73 videtur
1108 2023 268 73 quare

300 2077 360 98 corollarium
588 2077 216 98 verum
732 2077 120 98 /
780 2077 240 98 Contra
948 2077 192 98 ista
1068 2077 216 98 dicta
1188 2077 144 98 argu

309 2136 176 112 itur
419 2136 198 112 primo
551 2136 220 112 contra
705 2136 352 112 conclusionem
992 2136 176 112 quia
1102 2136 242 112 angelus

284 2184 268 129 videtur
478 2184 146 129 ab
551 2184 243 129 angelo
722 2184 146 129 et
795 2184 219 129 tamen
940 2184 170 129 non
1038 2184 365 129 multiplicat

299 2264 235 105 speciem
469 2264 149 105 sui
555 2264 128 105 in
618 2264 192 105 medio
746 2264 213 105 igitur
896 2264 277 105 conclusio
1109 2264 192 105 falsa
1215 2264 107 105 Con

303 2339 162 100 tra
395 2339 231 100 primum
557 2339 347 100 corollarium
835 2339 278 100 sequetur
1043 2339 185 100 quod
1159 2339 208 100 talis

298 2400 274 107 species
497 2400 174 107 non
597 2400 224 107 esset
747 2400 274 107 eiusdem
946 2400 274 107 speciei
1146 2400 224 107 tamen

288 2484 180 91 illa
400 2484 157 91 quo
490 2484 270 91 causatur
692 2484 180 91 quod
804 2484 157 91 est
894 2484 225 91 falsum
1051 2484 180 91 quia
1164 2484 202 91 talis

289 2537 311 112 species
515 2537 198 112 non
628 2537 198 112 est
741 2537 226 112 nisi
883 2537 255 112 color
1052 2537 339 112 reflexus

307 2600 202 114 sicut
441 2600 202 114 lumen
576 2600 157 114 est
666 2600 157 114 lux
756 2600 247 114 reflexa
935 2600 135 114 et
1003 2600 359 114 consequentia

298 2673 200 104 satis
431 2673 200 104 patet
564 2673 111 104 /
609 2673 222 104 Contra
764 2673 133 104 2m
831 2673 333 104 corollarium
1098 2673 267 104 sequitur

286 2734 185 124 quod
401 2734 208 124 talis
540 2734 254 124 species
724 2734 300 124 extensior
955 2734 231 124 fieret
1116 2734 161 124 sua
1186 2734 161 124 causa

307 2816 155 93 vel
395 2816 243 93 obiecto
572 2816 111 93 a
616 2816 155 93 quo
705 2816 265 93 causatur
904 2816 177 93 quod
1014 2816 155 93 non
1103 2816 265 93 videntur

300 2867 215 120 dicendum
461 2867 107 120 et
515 2867 287 120 consequentia
748 2867 161 120 satis
855 2867 161 120 patet
963 2867 107 120 ad
1017 2867 179 120 sensum
1142 2867 90 120 /
1178 2867 179 120 contra

279 2937 118 132 3m
338 2937 295 132 corollarium
574 2937 236 132 sequitur
751 2937 157 132 quod
849 2937 177 132 agens
967 2937 216 132 finitae
1124 2937 236 132 virtutis

284 3014 149 131 agere
384 3014 166 131 posset
500 3014 100 131 in
550 3014 199 131 instanti
699 3014 133 131 quod
782 3014 116 131 est
849 3014 166 131 falsum
965 3014 266 131 consequentia
1181 3014 149 131 patet

278 3092 207 118 quia
407 3092 155 118 si
485 3092 233 118 talis
640 3092 285 118 species
847 3092 259 118 tantum
1028 3092 233 118 esset
1184 3092 181 118 una

278 3153 183 121 sub
383 3153 209 121 isto
513 3153 314 121 causatur
749 3153 393 121 indistantia
1037 3153 209 121 locali

283 3231 144 98 ad
355 3231 192 98 ista
475 3231 240 98 potest
643 3231 192 98 dici
763 3231 144 98 et
835 3231 216 98 primo
979 3231 144 98 ad
1051 3231 240 98 primum
1219 3231 168 98 cum

272 3277 289 114 dicitur
482 3277 210 114 quod
613 3277 289 114 angelus
824 3277 289 114 videtur
1034 3277 184 114 etc
1139 3277 210 114 dico

277 3342 203 135 quod
403 3342 178 135 non
505 3342 178 135 est
606 3342 254 135 simile
784 3342 203 135 quia
911 3342 279 135 angelus
1114 3342 178 135 non
1215 3342 178 135 est

1500 369 319 110 visibilis
1746 369 172 110 sub
1844 369 270 110 ratione
2041 369 270 110 coloris
2237 369 221 110 sicut
2385 369 196 110 alia

1492 461 292 110 obiecti
1705 461 159 110 de
1784 461 265 110 quibus
1970 461 265 110 loquor
2156 461 159 110 ad
2236 461 318 110 praesens

1506 533 95 113 /
1544 533 114 113 ad
1601 533 228 113 rationem
1772 533 190 113 contra
1904 533 190 113 primum
2037 533 284 113 corollarium
2265 533 190 113 posset
2397 533 171 113 primo

1480 594 201 108 dici
1605 594 351 108 consequens
1881 594 276 108 concedo
2082 594 176 108 nec
2182 594 226 108 video
2332 594 251 108 magnum

1495 660 408 104 inconveniens
1826 660 229 104 sequi
1979 660 153 104 ad
2055 660 229 104 illud
2208 660 127 104 /
2259 660 153 104 2o
2335 660 255 104 potest

1492 720 152 111 dici
1587 720 323 111 consequentiam
1853 720 209 111 negando
2005 720 228 111 secundum
2176 720 266 111 argumentum
2385 720 190 111 probat

1495 789 149 104 sed
1580 789 192 104 tamen
1708 789 149 104 ego
1793 789 192 104 magis
1921 789 320 104 consequnter
2177 789 256 104 loquendo
2369 789 192 104 habeo

1500 859 251 109 tenere
1676 859 251 109 primam
1852 859 402 109 responsionem
2179 859 126 109 /
2229 859 151 109 Ad
2305 859 302 109 rationem

1499 919 227 100 contra
1658 919 136 100 2m
1727 919 341 100 corollarium
1999 919 273 100 concedit
2204 919 273 100 magister
2386 919 136 100 bon-

1503 979 261 114 similant
1699 979 305 114 consequens
1939 979 152 114 nec
2026 979 196 114 habet
2157 979 196 114 ipsum
2287 979 152 114 pro
2353 979 174 114 incon-

1499 1049 284 110 veniti
1698 1049 199 110 ego
1811 1049 256 110 autem
1982 1049 199 110 pro
2096 1049 256 110 parte
2266 1049 199 110 mea
2380 1049 199 110 cum

1491 1111 225 121 talis
1641 1111 275 121 species
1841 1111 175 121 non
1941 1111 275 121 dicatur
2140 1111 275 121 proprie
2315 1111 225 121 extensa

1490 1197 204 93 nego
1618 1197 434 93 consequentiam
1976 1197 204 93 quia
2103 1197 179 93 non
2206 1197 179 93 est
2282 1197 230 93 extensa

1486 1247 174 126 cum
1586 1247 149 126 in
1660 1247 224 126 eodem
1810 1247 199 126 situ
1934 1247 174 126 sit
2034 1247 199 126 pars
2158 1247 149 126 et
2233 1247 199 126 tota
2332 1247 224 126 species

1486 1320 168 110 ipsa
1591 1320 105 110 /
1633 1320 126 110 Ad
1696 1320 252 110 rationem
1885 1320 210 110 contra
2031 1320 126 110 3m
2094 1320 315 110 corollarium
2346 1320 210 110 posset

1499 1378 204 128 primo
1635 1378 182 128 dici
1749 1378 182 128 quod
1862 1378 204 128 agere
1998 1378 136 128 in
2067 1378 272 128 instanti
2271 1378 159 128 non
2362 1378 159 128 est

1497 1455 371 118 simpliciter
1794 1455 321 118 infinitae
2041 1455 296 118 virtutis
2263 1455 222 118 quare
2387 1455 148 118 tali

1483 1518 258 114 virtuti
1670 1518 164 114 non
1764 1518 282 114 repugnat
1976 1518 117 114 /
2023 1518 141 114 2o
2093 1518 235 114 potest
2258 1518 188 114 dici
2375 1518 188 114 quod

1478 1614 237 95 talis
1636 1614 290 95 species
1847 1614 184 95 non
1952 1614 264 95 subito
2136 1614 316 95 causatur
2347 1614 132 95 per

1476 1666 130 91 hoc
1551 1666 167 91 patet
1662 1666 149 91 quod
1755 1666 204 91 dicedum
1903 1666 111 91 ad
1959 1666 278 91 quaestionem
2182 1666 111 91 et
2238 1666 111 91 ad
2293 1666 223 91 rationes

1490 1740 439 108 principales
1841 1740 205 108 etc

1642 1769 146 115 am
1715 1769 195 115 nunc
1837 1769 317 115 accedamus
2080 1769 195 115 haec
2178 1769 292 115 distinctio

1641 1850 150 97 ad
1716 1850 400 97 praecendetem
2041 1850 375 97 continuatur
2341 1850 200 97 quia

1645 1915 337 101 postquam
1898 1915 253 101 magis
2067 1915 450 101 determinavit

1454 1979 162 94 de
1535 1979 323 94 missione
1777 1979 323 94 visibili
2020 1979 216 94 nunc
2128 1979 350 94 determinare

1466 2054 323 100 intendit
1708 2054 161 100 de
1789 2054 323 100 spiritus
2031 2054 269 100 sancti
2219 2054 350 100 infusione

1470 2119 303 103 missione
1697 2119 353 103 invisibili
1975 2119 151 103 et
2050 2119 328 103 dividitur
2303 2119 202 103 haec

1465 2196 349 104 distinctione
1749 2196 131 104 in
1814 2196 174 104 tres
1923 2196 218 104 partes
2076 2196 153 104 nam
2163 2196 196 104 primo
2294 2196 262 104 magister

1447 2253 173 115 de
1534 2253 403 115 dilectione
1850 2253 173 115 et
1937 2253 345 115 caritate
2196 2253 259 115 ponit
2368 2253 230 115 suam

1465 2323 409 97 intentionem
1792 2323 164 97 2o
1874 2323 300 97 quaerit
2093 2323 164 97 et
2174 2323 382 97 determinat

1462 2397 266 94 modum
1640 2397 207 94 per
1758 2397 236 94 quem
1905 2397 325 94 caritas
2142 2397 325 94 recipit
2378 2397 177 94 au

1454 2452 355 104 gmentum
1712 2452 194 104 in
1809 2452 291 104 nobis
2003 2452 194 104 et
2099 2452 484 104 intensionem

1461 2514 186 97 3o
1554 2514 342 97 recitat
1803 2514 217 97 cum
1927 2514 435 97 intentione
2268 2514 342 97 motivis

1460 2585 358 94 oppositam
1736 2585 386 94 oppinionem
2039 2585 221 94 tunc
2177 2585 165 94 2a
2260 2585 221 94 pars
2370 2585 138 94 in-

1476 2648 211 117 cipit
1616 2648 164 117 ibi
1710 2648 164 117 hic
1803 2648 304 117 quaeritur
2037 2648 140 117 si
2108 2648 258 117 caritas
2295 2648 281 117 spiritus

1472 2715 206 125 sancti
1617 2715 144 125 est
1699 2715 124 125 3a
1761 2715 144 125 ibi
1843 2715 185 125 supra
1967 2715 206 125 dictum
2111 2715 144 125 est
2193 2715 165 125 quod
2296 2715 247 125 spiritus

1478 2762 236 144 sanctus
1649 2762 193 144 prima
1778 2762 172 144 pars
1885 2762 322 144 principalis
2143 2762 172 144 quae
2250 2762 150 144 est
2314 2762 258 144 praesentis

1463 2863 349 97 lectionis
1732 2863 349 97 dividitur
2000 2863 161 97 in
2080 2863 161 97 3s
2161 2863 268 97 partes
2349 2863 188 97 nam

1473 2928 226 120 primo
1624 2928 301 120 magister
1850 2928 226 120 ponit
2000 2928 301 120 propriam
2227 2928 352 120 oppinionem

1461 2999 129 101 /
1513 2999 155 101 2o
1590 2999 207 101 suae
1720 2999 362 101 oppinionis
2004 2999 362 101 annecterit
2263 2999 233 101 confir-

1446 3095 403 96 mationem
1749 3095 201 96 et
1849 3095 201 96 3o
1950 3095 369 96 removet
2219 3095 369 96 quandam

1462 3136 470 107 cavillationem
1850 3136 138 107 /
1905 3136 221 107 tunc
2044 3136 166 107 2a
2127 3136 221 107 pars
2265 3136 194 107 est
2376 3136 194 107 ibi

1452 3207 175 109 ne
1539 3207 262 109 autem
1714 3207 175 109 in
1801 3207 175 109 re
1889 3207 262 109 tanta
2063 3207 175 109 3a
2150 3207 204 109 ibi
2267 3207 175 109 ne
2354 3207 262 109 forte

1455 3277 258 117 aliquis
1642 3277 141 117 et
1713 3277 188 117 haec
1830 3277 164 117 est
1924 3277 305 117 sententia
2158 3277 141 117 in
2205 3277 235 117 generali

1589 3345 209 135 trum
1719 3345 209 135 sola
1850 3345 313 135 meritati
2085 3345 313 135 spiritus
2319 3345 261 135 natura
