2964 4288
443 385 194 150 sit
554 385 333 150 dilectio
804 385 333 150 fruitiva
1054 385 194 150 qua
1165 385 222 150 mens
1276 385 194 150 ratio

476 460 213 130 nalis
618 460 284 130 viatoris
831 460 331 130 intrinsece
1091 460 331 130 formaliter
1351 460 142 130 et

473 523 431 159 sufficienter
823 523 189 159 est
931 523 242 159 iusta
1093 523 162 159 et
1174 523 323 159 arguitur

467 584 212 169 quod
600 584 186 169 non
706 584 212 169 quia
839 584 212 169 sola
972 584 292 169 caritas
1184 584 345 169 dividitur

466 666 198 146 inter
598 666 220 146 filios
752 666 198 146 regis
884 666 330 146 perditionis
1147 666 132 146 2m
1213 666 308 146 augustinum

466 743 131 123 19
532 743 131 123 de
597 743 284 123 trinitate
816 743 262 123 capitulo
1013 743 131 123 18
1078 743 153 123 sed
1166 743 197 123 talis
1275 743 197 123 caritas

463 812 200 123 nono
588 812 175 123 est
688 812 301 123 increati
914 812 301 123 spiritus
1139 812 251 123 natura
1315 812 225 123 sicut

459 883 320 146 insolubiliter
723 883 132 146 sed
798 883 151 146 quod
892 883 169 146 dicit
1005 883 245 146 gregorius
1174 883 264 146 distinctione

475 934 125 141 17
538 934 167 141 ista
642 934 292 141 quaestione
871 934 187 141 prima
996 934 250 141 articulo
1183 934 187 141 primo
1308 934 208 141 haberi

468 1039 260 127 potest
650 1039 156 127 ex
728 1039 234 127 illis
884 1039 468 127 auctoritatibus
1273 1039 234 127 primo

464 1087 206 157 cor
581 1087 177 157 13
670 1087 177 157 si
758 1087 324 157 linguis
993 1087 324 157 hominum
1229 1087 206 157 etc
1346 1087 177 157 et

468 1169 274 137 Romanos
668 1169 150 137 11
742 1169 274 137 Caritas
942 1169 175 137 dei
1042 1169 274 137 diffusa
1241 1169 175 137 etc
1341 1169 150 137 et

481 1201 224 179 sequitur
649 1201 149 179 quod
742 1201 224 179 quaestio
910 1201 131 179 sit
985 1201 168 179 falsa
1097 1201 93 179 ¶
1134 1201 112 179 2o
1190 1201 131 179 sic
1265 1201 280 179 inpossibile

469 1289 158 159 est
560 1289 226 159 creati
718 1289 271 159 spiritus
921 1289 249 159 naturam
1102 1289 203 159 menti
1238 1289 294 159 rationali

476 1366 139 163 esse
563 1366 157 163 forma
667 1366 261 163 intrinsicam
876 1366 174 163 igitur
999 1366 209 163 quaestio
1155 1366 157 163 falsa
1260 1366 279 163 consequentia

464 1445 145 153 non
547 1445 187 153 sicut
672 1445 187 153 patet
796 1445 124 153 ex
858 1445 249 153 terminis
1045 1445 290 153 antecedens
1273 1445 249 153 arguitur

451 1531 310 127 primo
657 1531 275 127 quia
829 1531 413 127 repugnat
1138 1531 275 127 sibi
1310 1531 206 127 in

452 1592 419 147 haerentia
774 1592 451 147 subiectiva
1128 1592 161 147 ¶
1192 1592 193 147 2o
1289 1592 258 147 quia

449 1647 236 152 mens
597 1647 413 152 formaliter
922 1647 325 152 haberet
1158 1647 384 152 iustitiam

462 1726 331 145 immensam
711 1726 276 145 igitur
904 1726 138 145 ¶
959 1726 165 145 3o
1041 1726 221 145 quia
1179 1726 221 145 tunc
1317 1726 193 145 non

470 1783 223 168 esset
619 1783 198 168 alia
743 1783 223 168 salus
892 1783 174 168 qua
991 1783 223 168 dicit
1140 1783 273 168 dicitur
1313 1783 149 168 deus

464 1871 191 170 in
560 1871 191 170 se
656 1871 287 170 salus
847 1871 319 170 saluus
1070 1871 191 170 et
1166 1871 255 170 illa
1294 1871 160 170 qua

461 1933 284 193 saliui
660 1933 227 193 sunt
802 1933 227 193 quos
944 1933 227 193 ipse
1086 1933 284 193 salvos
1285 1933 256 193 facit

482 2038 202 137 contra
623 2038 202 137 beatum
764 2038 282 137 augustinum
986 2038 121 137 in
1047 2038 182 137 libro
1168 2038 121 137 de
1228 2038 202 137 gratia
1349 2038 121 137 novi

470 2099 319 171 testamenti
721 2099 228 171 igitur
880 2099 273 171 quaestio
1085 2099 205 171 falsa
1221 2099 114 171 ¶
1267 2099 137 171 3o
1335 2099 159 171 sic
1403 2099 91 171 ca

461 2148 246 199 ritas
625 2148 274 199 creata
817 2148 383 199 meritorium
1118 2148 219 199 actu
1255 2148 301 199 efficre

470 2231 210 170 igitur
617 2231 294 170 intrinsece
848 2231 294 170 formaliter
1080 2231 126 170 et
1143 2231 336 170 sufficienter
1395 2231 105 170 men

475 2307 222 152 tem
602 2307 443 152 rationalem
950 2307 317 152 iustam
1172 2307 317 152 reddit

485 2369 330 175 consequentia
754 2369 186 175 satis
878 2369 145 175 non
960 2369 289 175 antecedens
1187 2369 227 175 habetur
1352 2369 124 175 de

482 2435 207 175 prima
620 2435 368 175 distinctione
919 2435 138 175 2a
988 2435 253 175 Caritas
1172 2435 161 175 ubi
1264 2435 253 175 dicitur

483 2507 291 176 Caritas
694 2507 291 176 operosa
906 2507 159 176 in
985 2507 529 176 perserverantibus

481 2596 154 139 et
558 2596 257 139 primae
739 2596 360 139 corinthios
1022 2596 154 139 15
1099 2596 438 139 habundationis

464 2659 330 144 omnibus
704 2659 330 144 laboram
944 2659 210 144 non
1064 2659 210 144 ego
1184 2659 180 144 si
1244 2659 240 144 gratia

461 2724 202 138 dei
577 2724 260 138 mecum
750 2724 144 138 ¶
808 2724 173 138 In
894 2724 375 138 oppositum
1183 2724 347 138 arguitur

473 2779 223 158 nulla
622 2779 248 158 natura
795 2779 273 158 praeter
993 2779 223 158 istam
1142 2779 297 158 sufficit
1365 2779 173 158 men

468 2864 196 140 tem
580 2864 392 140 intrinsece
888 2864 168 140 et
972 2864 392 140 formaliter
1279 2864 252 140 iusti

486 2922 192 152 ficare
620 2922 115 152 et
678 2922 154 152 haec
774 2922 231 152 sufficit
947 2922 192 152 igitur
1082 2922 231 152 quaestio
1255 2922 154 152 vera
1351 2922 192 152 quando

459 2998 219 156 nota
595 2998 164 156 ab
677 2998 164 156 ex
759 2998 383 156 ponentibus
1060 2998 164 156 ad
1142 2998 355 156 expositam

466 3069 141 140 et
536 3069 328 140 antecedens
794 3069 211 140 tenet
934 3069 328 140 communiter
1192 3069 117 140 a
1239 3069 328 140 doctoribus

459 3151 133 149 et
525 3151 222 149 potest
680 3151 244 149 probari
858 3151 155 149 nam
946 3151 177 149 quod
1057 3151 177 149 haec
1168 3151 222 149 natura
1323 3151 222 149 potest

452 3229 200 153 patet
585 3229 178 153 quia
696 3229 267 153 spiritus
896 3229 244 153 sanctus
1074 3229 178 153 sive
1185 3229 200 153 donis
1318 3229 133 153 in
1363 3229 111 153 com

463 3287 247 167 plexis
636 3287 247 167 potest
810 3287 198 167 dari
933 3287 223 167 sicut
1082 3287 223 167 supra
1230 3287 173 167 est
1329 3287 223 167 proba

467 3372 170 167 tum
564 3372 194 167 quod
685 3372 243 167 nichil
856 3372 219 167 aliud
1001 3372 243 167 possit
1171 3372 219 167 patet
1317 3372 194 167 quia

1607 348 229 168 tunc
1750 348 315 168 aliquid
1979 348 257 168 aliud
2151 348 257 168 aliud
2322 348 229 168 quam
2465 348 229 168 deus
2580 348 114 168 po

1609 434 232 142 sset
1754 434 290 142 mentem
1957 434 406 142 rationalem
2277 434 435 142 iustificare

1618 506 167 119 ymmo
1723 506 167 119 sine
1827 506 147 119 deo
1911 506 167 119 quod
2016 506 147 119 est
2100 506 209 119 falsum
2246 506 188 119 omnio
2372 506 209 119 igitur
2497 506 105 119 etc

1586 572 111 136 ¶
1630 572 222 136 Primum
1786 572 289 136 conclusio
2008 572 178 136 sola
2119 572 222 136 gratia
2274 572 466 136 praedestinationis

1600 644 192 127 est
1709 644 247 127 ratio
1874 644 384 127 sufficient
2176 644 357 127 meritoria
2451 644 247 127 cuius

1617 704 217 135 cumque
1769 704 238 135 creatae
1942 704 325 135 dilectionis
2203 704 173 135 haec
2311 704 282 135 conclusio
2528 704 152 135 sic

1610 766 201 132 est
1725 766 460 132 intelligenda
2099 766 230 132 quod
2243 766 259 132 ratio
2416 766 259 132 quare
2560 766 115 132 di

1615 850 279 105 lectio
1811 850 279 105 creata
2006 850 223 105 sine
2146 850 391 105 habitualis
2453 850 223 105 sive
2564 850 112 105 ac

1623 896 278 129 tualis
1818 896 194 129 est
1929 896 361 129 meritoria
2207 896 278 129 gratia
2401 896 194 129 est
2512 896 222 129 sola

1614 973 389 127 formaliter
1920 973 584 127 praedestinationis
2421 973 334 127 probatur

1626 1035 254 130 conclusio
1822 1035 176 130 primo
1939 1035 117 130 ex
1997 1035 195 130 dictis
2134 1035 254 130 augustini
2329 1035 176 130 libro
2446 1035 117 130 de
2485 1035 176 130 haeresi

1613 1110 171 111 bus
1710 1110 294 111 capitulo
1931 1110 122 111 8
1980 1110 196 111 quia
2102 1110 171 111 per
2200 1110 196 111 hanc
2322 1110 196 111 sola
2420 1110 196 111 potest

1618 1167 245 139 quis
1772 1167 399 139 adimpleri
2078 1167 399 139 finaliter
2385 1167 337 139 divinam

1608 1237 405 118 mandata
1903 1237 184 118 ¶
1977 1237 221 118 2o
2087 1237 295 118 quia
2271 1237 295 118 hinc
2419 1237 221 118 soli

1620 1296 401 146 correspondet
1946 1296 226 146 ratio
2096 1296 426 146 acceptationis
2447 1296 150 146 3o
2523 1296 201 146 quia

1614 1361 273 142 haec
1784 1361 273 142 sola
1955 1361 341 142 mentem
2193 1361 273 142 vita
2363 1361 307 142 beata
2534 1361 136 142 re

1616 1458 207 106 ddit
1746 1458 259 106 dignam
1927 1458 130 106 ¶
1979 1458 259 106 primum
2161 1458 389 106 corollarium
2472 1458 259 106 contra

1612 1499 246 126 doctorem
1796 1499 246 126 subtilem
1980 1499 328 126 distinctione
2246 1499 143 126 hac
2328 1499 123 126 17
2390 1499 287 126 quaestione
2595 1499 61 126 2

1619 1577 342 119 responsione
1893 1577 251 119 propria
2075 1577 388 119 circumstantia
2394 1577 319 119 acceptatio

1612 1634 189 128 nis
1720 1634 189 128 non
1828 1634 270 128 potest
2017 1634 216 128 esse
2152 1634 297 128 mendium
2367 1634 351 128 convicens

1615 1709 278 125 creatum
1817 1709 278 125 habitum
2019 1709 227 125 menti
2171 1709 253 125 infusa
2348 1709 379 125 dilectionis

1609 1766 285 144 probatur
1823 1766 143 144 ex
1894 1766 357 144 conclusione
2180 1766 190 144 quia
2298 1766 190 144 illa
2417 1766 190 144 sola
2536 1766 166 144 est

1622 1845 270 111 gratia
1811 1845 568 111 praedestinationis
2298 1845 162 111 et
2379 1845 243 111 nulla
2541 1845 216 111 alia

1602 1908 186 131 igitur
1733 1908 280 131 corollarium
1957 1908 168 131 verum
2068 1908 93 131 ¶
2106 1908 112 131 2m
2162 1908 280 131 corollarium
2385 1908 186 131 contra
2516 1908 186 131 eundem

1620 1966 224 134 actum
1769 1966 199 134 esse
1894 1966 348 134 meritorium
2167 1966 174 134 non
2267 1966 174 134 est
2366 1966 149 134 in
2441 1966 274 134 hominis

1636 2035 219 139 parte
1782 2035 219 139 etiam
1928 2035 243 139 stante
2098 2035 365 139 generaliter
2390 2035 341 139 influentia

1621 2110 164 131 et
1703 2110 273 131 gratia
1893 2110 164 131 in
1975 2110 245 131 mente
2139 2110 327 131 probatur
2384 2110 218 131 quia
2521 2110 191 131 non

1630 2185 170 118 est
1727 2185 146 118 in
1800 2185 267 118 hominis
1994 2185 316 118 potestate
2237 2185 194 118 quod
2358 2185 194 118 eius
2480 2185 219 118 actus

1617 2242 217 131 sit
1741 2242 217 131 deo
1865 2242 372 131 acceptus
2144 2242 403 131 finaliter
2454 2242 186 131 Et
2516 2242 155 131 con

1610 2318 340 149 firmatur
1865 2318 227 149 quia
2007 2318 199 149 non
2120 2318 255 149 esset
2290 2318 255 149 ratio
2460 2318 255 149 quare

1627 2393 245 120 actus
1790 2393 191 120 non
1899 2393 245 120 esset
2062 2393 381 120 meritorius
2362 2393 163 120 in
2443 2393 272 120 patria

1629 2462 250 133 sicut
1796 2462 166 133 in
1879 2462 194 133 via
1990 2462 194 133 cum
2101 2462 250 133 omnem
2267 2462 444 133 causalitatem

1622 2525 208 129 quam
1752 2525 208 129 homo
1882 2525 260 129 habuit
2064 2525 156 129 in
2142 2525 182 129 via
2246 2525 312 129 respectu
2480 2525 182 129 sui
2558 2525 104 129 ac

1636 2585 162 123 tus
1728 2585 254 123 habebit
1913 2585 162 123 vel
2006 2585 208 123 etiam
2144 2585 347 123 perfectione
2422 2585 139 123 in
2491 2585 231 123 patria

1625 2658 321 116 summendum
1872 2658 173 116 est
1971 2658 222 116 tamen
2119 2658 173 116 hic
2217 2658 197 116 esse
2340 2658 148 116 in
2390 2658 271 116 potestate

1621 2720 227 146 hominis
1786 2720 227 146 proprie
1951 2720 185 146 sciet
2074 2720 288 146 causaliter
2301 2720 268 146 immediate
2507 2720 124 146 et
2569 2720 124 146 ef

1635 2791 237 141 fective
1808 2791 129 141 et
1873 2791 172 141 tunc
1980 2791 280 141 concordat
2196 2791 323 141 corollarium
2454 2791 151 141 cum
2541 2791 172 141 hiis

1611 2865 184 116 qui
1716 2865 315 116 dicentur
1952 2865 158 116 in
2031 2865 158 116 2o
2110 2865 236 116 libro
2268 2865 236 116 circa
2425 2865 158 116 27
2504 2865 158 116 et
2583 2865 158 116 28

1616 2923 269 132 distinctione
1835 2923 253 132 conclusione
2037 2923 152 132 prima
2138 2923 84 132 ¶
2172 2923 101 132 3m
2222 2923 253 132 corollarium
2424 2923 168 132 contra
2542 2923 168 132 eundem

1615 3002 316 128 ibidem
1837 3002 316 128 nullis
2058 3002 253 128 ordo
2216 3002 379 128 causalis
2500 3002 221 128 est

1620 3075 254 98 habitus
1805 3075 300 98 potentiae
2036 3075 139 98 et
2105 3075 162 98 dei
2197 3075 277 98 respectu
2405 3075 208 98 actus
2520 3075 139 98 boni

1626 3132 313 120 inessee
1853 3132 484 120 acceptationis
2252 3132 199 120 vel
2366 3132 370 120 meritorii

1609 3196 240 128 patet
1769 3196 240 128 satis
1929 3196 426 128 expraemissis
2275 3196 213 128 quia
2409 3196 213 128 soli
2542 3196 186 128 deo

1616 3267 387 114 correspondet
1930 3267 145 114 ex
2003 3267 242 114 quibus
2172 3267 218 114 patet
2317 3267 193 114 solo
2438 3267 242 114 primae

1612 3335 246 139 rationis
1796 3335 307 139 principalis
2041 3335 246 139 scilicet
2226 3335 164 139 quod
2328 3335 184 139 illae
2451 3335 307 139 auctritates
