2260 3070
442 191 1146 268 vel amoribus voluntatis: neque de intelligen¬
433 257 1141 313 tiis vel animabus. Et ideo quantumcunque ta
426 294 1139 358 liam apprehendantur: non oportet quod possint di
432 343 1142 401 scerni propter maximam similitudinem inter
426 383 1140 448 illa. tamen si sit potentia intellectiua: potest
428 428 1144 488 cognoscere ipsum esse distinctum ab omni alio
440 472 1141 537 aliquo tamen certo demonstrato: non oporter
437 517 1145 585 quod possit cognoscere ipsum esse distinctum ab
437 570 1147 624 omni alio vel ab hoc. quia aliqua vniuersalis
435 612 1148 674 potest sciri: et tamen multe singulares igno¬
437 657 1151 713 rari. et tamen sensus proprie non potest cogno
430 702 1154 751 scere ipsum distinctum a quocunque. quia hoc per¬
441 737 1147 803 tinet ad notitiam complexam. quia scitur hoc
428 790 1155 840 non esse hoc. Potest tamen sensus discernere
433 831 1150 883 hoc ab aliquibus: et ab aliquo non. et aliquam
444 878 1144 936 do discernere hoc ab hoc: et aliquando non. pro
438 908 1161 981 pter aliquam variationem a parte rei ⁋ Et ista
447 968 1151 1021 responsio confirmatur: quia sensus discernit ma¬
436 1011 1150 1069 gis album a minus albo. Tunc quero: aut ap
441 1045 1150 1117 prehendit aliquod istorum precise sub ratione
450 1088 1150 1147 communi: aut sub ratione singularis. Si primi
440 1138 1154 1194 et in illa conueniunt. ergo per illam non discer
447 1183 1167 1241 nit. Si secundum: habetur propositum quod ap¬
458 1223 1156 1289 prehenditur sub ratione singularis. non quod ista
451 1271 1156 1328 ntentio singularis sit ratio terminandi: sed quod
442 1324 1156 1376 illud quod immediate denominatur ab hac inte
460 1359 1171 1419 tione sit immediate terminans. ⁋ Et ad confir
446 1403 1166 1458 mationem concedo: quod primum obiectum intel¬
455 1443 1163 1501 lectus primitate generationis est vnum vni¬
455 1487 1177 1549 tate numerali et illud precedit. Sed primum
450 1529 1172 1590 obiectum primitate adequationis: si tamen aliquod
456 1576 1171 1645 sit tale non est vnum vnitate numerali precise
464 1622 1164 1682 quin sit commune: nec precedit sicut post dicetur
465 1661 1177 1732 ⁋ Ad sextum concedo quod illo modo quo omnis vni¬
459 1711 1168 1771 tas realis est numeralis quod illo modo omnis diuer
461 1754 1171 1822 sitas realis est numeralis. etiam diuersitas spe
466 1800 1177 1854 cifica est numeralis. cum secundum philosophum quecumque sunt
462 1839 1181 1902 diuersa genere: sunt diuersa specie. et quecumque
471 1882 1186 1939 sunt diuersa specie: sunt diuersa numero. Un¬
469 1928 1183 1984 de diuersitas numeralis est in plus ad diuer¬
468 1972 1183 2034 sitatem specificam et generis. quia sequitur sunt
463 2022 1183 2078 diuersa genere vel specie. ergo sunt diuersa nume
471 2062 1181 2121 ro: et non econuerso. Et quando dicitur quod omnis diuer
465 2109 1175 2163 sitas inquantum numeralis est equalis. Dico: quod
474 2158 1186 2208 hec est simpliciter falsa. quia tunc sequeretur
480 2192 1183 2257 quod omnis diuersitas esset equalis: cum inquantum non
472 2238 1199 2298 sit determinatio distrahens. Si tamen sic intelli¬
470 2285 1182 2346 gatur consequens quod omnia quem solum differunt numeraliter
476 2329 1194 2388 sunt equaliter diuersa potest concedi in hiis que
477 2375 1180 2432 non suscipiunt magis et minus. Et si dicatur: quod
484 2419 1196 2473 omnis vnitas numeralis est equalis. ergo omnis di
475 2462 1195 2522 uersitas numeralis est equalis. Dico quod non se
483 2502 1193 2560 quitur sub illo intellectu quo antecedens est verum. sicut
486 2548 1200 2603 non sequitur: quecumque sunt equalia sunt equa¬
478 2590 1198 2658 liter equalia. quia equalitas non suscipit magis
1246 188 1960 263 et minus. ergo quecumque sunt inequalia: sunt equa
1251 237 1962 294 liter inequalia. ita est de talibus quando vnum op
1244 280 1966 351 positum suscipit magis et minus. et. non reliquum
1260 323 1973 384 et ita est in propsito. ⁋ Ad illud quod innui¬
1262 368 1973 431 tur in illo argumento: quod si omnis diuersitas esset
1261 424 1976 474 numeralis: non plus posset intellectus abstra¬
1254 458 1973 528 here a sorte et platone aliquid commune: quam a sor¬
1266 515 1964 566 te et linea. et quodlibet vniuersale esset purum
1260 547 1958 607 figmentum intellectus. ⁋ Dico ad primum: quod est
1262 590 1976 651 hoc ipso quod sortes et plato seipsis differunt so¬
1266 638 1973 701 lo numero et sortes per substantiam suam est simillimus
1259 684 1975 751 platoni: omni alio circumscripto. potest intellectus
1265 724 1971 792 abstrahere aliquid commune sorti et platoni: quod non
1263 768 1978 838 erit commune sorti et albedini. nec est alia causa quaerem
1258 822 1973 883 da nisi quia sortes est sortes. et plato est plato. et vtque
1263 866 1975 920 est homo. ⁋ Si dicatur quod sortes et plato plus conueniunt
1261 901 1975 976 realiter quam sortes et asinus. ergo sortes et plato in aliquo
1266 951 1982 1014 reali conueniunt in quo non conueniunt realiter sortes et
1266 990 1987 1055 asinus: sed non in sorte nec in platone. ergo in aliquo alio
1268 1032 1996 1095 aliquo modo dicto. et illud est commune vtrique. ⁋ Re¬
1265 1079 1984 1138 spondeo quod de virtute sermonis non debet con
1269 1122 1991 1185 cedi: quod sortes et plato in aliquo conueniunt. nec
1272 1167 1991 1227 in aliquibus. sed quod conueniunt aliquibus. quia
1271 1211 1985 1277 seipsis. et quod sortes conuenit cum platone. non in
1262 1256 1987 1322 aliquo. sed aliquo. quia seipso. ⁋ Si tunc dicatur
1277 1306 1989 1361 quod sortes et plato conueniunt in homine. Dico quod lin
1269 1344 1990 1401 homine potest supponere vel simpliciter vel per¬
1266 1388 1984 1446 sonaliter. Primo modo potest concedi quia hoc
1268 1434 1986 1497 non est aliud dicere: quam quod homo est quoddam commune
1268 1475 1994 1542 predicabile de sorte et platone. Si autem lod ho¬
1275 1517 1993 1581 mine supponit personaliter pro alia re: sic est
1280 1563 1991 1625 simpliciter falsum. quia in nullo homine communi. nec
1275 1613 1997 1670 in alia re conueniunt. sed conueniunt rebus. quia homoi¬
1272 1657 2002 1712 bus. quia seipsis. ⁋ Ad formam ergo dico: quam sortes et
1277 1700 2005 1765 plato plus conueniunt seipsis realiter: quam sortes
1279 1739 2020 1800 et asinus. non tamen in aliquo reali. ⁋ Ad aliud de
1281 1795 2002 1848 figmento patet: quomodo est figmentum: et quo¬
1288 1841 2022 1891 modo non ⁋ Ad primam confirmationem istius
1287 1876 1990 1938 argumenti dico: quod aliqua esse primo diuersa
1286 1915 1993 1983 potest intelligi dupliciter. Uel quia non est vnum
1289 1962 2006 2021 et idem in vtroque. sed quicquid est in vno simpli
1288 2004 2000 2061 citer et absolute de se non est aliquid quod est in
1287 2049 1996 2105 alio: et sic concedo quod omnia indiuidua sunt seip
1301 2091 2000 2150 sis primo diuersa: nisi forte aliter sit de indiui
1299 2137 2006 2203 duis ex quorum vno generatur aliud. propter idem
1287 2181 1997 2244 titatem numeralem materie in vtroque. Aliter autm
1287 2224 2011 2291 dicuntur aliqua secundo modo esse primo diuersa. quando
1292 2269 2005 2333 vnum immediate et primo negatur ab alio. et ideo
1299 2321 2005 2375 quando vnum non immediate negatur ab aliquo: ita
1299 2363 2005 2425 quod negatiua composita ex eis non sit immediata
1297 2401 2006 2460 tunc sunt differentia: et non tantum diuersa. Et isto
1294 2455 2008 2505 modo omnia indiuidua eiusdem speciei sunt primo di
1309 2497 2005 2561 uersa. quia ex eis componitur propositio immediata
1305 2533 2017 2593 negatiua. Similiter omnes species contente imme¬
1298 2589 2018 2655 diate sub aliquo genere sunt primo diuerse. quia
