2242 3067
467 243 1181 330 genus praedicatur de pluribus differentibus specie.
476 294 1191 365 non tamen omnia illa differunt de quibus praedicatur. quia ex ali
476 343 1183 423 quibus de quibus praedicatur componitur propositio immediata
477 383 1191 455 et ex aliquibus non. ⁋ Ad secundum dico quod aliqua quae dif
477 428 1184 504 ferunt per formales diferentia. habent idem genus. et vniversaliter omns
471 475 1193 545 res ex animam quae realiter differunt per differentia formales
473 526 1193 595 habent aliquod idem genus. quia talia non sunt nisi in¬
471 571 1176 630 diuidua diuersarum specierum. non tamen oportet quod omnia quae ha
476 607 1193 681 bent idem genus differant per differentia formales. sic pa¬
485 650 1193 725 tebit alias. ⁋ Ad tertium dico: quod philosophus accipit
485 692 1180 768 differentia ibi pro vt praecise conueniunt rebus: et tunc
482 739 1193 812 omnes res quaecumque sunt diuerse. et secundum aliquid idem en¬
473 775 1190 859 tia. non per identitatem: sed per essentialem praedicationem hoc
485 826 1189 895 est: aliquid idem vere et in quid de eis praedicatur. et non
481 877 1196 944 solum numero. hoc est et iste res non sunt solum diuerse secundum
488 915 1191 994 numerum: sicut sunt indiuidua eiusdem speciei. aut
477 957 1193 1037 genere aut proportione supple sunt diuerse. Et
489 1002 1201 1076 talia inquam diuersa sunt differentia non tamen omnia diuersa sunt
483 1058 1202 1121 differentia quia ens reale et ens rationis sunt diuersa: non
486 1092 1189 1167 tamen sunt differentia quia nihil idem praedicatur de eis in quid secundum
491 1138 1196 1212 opinionem quae ponit ens rationis tantum habere esse obie
491 1181 1193 1254 ctiuum. Secundum aliam: aliquid praedicatur de eis in quid. Si
486 1222 1207 1298 dicas quod si illa quae sunt dferentia plus conueniunt quam quae tantum
488 1268 1196 1344 sunt diuersa: ergo plus conuenirent iste homo et iste asi¬
492 1320 1193 1382 nus: quod iste homo et ille homo. Dico: quod accipiendo
488 1354 1208 1425 differentia sicut accepit philosophus. x. metha. sic non semper dif
497 1396 1187 1468 ferentia plus conueniunt quam primo diuersa: sed suffi
497 1437 1209 1519 cit quod pluribus differant. hoc est: quod a pluribus quae dicum
495 1482 1199 1564 tur vere de vno illorum. alia vere negentur: sicut a
495 1539 1202 1604 pluribus quae dicuntur de isto homine: vere negatur iste
498 1580 1209 1644 lapis: quam iste homo. ⁋ Ad aliam confirmatione per
503 1626 1204 1694 idem. ⁋ Ad aliud dico: quod nullo existente intellectu
495 1670 1202 1736 esset aliqua vnitas realis ignis generantis ad
500 1703 1207 1781 igne genitum: propter quam diceretur generatio vni¬
510 1748 1221 1824 uoca: sed illa vnitas non diceretur de aliquo vno: sed di
507 1793 1212 1861 ceretur de pluribus realiter distinctis: sicut dictum est
513 1842 1222 1906 ideo etc. ⁋ Ad auctoritas auicene dico: quod non debet
510 1886 1213 1957 intelligi quod equinitas est tantum equinitas: ita quod equini
512 1927 1224 1991 tas non sit vna nec plures. nec in intellectu nec
516 1973 1219 2034 in effectu. quia realiter equinitas est in effectu. et rea¬
524 2011 1214 2092 iter est singularis: sicut enim equinitas realiter est causata
515 2053 1220 2135 a deo. et equinitas est distincta realiter a deo: ita equa
522 2107 1226 2166 nitas est realiter: et veracitur singularis. sed intelligit
519 2141 1220 2215 Auicenn a quod ista non conueniunt equinitati per se pri¬
527 2186 1218 2260 mo modo nec aliquod istorum ponitur in eius diffinitio
522 2234 1219 2300 ne: sicut ipsemet exprimit ⁋ Si dicatur secundum auicem
528 2276 1230 2348 nam et: secundum alios philosophos equinitas est de se indifferens
518 2319 1229 2383 vt sit singularis et vt sit vniversalis quaero quomodo ista est vera
524 2360 1231 2434 Aut secundum quod equinitas supponit simpliciter. aut persona
527 2406 1225 2482 liter. Si simpliciter: et iste conceptus non est indifferens
525 2452 1235 2525 qui nullo modo potest esse singularis. ergo non est supposi¬
530 2495 1225 2574 tio simplex. quando terminus supponit pro conceptu quod
534 2539 1238 2613 est contra praedicta. Si supponit personaliter: tunc est
540 2584 1229 2656 falsum. quia tunc supponit pro singularibus: sed nihi¬
537 2626 1240 2720 singulare est sic indifferes. ergo videtur quod praeter sup¬
1293 211 1997 296 positionem pro conceptu et re singulari oportet pone¬
1284 274 1990 334 re tertiam quando terminus supponit pro ipsa quidditate
1290 315 1993 382 absolute indifferenti ad vtrumque. ⁋ Respondeo
1286 356 1984 425 vniformiter ad alia praedicta: quod hec non est vera ed
1289 398 2001 466 nitas non est de se vniversalis nec particularis. scilicet indif
1289 446 1997 511 ferens ad esse vniversale et ad esse singulare: nisi secundum quod per
1296 499 1993 554 esse intelligitur vnus actus signatus: qui est iste: quod de
1283 533 1995 600 equinitate potest indifferenter praedicari esse vniversale et esse
1299 577 1990 656 singulare. et in isto actu signato equinitas habi
1298 621 1994 695 suppositionem simplicem. sed in duobus actibus exer¬
1296 666 1998 743 citatis veris correspondentibus. equinitas habet di¬
1287 721 2002 787 uersam suppositionem. quia in vno habebit suppo¬
1295 759 2004 821 sitionem simplies. scilicet in isto: equinitas est vniversalis. et in
1290 811 1997 865 alio personalem. scilicet in isto. equinitas est singularis.
1291 846 2006 912 Uerbi gratia. hec est vera: de homine praedicatur vox et cur
1293 889 2005 956 rere. et in ista luo homo habet suppositionem materialem.
1287 931 2013 999 qui de ista voce homo praedicatur vtrunque. Et isti actui
1305 976 2003 1060 lignato correspondent duo actus exercitati veri
1293 1020 2013 1097 scilicet iste homo est vox in quo luod homo supponit ma¬
1293 1064 2008 1143 terialiter. et iste homo currit. in quo homo supponit perso
1292 1110 2004 1185 naliter. ⁋ Ad vltimum dico: quod quando conuen entia et
1298 1154 2013 1230 differentia compatiuntur se: non est inconueniens quod
1304 1206 2011 1262 conueniant eidem per idem. et ideo quod aliqua conleniant
1297 1243 2006 1316 specifice et differant numeraliter non est inconueniens
1301 1296 2011 1363 patet per exeplum proprium. quia certum est quod natura contracta
1308 1326 2016 1397 conuenit realiter cum differentia indiuiduali. quia est ea
1299 1382 2017 1447 dem res realiter cum differentia et tamen natura differt aliquo
1308 1421 2010 1486 mo a contrahente tunc quaero. Aut eodem couenit et
1301 1459 2024 1537 differt. aut alio et alio. si eodem: habeo propositum
1298 1505 2021 1580 quod idem eodem indistincto couenit realiter cum eo¬
1308 1549 2021 1612 dem et distinguitur formaliter. et eadem facilitate di¬
1304 1588 2014 1668 causa ego: quod sortes eodem specie conuenit cum pla. et disti¬
1308 1638 2018 1714 guitur numeraliter. et itam vniversaliter de omnibus talibus. Si alio
1316 1678 2022 1743 et alio conuenit et distinguitur: quero de illis: quia
1308 1729 2031 1806 illa aliquo modo distinguuntur: et tamen conueniunt.
1319 1775 2020 1843 qui sunt vna res. Aut ergo eodem conueniunt et distin
1308 1810 2035 1890 guutur. aut alio et alio. et ita vel erit processus in
1324 1863 2033 1918 infinitum. vel dabitur quod idem eodem conuenit sc cum
1314 1899 2032 1968 aliquo et distinguitur sic ab eodem. Et eadem facili
1317 1944 2033 2003 tate dicam: quod idem eodem conuenit specie cum aliquo
1317 1987 2055 2054 et distinguitur numeraliter ab eodem. ⁋ Si di¬
1320 2032 2039 2106 catur. omni intellectu circumscripto: maior est conue
1326 2075 2036 2140 nientia ex natura rei est inter sortem et platonem
1331 2122 2038 2192 quam inter sortem et asinum. ergo ex natura rei sortes et
1335 2161 2039 2234 plato conueniunt in aliqua natura: in qua non
1329 2209 2033 2271 conueniunt sortes et iste asinus. ⁋ Similiter
1326 2253 2023 2315 nisi maior esset conuenientia inter sortem et pl¬
1335 2306 2032 2360 tonem quam inter sortem et istum asinum: non plus po¬
1334 2338 2033 2404 set abstrahi conceptus specificus a sorte et pla¬
1338 2381 2034 2450 tone: quam a sorte et isto asino. ⁋ Ad primum istorum
1341 2427 2066 2492 dico: quod consequentia facta non valet: sicut non im
1332 2474 2051 2538 sequitur: magis conuenit natura intellectua¬
1335 2514 2043 2580 lis cum deo: ex hoc quod est ymago dei: quam natura
1338 2567 2054 2630 insensibilis que non est ymago dei: et tamen
1347 2605 2046 2674 in nullo reali conueniunt quod sit aliquo mo¬
