2212 3071
259 216 954 299 sicut patet dicendo: ethvops est albus secundum dentes
247 277 964 336 ibi enim exprimitur pars denominata. et si denominatio talis
247 329 965 384 partis non sufficit ad denominationem totius: tunc est de¬
237 372 953 434 terminatio diminuens Et tunc est fallacia secundum quio
243 415 953 468 et simpliciter. non arguendo ad determinabile absolu¬
231 447 955 509 te sumptum: sed arguendo ad determinationem ab¬
237 494 941 560 solute sumptam: sicut sic arguendo. Ethiops est alb
237 539 951 608 secundum dentes hoc est habens albos dentes: ergo ethiops est
241 585 959 648 albus. est fallacia secundum quid et simpliciter. non est tamen fallacia
238 627 947 697 inferendo determinabile absolute sumptum. sic ergo
236 678 951 731 ethiops est habens dentes. sed in proposito non expremiter
234 718 947 776 talis pars: cum dicitur vniversale est sortes confuse conceptus. et ideo no
232 756 944 824 est haec determinatio diminues. Similiter si esset dimi
228 810 950 865 nuens: contingeret inferre determinabile absolu
219 846 941 911 te sumptum. inferendo ergo vniversale est sortes: sed esset fallacia
231 891 942 959 secundum quid et simpliciter inferendo determinationem abso
228 932 950 998 lutam. sic inferedo: ergo vniversale est consuse conceptum. et ita ha
222 982 938 1045 beretur propositum. Similiter iste determinationes non sunt
231 1026 943 1090 distrahentes. quia determinatio distrahens est quando
225 1073 941 1129 absolute repugnat rei. vel saltem existentie eius cui
216 1115 944 1182 additur. sed denominat ipsum: quia denominat vere et proprie ali¬
229 1150 936 1218 quid quod fuit pars illius. sicut patet de mortuo cum dicitur homo
223 1206 935 1266 mortuus. quia impossibile est quod homo sit: et tamen quod sit mor
223 1242 933 1311 tuus. Dicitur tamen secundum communem vsum loquendi homo est mor¬
214 1285 930 1356 tuus. quia corpus quod fuit pars eius est vere mortuum Sed patet
226 1337 933 1397 quod non potest sic dici in proposito. ideo non sunt iste deter
214 1381 941 1447 minationes distrahentes ⁋ Per hoc patet ad secundam: quod
214 1413 932 1488 haec non est determinatio distrahens nec diminuens
210 1462 941 1529 cesar intellectus: et ideo absolute sequitur. cesar intelle¬
208 1504 938 1574 ctus est: ergo cesar est Similiter cesar in opinione est: ergo cesar est
243 1548 930 1616 ⁋ Si dicatur quod secundum philosophum id est elen. hoc est fallacia secundum
213 1591 935 1652 quid et simplicit sed talis fallacia est semper quando arguitur.
216 1646 929 1696 ab aliquo sumpto secundum quid ad ipsum sumptum simplicitur.
220 1686 937 1741 vel ecouerso. ⁋ Dico quod hic non est fallacia secundum quid
210 1734 935 1793 et simplicitur secundum Ari. cesar est in opinione: ergo cesar
208 1772 933 1838 est. sed formalis consequentia. ⁋ Sed hic est fallacia secundum quid et
201 1814 925 1877 simpliciter philosophus est cesar in opinione: ergo philosophus est cesar.
208 1854 916 1926 Nec solum est fallacia secundum quid et simpliciter arguendo a
202 1903 929 1966 determinabili sumpto cum determinatione dimi¬
208 1947 916 2013 nuente ad ipsum sumptum absolute: sed ille modus ar¬
202 2000 920 2053 guendi est tantum vnus modus illius fallacie. Et alius mo¬
207 2040 911 2093 dus est: quando arguitur ab aliqua propositione habente praedica¬
202 2072 921 2142 tum. ad est secundum adiacens sic sic arguendo. sortes est in
205 2125 920 2183 opinione: ergo sortes est. Similiter haec rosa non existente rosa
196 2166 907 2229 est inintellecta: ergo rosa est. Et similiter hic secundum philosophum ibiden
205 2204 920 2276 Album non est homo: ergo album non est. quod hoc sit fallacia ma¬
200 2259 917 2320 nifestum est. quia certum est quod consequentia non valet: ergo peccat pe
192 2302 904 2359 nes aliquam fallaciam sed patet inductiue quod penes nu
192 2341 911 2399 lam aliam. quia maxime videretur quod peccaret penes fal
201 2381 905 2451 laciam consequentis: quod tamen non est verum. quia nec sequitur sic
197 2432 912 2495 nec econuerso. Et idem patet de secundo exemplo. et ideo semper
201 2476 901 2534 quondo est aliquod praedicatum quod potest equaliter competere ent
195 2522 905 2586 et non enti. siue arguatur affirmatiue siue negati¬
195 2558 905 2627 ue: est semper fallacia secundum quid et simpliciter. Et hoc est quod dicit
190 2606 908 2690 philosophus quod non est idem esse quid et esse simpliciter: sicut non est idem esse
1065 223 1771 329 in opinione: et esse. Similiter non est idem. non esse quid: et non esse
1069 295 1768 368 simpliciter. sicut non est idem: non esse homo. et non esse simpliciter.
1058 342 1764 409 et tamen esse in opinione non est determinatio diminuens
1071 384 1766 454 vel distrahens: sicut non esse homo. vel esse homo. tabet ergo illud ap
1059 430 1775 508 gumentum: quia quando arguitur a determinabili supto cum
1059 477 1762 546 determinatione non diminuente nec distrahente mo
1066 514 1760 595 praedicto ad determinabile absolute sumptum. est bo
1056 570 1769 625 na consequentia. et hoc si determinatio sit affirmata non
1062 611 1760 666 negata sicut sequitur: sortes est homo albus: ergo sortes est homo
1065 645 1756 720 Non tamen sequitur negatiue sortes non est homo albus: erg
1056 694 1766 762 sortes non est homo. Et vniversaliter non sequitur formaliter nisi af¬
1046 740 1757 802 firmatiue. ⁋ Ad secundam dico quod non vaelet. quia in isto
1046 788 1749 845 consequente homo est conceptus mentis. potest subiectum habere
1041 829 1763 890 suppositionem simplicem vel personalem. si simplicem:
1050 866 1752 939 est consequentia bona. si personalem non vatet: propter variationem
1046 917 1749 986 suppositionis. quia in prima supponit simplicitur. et in
1040 960 1760 1030 secuna personaliter: et ita est fallacia equiuocationis pe¬
1041 1011 1758 1077 nes tertium modum. et ideo sicut hoc est simplicitur negan¬
1057 1045 1745 1119 da: aliquis homo est species vel vniversale. quia in ista luod homo non
1047 1087 1748 1161 potest habere suppositionem nisi personalem propter signum
1050 1141 1753 1207 particulare additum: ita eodem modo ista est neganda
1036 1173 1745 1245 simplicitur. aliqua res confuse concepta est vniversalis. et ita im
1032 1224 1746 1292 possibile est quod eadem res sub vno conceptu sit vniversalis
1038 1272 1740 1326 et sub alio sit singularis. Ex istis patet: quod non bene
1036 1305 1741 1375 dicuntur talia communia quod eadem res sub vna intentione sit
1023 1355 1747 1419 singularis et sub alia vel s. vel quod secundum tale esse est
1038 1395 1743 1455 homo et secundum aliud esse non est homo et multa talia consimilia.
1030 1442 1742 1507 puta si res sic consideretur tunc est homo. Si aliter consi¬
1041 1490 1739 1558 deretur vel sub alia consideratione tunc est aliud. quia ta
1037 1522 1746 1597 les propositiones accipientes tales determinationes in
1038 1570 1737 1637 ferunt propositiones absolute sine illis determinationi¬
1037 1614 1735 1688 bus. Aliter enim eadem facilitate possem dicere: quod
1035 1655 1740 1718 homo secundum vnum esse vel sub vna consideratione vel inte¬
1026 1706 1742 1768 tione est vnus asinus: et sub alia vnus bos: et sub alia
1035 1745 1739 1805 vnus leo: quod est absurdum Et ideo tales sunt nimis
1023 1788 1733 1854 improprii modi loquendi. et abiiciendi ab omni modo
1029 1831 1725 1905 loquendi scientifico. ⁋ Ideo aliter ad. q. quod nul
1026 1875 1721 1949 la res extra animam. nec per se nec per aliquod additum
1010 1925 1718 1988 reale vel rationis. nec qualitercumque consideretur vel in
1024 1966 1718 2039 telligatur est vniversalis. quia tanta est impossibilitas quod aliqua
1015 2014 1734 2082 res sit extra animam quocuque modo vniversalis. nisi forte per
1023 2052 1730 2124 institutionem voluntariam. quomodo ista vox homo quae est singu
1015 2094 1722 2169 laris est vniversalis. quanta impossibilitas est quod homo per quancum
1021 2147 1728 2211 que considerationem. vel secundum quodcunque esse sit asinus. quia
1011 2192 1719 2256 quando aliquid competit alicui tantum denominative. siue per ali
1014 2229 1723 2297 quid informas siue per aliquid extrinsecum. similiter omni illi
1010 2275 1723 2337 ad quod illud informans vel extrinsecum se habet vnifor
1014 2318 1720 2382 miter. illi tale denomins equaliter conuenietUerbi¬
1020 2360 1720 2436 gratia. si aliquid sit disgregatiuum visus praecise propter
1007 2404 1714 2468 albedinem informante quicquid est album equalit dis¬
1014 2447 1714 2518 gregabit: ergo si res per cosiderationem intellectus qua
1011 2500 1709 2559 est aliquid totaliter extrinsecum illi rei est vniversalis quid
1002 2535 1719 2605 quid equaliter intelligitur: erit vniuersale. et ita omne
1009 2579 1714 2645 intellectum erit vnversale. Si dicatur quod res non est vniversalis quo
1005 2622 1716 2694 cunque modo intellecta: sed tantum consuse intellecta
