2195 3079
262 194 955 262 similiter risibile est idem omnibus modis cum homine. Respon
256 249 961 317 deo quod commen. plus adhuc intelligit per illam propo¬
255 288 966 352 sitionem scilicet talem actum signatum. quae debet praedicto modo ex¬
255 345 954 398 erceri. et praeter hoc istam propositione quod nihil significa¬
244 391 957 440 tur per diffinitionem quod non significatur per diffinitum.
256 432 954 491 et econuerso. quameuis aliter et aliter. et illud secundum defi
254 474 952 540 cit instantiis adductis. Questio. viii.
472 531 948 613 lem circa dicta
435 610 951 663 materiam quauinto quaero. Utrum vniversale vni
424 657 941 708 uocum sit aliquid reale existens alicu
238 698 951 752 bi subiectiue. ⁋ Quod sic. quia vniversale primo mouet intelle¬
232 745 954 798 ctum. sed illud quod primo mouet intellectum est aliquid re¬
237 788 953 836 ale. ergo etc. ⁋ Ad oppositum. omne reale est singulare
237 825 943 889 sed vniversale non est singulare. ergo etc. ⁋ Ad istam. q. possent
232 877 944 923 esse diuerse opiniones quarum multas reputo sim
237 917 950 975 pliciter falsas. quarum tamen quamlibet ante ponerem quam aliquam
238 965 940 1012 improbatam in praecedentibus. q. ⁋ Prima opinio
229 1009 953 1065 posset esse: quod vniversale est conceptus mentis. et quod iste conce¬
232 1054 947 1103 ptus est realiter ipsa intellectio: ita quod tunc vniversale non
235 1101 940 1156 esset nisi intellectio confusa rei. quae intellectio quia
229 1136 950 1192 ipsa non plus intelligitur vnum singulare quam reliquum.
225 1184 935 1241 ipsa esset indterns et communis ad omnia singularia: et ita
235 1232 936 1284 vndum quod esset magis confusa et minus cofusa esset ma¬
225 1272 937 1322 gis vniversale et minus vniversale. ⁋ Contra istam opinionem
231 1313 941 1365 potest argui. quia omni intellectione aliquid intelligitur. et
229 1363 942 1414 non aliquid singulare ex animam. quia non plues vnum quam al
231 1400 934 1450 terum. nec plus illud quod est quam quod non est. ergo vel nihil ta¬
232 1445 932 1498 le. vel quodlibet tale intelligitur illa intellectione. et non
226 1490 932 1544 quodlibet. quia tunc infinita intelliguntur illa intellectio
225 1531 929 1592 ne. ergo etc. ⁋ Preterea hoc secundum omnes vocatur conceptus quod
229 1575 926 1628 terminat actum intelligendi. sed talis intellectio no
229 1622 935 1667 terminat seipsam primo. quia non est maior ratio quod vna in
219 1662 933 1714 tellectio terminet seipsam quod alia: et ita cum intelle¬
235 1708 929 1762 ctio sortem non terminet seipsam primo nulla termi¬
226 1750 926 1805 nat seipsam primo. ergo conceptus non est ipsa intellectio.
249 1790 936 1849 ⁋ Secunda opinio potest esse: quod vniversale est species aliqua. quae quia
229 1842 925 1888 equaliter respicit omne singulare. dicitur vniversale. et ita est vniversale
216 1885 930 1942 in repraesentando: et tamen singulare in essendo. ⁋ Sed
213 1926 928 1974 ista opinio videtur esse falsa. quia sicut alias declarabitur.
220 1972 917 2024 talis species non est neccessaria. Secudo quia vniversale ponitur illud
219 2017 925 2066 quod intelligitur per abstractionem intellectus. sed illa species
208 2053 914 2115 non sic intelligitur quia aut intelligitur in se. et tunc neccessari
217 2098 923 2151 primo intelligitur intuitiue. aut in alio. et per consequens illud
216 2148 925 2199 aliud est vniversale respectu illius. et tunc quero de illo sicut
226 2184 914 2246 prius. et ita vel erit processus in infinitum. vel spe
214 2237 916 2294 cies non erit vniversalis. ⁋ Preterea tale non abstrahitur
217 2274 928 2325 sed vere generatur. quia esset vera qualitas genera¬
223 2321 914 2383 ta in intellectu. ⁋ Aliam posset esse opinio quod ali
217 2368 924 2419 qua est vera res sequens actum intellectus: quae esset
217 2405 922 2469 similitudo rei: et propter hoc esset vniversalis. quia equa¬
216 2450 919 2503 liter omnia respiceret ⁋ Sed hec opinio non vide
219 2498 914 2552 tur vera. quia nulla talis est ponenda. quia omne quod est
216 2536 908 2594 in intellectu: vel est actus vel passio vel habitus
207 2588 914 2661 sed nullum istorum posset poni ista res. Iste opinio¬
1061 210 1778 277 nes concordarent in hac conclusione. quod vniversale esset in
1065 263 1778 332 se vera res et singularis et non vna numero. respe¬
1063 315 1771 369 ctu rerum extra esset vniversalis et communis et indifferens ad
1052 347 1781 416 res singulares. et quasi naturalis similitudo illa¬
1063 400 1766 457 rum rerum. et propter hoc posset supponere pro re extr
1065 443 1770 500 et esset aliquo modo de isto vniversali sicut de statua re¬
1050 476 1766 547 spectu similium. illa enim esset in se singularis et vna
1056 532 1770 592 numero. et tamen indifferens ad illa similia. nec plus
1050 575 1757 634 duceret in notitiam vnius quam alterius. Similiter secundum
1046 612 1753 678 hoc qui poneret quod praeter intellectionem esset species
1050 657 1756 716 in anima vel habitus. non plus haberet quod intelle¬
1060 704 1754 766 ctio esset realiter vniversale quam species vel habitus: nec econ¬
1050 752 1754 809 uerso. quia quodlibet istorum esset indifferens ad omnia
1048 790 1754 860 singularia. Iste opiniones non possunt faciliter proba
1041 845 1756 900 ri. nec sunt ita improbabiles. nec ita euidentur fal
1038 884 1757 947 sitatem continent. sicut opiniones improbate in aliis
1048 922 1760 987 quaestionibus ⁋ Quarta posset esse opinio. quod nihil
1051 976 1755 1029 est vniversale ex natura sua sed tantum ex institutione. illo
1038 1022 1751 1074 modo quo vox est vniversalis. quia nulla res habet ex natu
1036 1061 1758 1122 ra sua supponere pro alia re. nec vere praedicari de
1030 1105 1745 1159 alia re. sicut nec vox. sed tantum ex institutione vo
1042 1148 1752 1211 luntaria. et ideo sicut voces sunt vniversales per institutio¬
1035 1196 1746 1256 nem et praedicabiles de rebus. ita omnia vniversalia. Sed hec
1030 1242 1755 1295 non videtur vera quia tunc nihil ex natura sua esset
1032 1278 1747 1345 species vel genus nec econuerso. et tunc equaliter posset
1036 1324 1758 1380 deus et substantia extra animam esse vniversale sicut quicqud quod
1032 1376 1748 1428 est in anima. quod non videtur verum. ⁋ Ideo potest aliter di¬
1038 1415 1751 1470 ci probabiliter. quod vniversale non est aliquid reale habens esse
1040 1453 1745 1515 subiectiuum. nec in anima nec extra animam. sed tantum habet
1032 1499 1751 1562 esse obiectiuum in anima. et est quoddam fictum habens
1036 1548 1745 1603 esse tale in esse obiectiuo quale habet res extra
1029 1582 1750 1645 in esse subiectiuo. et hoc per istum modum. quod intelle¬
1036 1627 1734 1690 ctus videns aliquam rem extra animam: fingit consimilen
1032 1673 1739 1739 rem in mente. ita quod si haberet virtutem producti
1039 1724 1739 1781 uam. talem rem in esse subiectiuo numero distinctam a
1033 1758 1748 1820 priori produceret extra. et esset consimiliter et propor¬
1029 1807 1742 1867 tionabiliter sicut est de artifice. sicut enim artifex
1024 1852 1738 1910 videns domum vel edificium aliquod extra. fingit in
1024 1891 1747 1953 anima sua consimilem domum vel edificium. et postea con¬
1023 1932 1736 2000 similem producit extra. et est solo numero distincta
1018 1983 1738 2031 a priori. Ita in proposito illud fictum in mente ex vi¬
1026 2024 1748 2078 sione alicuius rei extra esset vnum exemplar. ita enim
1020 2067 1732 2122 sicut domus facta. si fingens haberet virtutem pro¬
1029 2111 1741 2164 ductiuam realem est exemplar ipsius artificiati. ita il¬
1014 2156 1726 2218 lud fictum esset exemplar respectu singularium. et im¬
1013 2197 1733 2256 lud potest vocari vniversale. quod est exemplar et indifferenter
1023 2247 1726 2302 respiciens omnia singularia extra. et propter illam si
1020 2289 1717 2350 militudinem in esse obiectiuo potest supponere pro
1011 2334 1726 2392 rebus extra habentibus cosimile esse extra intel
1011 2372 1724 2435 lectum. et ita isto modo vniversale non est per generationem
1012 2422 1721 2480 sed per abstractionem quae non est nisi fictio quedam.
1008 2458 1740 2511 ⁋ Primo igitur faciam aliqua argumenta ad proban
1014 2508 1733 2568 du quod est aliquid in anima. habens tantum esse obiectiuum
1014 2549 1734 2612 sine esse subiectiuo. hoc primo patet. quia secundum philosophum
1005 2601 1728 2654 ens primaria diuisione diuiditur in ens in anima et in
