2250 3072
437 204 1135 284 camentalis. substantie est vnum compositum siue
435 260 1140 324 aggregatum ex multis qualitatibus. naturaliter
435 302 1142 368 se habentibus secundum superius et inferius. hoc est
428 350 1132 419 quod vnum in illo ordine ex natura sua est plurium
434 400 1141 459 signum: et aliud paucorum. Sicut si fieret talis con
417 437 1144 510 cordinatio ex vocibus. esset tamen in hoc differentia.
423 481 1132 545 quod voces coordinate secundum superius et inferius non
425 527 1150 595 significant illa que significant nisi per volun
426 576 1135 640 tariam institutionem. Alia autem significant natur
437 611 1147 675 raliter. et sunt ex natura sua genera et species
443 658 1143 721 Nec talia argumenta valent contra istam opi¬
429 707 1150 768 nionem quod qualitas non predicatur de substan¬
432 741 1151 808 tia. Et vnum predicamentum remouetur ab omni
428 788 1147 861 contento sub alio predicamento. Nam tales re
431 836 1150 905 plice et alie multe que possent adduci. habent
435 875 1151 943 veritatem. quando termini supponunt personaliter
428 918 1164 990 Sicut hec est vera. substantia non est qualitas
438 965 1156 1028 si termini supponant personaliter. et tamen si sub¬
440 1011 1148 1070 iectum supponat simpliciter. et predicatum perso
443 1054 1149 1114 naliter ipsa est concedenda secundum istam opinionem
440 1098 1162 1159 Et ita multa talia contra istam opinione non va¬
447 1138 1162 1203 lent ⁋ Ueruntamen ista opinio posset diuersimo
444 1185 1162 1246 de poni. Uno modo quod ipsa qualitas existens
446 1227 1165 1290 subiectiue in anima esset ipsamet intellectio. Et
449 1273 1152 1343 posset ista opinio declarari: et possent argumen¬
448 1321 1159 1376 ta solui contra eam: sicut alibi declaraui. Aliter
431 1361 1163 1438 posset poni quod ista qualitas esset aliquid aliud
447 1404 1165 1465 ab intellectione et posterius ipsa. Et tunc pof¬
439 1451 1162 1512 set responderi ad motiua pro opinione illa de
432 1492 1158 1554 fictis in esse obiectiuo sicut tactum est alibi. vbi
435 1539 1162 1602 magis expressi istam opinionem de intentione
432 1579 1161 1642 anime sine conceptum: ponendo quod sit qualitas men
447 1630 1155 1684 tis ⁋ Quamlibet istarum trium opinionum reputo pro
444 1668 1166 1731 babilem: sed que illarum sit verior relinquo iudici
443 1712 1165 1774 orum aliorum. hoc tamen teneo: quod nullum vniversale. nisi forte
443 1758 1175 1814 sit vniversale per voluntariam institutionem est aliquid
454 1798 1168 1861 existens quocunque modo extra animam. sed omne
452 1843 1171 1916 illud quod est vniversale predicabile de pluribus ex
455 1889 1166 1947 natura sua: est in mente vel subiectiue vel ob
458 1929 1165 1991 iectiue. et quod nullum tale est de essentia seu quid
465 1984 1163 2037 ditate cuiuslibet substantie. et sic de aliis con
456 2016 1173 2079 clusionibus negatis: quas dixi in. q. precedenti
471 2060 1172 2125 bus. ⁋ Ad argumentum principale dico quod il¬
454 2104 1174 2178 lud quod mouet intellectum primo: non et vniversale
461 2154 1180 2224 sed singulare. et ideo singulare intelligitur pri¬
471 2194 1169 2268 mo primitate generationis. sicut post patebit.
648 2250 1174 2346 Iterius circa hano
638 2326 1173 2384 materiam quero. Utrum aliquod vniversale
654 2371 1174 2436 it vniuocum deo a creature. Quod non
477 2411 1183 2488 quia illa que sunt primo distincta in nullo vni
474 2464 1187 2522 uocantur. sed deus et creatura sunt huiusmo¬
471 2499 1183 2578 di. ergo etc. maior patet. quia illa que in aliquo commn
467 2547 1179 2613 ueniunt et in aliquo distinguuntur: magis con
474 2598 1184 2667 ueniunt quam illa quae in nullo conueniunt. ergo primo
1243 187 1970 259 distincta in nullo conueniunt. minor patet. quia ni¬
1248 247 1969 302 hil magis distinguitur ab aliquo quam deus a crea
1243 296 1960 360 tura ⁋ Preterea tale vniuocum predicaretur de
1244 335 1970 401 pluribus differentibus specie sed omne tale est
1244 378 1964 444 genus. ergo deus esset in genere. ⁋ In oppo¬
1248 424 1954 485 situm. in equiuocis non est contradictio. sed hic est
1248 468 1966 529 contradictio: nullum ens est deus: aliquod ens
1248 514 1963 572 est deus. ergo termini sunt vniuoci. ⁋ In ista
1247 554 1957 615 q. respondetur a multis: quod nullus conceptus
1253 602 1958 660 nec aliquod vniversale est commune vniuocum deo a creatu
1250 644 1946 704 re. ⁋ Aliqui autem tenent: quod est aliquis conce
1250 685 1961 755 ptus vniuocus deo et creature: puta conceptus
1260 734 1967 790 entis. Et primo probant: quod ens est vniuocum
1246 774 1960 832 deo a creature. Et secundo ostendunt ad que est
1261 818 1973 880 vniuocum. Primo ergo dicunt: quod est aliquis con
1254 862 1963 923 ceptus vniuocus deo et creature. et ne fiat con
1260 913 1972 970 tentio de nomine vniuocationis. conceptum
1257 953 1969 1009 vniuocum dicunt: qui ita est vnus quod eius vnitas
1247 1000 1972 1051 fsufficit ad contradictionem. affirmando et ne
1253 1039 1987 1105 gando ipsum de eodem. sufficit etiam pro medio
1253 1085 1979 1143 svllogistico: vt extrema vnita in medio sic vno
1259 1127 1980 1187 sine tallacia equiuocationis concludantur in¬
1262 1174 1973 1232 ter se vniri. Et vniuocationem sic acceptam pro¬
1264 1218 1969 1274 bant tripliciter. ⁋ Primo sic. omnis intellectus
1256 1265 1997 1316 certus de vno conceptu: et dubius de diuersis.
1254 1305 1978 1363 habet conceptum de quo est certus: alium a con¬
1269 1348 1985 1406 ceptibus de quibus est dubius. subiectum in
1259 1392 1987 1448 cludit predicatum. sed intellectus viatoris potest
1265 1442 1983 1491 esse certus de deo quod est: dubitando de ente fi¬
1261 1476 1982 1539 nito vel infinito. creato vel increato. ergo com¬
1259 1521 1978 1580 ceptus entis de deo est alius a conceptu isto et
1267 1564 1982 1631 illo. et ita neuter ex se et in vtroque illorum includitur
1267 1609 1980 1669 ergo est vniuocus. Probatio maioris. quia nul
1265 1656 1991 1711 lus idem conceptus est dubius et certus. ergo
1278 1706 2004 1757 vel alius. quod est propositum. vel nullus etc. et.
1268 1736 2007 1801 tunc non est certitudo de aliquo conceptu. ⁋ Se
1267 1793 1996 1842 cundo arguitur sic. nullus conceptus realis cau¬
1277 1830 1994 1889 satur in intellectum viatoris: nisi ab hiis que na
1271 1876 1991 1929 turaliter sunt motiua intellectus nostri. sed illa
1271 1916 1984 1981 suntffantasmata: vel obiectum relucens in fam
1276 1959 1991 2020 tasmate: et intellectus agens. ergo nullus com¬
1272 2008 1991 2060 ceptus simplex naturalis fit in intellectu no¬
1278 2043 1988 2111 stro modo: nisi qui potest fieri virtute istorum. sed
1286 2092 1994 2151 conceptus qui non est vniuocus alicui relucen
1286 2137 1990 2194 ti in fantasmate sed omnino alius prior ad quem
1280 2180 1997 2241 iste haberet analogiam. non potest fieri virtu¬
1286 2226 2005 2283 te intellectus agentis et fantasmatis: ergo ta
1294 2274 1991 2333 lis conceptus alius analogus: qui ponitur na
1289 2313 2005 2369 turaliter in intellectum viatoris numquam erit. et ita
1282 2360 2005 2415 non poterit aliquis conceptus de deo natura
1283 2409 2005 2465 liter haberi: quod falsum est. Probatio assum
1283 2443 2005 2511 parti: obiectum quodcunque siue relucens in se. si
1291 2489 1999 2548 ue in specie intelligibili: cum intellectu agente
1287 2531 1997 2589 vel possibili cooperante. secundum vltimum sue virtu¬
1281 2573 2013 2649 tis facit sicut effectum sibi adequatum conceptum
