2238 3079
268 175 968 243 entis nec aliquem conceptum determinabilem.
259 238 959 292 Sed ex hoc non sequitur nisi aliud impediat quod
252 279 975 337 vnus non dicitur de alio per se et vniuoce et quiddita¬
253 326 962 372 tiue illo modo quo vnus conceptus dicitur de alio vniuo¬
259 371 956 425 ce per se et quidditatiue. Unde dico quod conceptus specie
246 410 963 466 non includit. conceptum generis. nec conceptum entis.
241 458 968 511 et tamen vterque predicatur de eo vniuoce et in quid.
247 495 968 554 Unde omnes iste rationes procedunt ex falsa ima¬
241 549 960 598 ginatione scilicet quod semper conceptus inferior includit
247 580 959 639 superiorem praedicabile de eo per se et quidditatiue et
247 635 952 683 vniuoce. quia conceptus inferior est vniversaliter compositi¬
247 683 953 731 or conceptu superiori. ita quod includit superiorem et
240 722 956 770 aliquid plus. quae et omnia consimilia sunt simplicitur fal
240 761 956 819 sa. sicut enim est de nominibus: quod nomen communius non est
247 804 953 864 inclusum in nomine minus communi nec est simplicius eo
235 854 950 908 ita est frequenter in conceptibus: quod eque simplex est conce¬
241 902 948 960 ptus speciei spaialissime sicut conceptus entis: quamuis
235 945 952 994 forte non semper sit ita: sicut post declarabitur. ⁋ Ad
231 990 943 1039 rationes probantes quod ens non dicitur vniuoce de passio.
229 1029 945 1087 nibus. Dico quod procedunt ex falsa imaginatione. ima
237 1077 947 1126 ginatur enim ac si passio esset aliquid simplex a parte
229 1121 947 1168 rei. aliquo modo distinctum ab etitate. et nec enti
229 1164 956 1209 tas includeret bonitatem. nec esset formaliter bo
231 1208 952 1262 nitas. nec econuerso. Et hoc simpliciter reputo fal¬
234 1246 958 1300 sum. quia nulla talis distinctio est ponenda in crea¬
225 1299 947 1349 turis. Ideo dico: quod passiones entis non sunt ali¬
228 1347 956 1398 qua talia a parte rei sed tantum sunt quadam conceptus impor
237 1384 947 1439 tantes illud idem. et omnia illa quae importat conceptus en
229 1425 941 1479 tis connotando aliquod ens determinatum in aliquo
229 1473 946 1515 et ideo ens debet poni in diffinitione indicante quid no
240 1515 950 1570 minis cuiuscumque passionis ipsius: vt si exprimatur
234 1556 947 1620 quid nominis boni. debet dici quod bonum est ens appetibi¬
231 1600 948 1660 le a voluntate: vel aliquid tale. vel bonum est ens ap
241 1646 938 1700 petibile secundum rectam rationem. vel aliqua talis orteo debut
238 1693 941 1740 exprimi. in qua ponitur ens in recto et aliquid aliud
235 1728 937 1790 in obliquo. Et eodem modo bonitas debet dici enti
233 1775 941 1833 tas sic vel sic appetibilis a voluntate. vel aliquid
230 1825 940 1885 consimile. Et propter istam rationem de illo conceptu non prie
241 1863 930 1928 dicatur forte ens quidditatiue. nec per se primo mo
228 1904 941 1970 immo nec ens praedicatur quidditatiue. et per se de albo
229 1959 947 2009 vel calido vel intelligente. et tamen nihil est importatum
231 1998 938 2057 a parte rei per album quin de illo praedicatur ens per se pri¬
228 2048 944 2107 mo modo et quidditatiue. ⁋ Per hoc patet ad primum ar¬
222 2091 932 2136 gumentum quod potest concedi: quod ens non praedicatur quiddi¬
225 2136 934 2184 tatiue de suis passionibus. propter causam iam dictam
219 2172 936 2229 et ideo concedendum est quod ens non est vniuocum praedicabile
222 2215 933 2275 in quid de omnibus conceptibus. tamen de omni conceptu sini
226 2267 929 2317 plici non connotatiuo. sed praecise importante aliqua re¬
226 2312 932 2361 alia: sicut homo importat omnes homines est ens praedicabi¬
235 2354 928 2415 est in quid et per se primo modo. ⁋ Ad secundum dico: quod ens
213 2393 938 2450 sufficienter diuiditur per ens creatum et increatum tamquam
219 2445 941 2501 in illa de quibus praedicatur. et ideo concedo quod de passioni¬
218 2476 931 2539 bus suis non praedicatur in quid et per se primo modo propter
227 2533 927 2592 causam dictam. non quia sunt aliqua talia simplicia a par
216 2575 939 2639 te rei. de quibus non praedicatur ens in quid. ⁋ Ad ter¬
1087 180 1795 275 tium dico quod procedit ex falso intellectu. quia imagi¬
1075 253 1795 312 natur quod omne quod praedicatur de aliquo quidditantiue: in¬
1078 289 1792 361 cluditur in illo de quo praedicatur: quod non est verum. quia etiam
1074 334 1778 398 illa quae non includunt ens recipiunt praedicationem en
1081 382 1786 445 tis inquid. et ideo illa ratio non impedit quin ens pos¬
1068 431 1776 494 sit quidditatiue praedicari de suis passionibus ⁋ Sed
1077 471 1773 532 circa praedicta sunt aliqua dubia. Primo quia vide
1067 516 1787 579 tur quod sit aliqua praedicatio analoga: quae nec sit equi¬
1071 563 1778 621 uoca nec vniuoca nec denominatiua. quia aliqua est
1080 603 1786 664 praedicatio analoga secundum philosophum i. poste. versus finem
1073 649 1782 713 Ubi dicit: quod si passio sit equiuoca medium erit equa
1074 699 1775 750 uocum. et si passio fuerit analoga medium crit
1072 739 1779 795 analogum. ⁋ Ite. iiii. metha. ens non dicitur vniuoce
1063 788 1769 837 nec equiuoce sed medio modo et certum est quod non dicitur denomina
1062 833 1772 885 tiue. ergo etc. ⁋ Confirmatur. quia ibidem sanum non dicitur nec
1067 863 1776 937 equiuoce nec vniuoce etc. ergo analogice. ⁋ Secundum
1059 908 1772 977 dubium est. quia non videtur quod sit bene dictum de praedicationem
1063 951 1778 1019 denominatiua. quia secundum philosophum in praedicamentis. deno¬
1050 997 1774 1071 minatiuum diciteret ab abstracto solo casu. ergo hec non
1050 1046 1769 1109 est praedicatio denominatiua. homi inest albedo nec
1060 1086 1776 1153 hec. forma est in materia. ergo talis praedicatio in obli
1066 1136 1774 1203 quo non est denominatiua. ⁋ Item in praedicamentis. c.
1065 1179 1772 1243 de qualitate vult philosophus quod quaelitas non semper praedicatur
1057 1224 1779 1289 denominatiue de suis subiectis. et hoc contingit du¬
1059 1268 1777 1325 plicitur. Uel quia non sunt nomina imposita ipsis qualitati
1062 1312 1769 1376 bus: sicut aliquas dicitur pugilator. non tamen denominative
1059 1352 1765 1409 quia non est aliquod nomen impositum illi qualitati a qua dicitur pu¬
1065 1403 1765 1464 gilator. Uel quia si sint nomina imposita. non tamen concre
1062 1449 1762 1501 tum et abstractum habent adinuicem conuenientiam in princi
1053 1488 1753 1557 pio: sicut aliquas dicitur studiosus a virtute. ergo non omni
1059 1533 1763 1596 talis praedicatio est denominatiua. ⁋ Tertium dubium
1051 1579 1748 1640 est de principali conclusione. quia non videtur quod deo a cre
1063 1622 1751 1686 ature sit aliquid commune vniuocum. nec etiam omnibus cre¬
1059 1668 1766 1729 turis. et hoc probatur a diuersis multiplicitur. ⁋ Pri
1057 1703 1766 1772 mo sic. omni vniuoco correspondet aliquid vnum a par
1047 1753 1754 1813 te rei. nihil autem vnum a parte rei correspondet enti
1050 1790 1759 1848 ergo etc. ⁋ Secundo omne vniuocum est prius et simplicius
1047 1842 1765 1899 illis quibus est vniuocum. sed deo nihil est prius nec sim
1047 1886 1757 1946 plicius. ergo. ⁋ Confirmatur. quia omne inferius addit ali
1044 1932 1757 1988 quam perfectionem super superius vniuocum. Deus autem ni
1048 1968 1749 2030 hil addit supra ens. quia tunc essent plura in deo.
1056 2013 1750 2071 ⁋ Tertio. omne quod est per se superius ad aliud et si¬
1039 2054 1757 2122 bi vniuocum ponitur in eius diffinitione. sed ens in
1039 2106 1747 2167 nullius diffinitione ponitur. quia cum praedicatur de quo
1041 2144 1741 2210 libet per se primo modo sicut dictum est: sequeretur
1038 2192 1741 2249 quod in qualibet diffinitione esset nugatio. ⁋ Qua
1047 2240 1748 2293 to quando aliqua vniuocantur in aliquo perificantur
1046 2274 1749 2345 in illo nomine et in re significata per illud no
1037 2330 1744 2379 men. sed deus et creatura in nullo parificantur
1038 2370 1747 2424 nec in entitate. nec in bonitate. nec in quocum¬
1032 2409 1745 2466 que genere ⁋ Quinto. quia secundum philosophum. iiii. metha.
1036 2462 1739 2517 ens dicitur de decem predicamentis sicut sanum
1035 2495 1740 2559 dicitur de sanis. sed sanum non dicitur vniuoce
1026 2550 1745 2605 et in quid de sanis. ergo nec ens de decem predica¬
1029 2593 1743 2662 mentis. Idem videtur dicere. vii. methaphisice
