2226 3060
436 192 1145 261 poterit ita elici ab anima separata sicut a contriuncta. et
432 255 1141 303 ideo quia primo conuenit parti. dicitur conuenire to
438 295 1141 343 ti per accidens. quia couenit sibi per aliud Similier
430 342 1145 388 actio primo competens accidenti dicitur conuenire
436 385 1153 434 suo subiecto per accidens. quia per aliud. et ita lar¬
444 432 1148 484 ge accipiendo per accidens: secundum quod est idem quod per
438 479 1141 528 aliud realiter distinctum. sic potest concedi tam de sub¬
433 513 1148 573 iecto accidentis quam de toto cuius parti primo con¬
433 559 1135 604 uenit actio. quod est actio per accidens. et eodem mo
441 601 1141 655 quod est causa per accidens ⁋ Sed causa per se est illud
438 647 1144 695 quod causat non per aliquid aliud realiter distinctum:
435 689 1136 740 sed per se: ita quod ipso posito. alio circunscripto
432 740 1135 789 quod non est causa in aliquo genere cause. poterit se
432 773 1141 833 qui effectus. et isto modo calor est per se causa calo
432 826 1145 877 ris. quia ipso posito et omni alio amoto quod non ha
424 868 1136 918 bet rationem cause. poterit sequi calor in passo dis
439 914 1148 963 posito et approximato. et ita calor per se causat
427 955 1141 1005 calorem. quia non per aliud. Et illo modo anima intel¬
426 997 1134 1052 lectiua per se causat intellectionem et volitionem
430 1045 1145 1096 qui non per aliud nisi secundum quod lod per notat circumstantiam
431 1090 1133 1145 cause partialis concurrentis. ⁋ Si dicatur quod ari.
439 1133 1142 1187 ii. phi. dicit quod edificator per se edificat et album per
432 1177 1144 1228 accidens. Similiter quod policletus est causa sta¬
438 1219 1142 1280 tue per accidens. sed statuam faciens est causa per se. ergo eo
433 1265 1133 1319 dem modo quamuis lignum per accidens calefaciat. tamen
439 1310 1133 1368 calidum per se calefacit. ⁋ Dico quod intentio phi¬
433 1347 1135 1414 est dicere: quod de aliquo praedicatur per se praedicatum ali¬
421 1397 1142 1445 quod. quando oppositum praedicati sibi non potest inesse.
420 1442 1129 1485 Et ideo quia hec potest esse vera. policletus non faci
420 1489 1142 1539 statuam posita etiam constantia subiecti et hoc non potest
426 1526 1129 1582 esse vera posita constantia subiecti statuam faciens
427 1576 1133 1626 non facit statuam. Similiter quantum est ex forma pro¬
432 1623 1141 1672 positionis: hec potest esse vera posita constantia subie
436 1659 1134 1715 cti. ignis non calefacit. et hec non: calefaciens non
432 1702 1136 1751 calefacit. Similiter quia in aliqua propositione semper
436 1746 1139 1801 exprimitur causa rei et in aliqua non. et ideo dicit
432 1791 1132 1845 philosophus quod causa per se praedicatur de vno et non de
429 1830 1145 1888 alio. Unde per istam calidum calefacit expresse si
426 1880 1135 1931 gnificatur calor. qui est causa per se et non per aliud. et
429 1928 1132 1966 non per istam ignis calefacit. vel siccum calefacit. et
430 1964 1139 2009 sic de consimilibus. ideo dicit philosophus vnam esse per se
429 2004 1133 2061 et aliam per accidens. et hoc large accipiendo per
433 2051 1139 2107 se non stricte quomodo distinguit philosophus id est poste.
427 2097 1127 2152 duos modos dicendi per se. Nunc autem ita est quod
430 2142 1133 2187 ista stant simul. album per se calefacit. et hec est per
430 2181 1133 2231 accidens album calefacit. sicut ista stant simul. al¬
427 2227 1136 2274 bum potest esse nigrum. et hec est impossibilis: album
432 2273 1141 2325 est nigrum. et ideo vult philosophus quod hec est per se. sta¬
430 2317 1138 2370 tuam faciens est causa statue. et hec per accidens
432 2363 1141 2413 policletus est causa statue. et cum hoc stat quod vtra
426 2399 1138 2455 que istarum sit vera. statuam faciens per se est cau
421 2447 1145 2501 sa statue. et policletus per se est causa statue ac¬
427 2490 1136 2549 cipiendo vno modo per se. et accipiendo alio
427 2530 1148 2585 modo per accidens: cum predictis stant iste due.
436 2582 1139 2655 statuam faciens per accidens est causa statue. et
1261 202 1983 269 policletus per accidens est causa statue. et tamen quod
1273 251 1985 310 vna illarum de in esse sit per se et alia per accidens.
1266 297 1977 346 ⁋ Secundo non est bene dictum de differentiis inter
1255 336 1971 392 causas essentialiter ordinatas et accidentaliter ordi¬
1267 381 1968 448 natas. ⁋ Prima differentia non est bene data. quia
1263 425 1973 487 quaero quid est causam secundam dependere a prima
1255 474 1961 522 in causando. aut hoc est requirere causam primam ad
1258 517 1968 581 hoc quod causet. quia sine ea causare non poest. aut quia
1255 564 1978 625 in suo esse dependet a prima. vel quia recipit virtu¬
1261 610 1965 661 tem actiuam. vel aliquam influentiam a prima. sic enim ar¬
1260 649 1966 709 guit iste doctor cotra vnum alium. ostendens quod in¬
1264 703 1974 745 telligentia secunda si mouet sicut secundum mouens cau
1254 737 1967 786 satur a prima intelligentia. Primum non potest dari. quia
1249 786 1959 845 in multis sicut causa secunda non potest causare sine
1248 823 1960 881 prima. ita nec econuerso. ergo non plus isto modo de
1254 872 1960 922 pendet causa secunda a prima in causando quam econ¬
1254 916 1967 970 uerso. Assumptum patet. quia sicut in istis inferioribus
1248 959 1969 1008 multa agentia particularia non possunt causare effe¬
1249 1003 1961 1059 ctus suos sine sole. ita sol non potest in multos effe
1249 1049 1970 1103 ctus sine causis secundis. Nec potest dari secundum. tum
1252 1095 1961 1153 qui ita contingit in causis accidentaliter ordinatis.
1245 1140 1970 1195 tum quia tunc vniversaliter quicquid est causa cause. erit cau¬
1257 1176 1967 1234 sa per se et essentialis causati. quod negat iste do
1251 1227 1967 1270 ctor et bene. cuius ratio est. quia aliquando causa depen
1249 1268 1962 1321 det in esse et conseruari ab aliquo alio. sine quo tamen
1245 1314 1954 1363 si causa conseruaretur a deo sine eo. nihilominus
1248 1358 1960 1407 posset effectus esse. et ipso posito et alio amoto
1240 1401 1973 1445 non posset esse effectus. ergo illud non habet ra¬
1242 1443 1955 1493 tionem cause respectu illius effectus. Nec potest da¬
1246 1484 1952 1533 ri tertium. quia talis influentia vel motio non posset
1246 1527 1955 1576 estse. nisi sit vel motus localis. vel ad aliquam formam
1255 1572 1955 1638 ubstantialem vel accidentalem. sed patet quod frequen
1246 1618 1961 1661 ter causa secunda in agendo. nec motum localem. nec
1249 1658 1964 1721 formam absolutam aliquam recipit a prima. ⁋ Preter
1252 1707 1955 1754 ea. secundum istum doctorem alibi. obiectum et intellectus
1252 1746 1965 1802 sunt due cause partiales respectu intellectionis
1242 1797 1954 1844 et tamen secundum eundem neutra dependet ab alia in cau¬
1249 1838 1954 1884 sando. sed vtraque agit virtute propria. Tunc quaero
1242 1880 1957 1927 Aut iste sunt cause essentialiter ordinate. aut ad
1240 1924 1958 1981 cidentaliter. si essentialiter. habeo propositum quod non semper
1245 1969 1959 2023 secunda dependet a prima in causando. quia vtraque v¬
1242 2017 1955 2067 tute propria causat. si sint accidentaliter ordinate
1248 2056 1964 2102 ergo vna posset agere sine alia. quod negat et est
1246 2100 1961 2148 manifeste falsum. ⁋ Confirmatur. quia secundum eum alibi
1248 2145 1960 2193 intellectus respectu intellectionis est causa prin
1242 2190 1949 2237 cipalis et vniversalis et illimitata. et tamen obiectum in cau
1246 2229 1955 2287 sando non dependet ab eo. ⁋ Contra secundam diffe¬
1243 2276 1955 2324 rentiam. quando accipit quod causae essentialiter ordinate sunt
1245 2317 1953 2381 alterius rationis et alterius ordinis. quia superior est
1246 2365 1949 2414 perfectior. Aut accipitur superioritas pro prioritate
1242 2408 1942 2463 secundum perfectionem. aut pro prioritate secundum illimita
1236 2453 1946 2510 tionem. si primo modo hoc est petere principium quod
1245 2499 1945 2553 cause essent alterius ordinis. quia perfectior est per
1238 2541 1950 2597 fectior. ergo oportet quod accipiat secundo modo. et
1246 2588 1986 2657 dicat quod omnis causa illimitatior est perfectior
