2300 3079
319 202 1019 274 causa magis limitata. sed hoc est simpliciter fal
316 255 1022 308 sum. quia aliquando causa illimitatior est simpliciter
318 300 1009 367 imperfectior et aliquando perfectior. Exemplum pri
300 347 1020 402 mi secundum istum doctorem corpus celeste quia non est viuum
315 395 1016 443 est imperfectius animali perfecto viuo. et tamen cum asino
304 441 1012 485 et alio animali concurrit sicut causa illimitatior ad
306 482 1007 532 producendum aliud animal. ergo ibi causa illimitatior
303 531 1004 584 est imperfectior. Similiter si intellectus huma
307 573 1009 629 nus intelligat essentiam angeli: causa illimita¬
306 619 1007 671 tior illius intellectionis est intellectus humanus.
307 661 1005 709 et causa limitatior est essentia angeli. et tamen intel
304 701 1010 756 lectus humanus est imperfectior essentia ange
294 746 1007 800 li. Similiter calor cum anima vegentatiua concurrit:
310 788 1001 854 sicut causa illimitatior ad aliquem effectum producen
303 830 1001 886 dum: sicut post ostendetur. et tamen calor est imperfe¬
300 884 1003 928 ctior. Exemplum secundi celum sicut causa illimi¬
289 919 1003 976 tatior concurrit cum elementis ad aliquos effectus
297 970 1004 1016 producendos. et voluntas sicut causa illimitatior
294 1015 997 1060 concurrit cum sensibilibus. vel cum intelligibilibus
294 1055 1007 1107 ad producendum volitiones. et voluntas est cau¬
288 1098 999 1151 sa perfectior. et similiter celum est perfectius ele¬
300 1145 1006 1187 mentis. ⁋ Contra tertiam differentiam. si intelli¬
289 1186 991 1238 gat quod numquam in causis essentialiter ordinatis potest
297 1232 1003 1282 vna agere sine alia. hoc non videtur verum. tum quia secundum
295 1280 1004 1331 eum et secundum veritatem aliqua animalia generata per pro¬
295 1322 1004 1370 pagationem. vbi concurrunt corpus celeste et agens
288 1365 1001 1413 particulare: possunt produci per putrefactio¬
282 1411 1003 1453 nem. vbi agens producens particulare non concur¬
283 1450 994 1503 rit. ergo ibi agit causa vniversalis sine particulari. Et si
288 1492 1004 1551 dicatur quod tunc causa particularis superflueret. Dico quod
280 1538 1007 1586 non: sed causa quare non superfiuit dicitur in ii lib. Tum quia
292 1580 994 1635 secundum istum doc. alibi: idem filius potuit habuisse di¬
291 1629 994 1679 uersos patres. ergo multo fortius diuersas causas
295 1669 1002 1724 equiuocas: ita quod sine vlla illarum posset produci.
303 1711 989 1771 ⁋ Contra dicta in secundo articulo: quamuis conclusio
295 1754 992 1811 sit concedenda. et tres vltime rationes sint probabi
285 1803 987 1854 les tamen prima ratio simpliciter non valet. quia fundatur
278 1849 989 1895 in ista propositione. quandocumque aliqua conueniunt et
282 1891 989 1936 differunt: per aliud conueniunt: et per aliud differunt
283 1933 983 1983 et per consequens vtrumque includit ratione communem in qua con
282 1976 988 2024 ueniunt. et propriam per quam distinguuntur. et ista propo¬
282 2021 998 2065 sitio ostensa est simpliciter falsa. quia duo indi¬
279 2066 988 2118 uidua simplicia: se ipsis sine omni distinctione con
282 2112 986 2164 ueniunt et differunt. ⁋ Preterea sicut illi duo dii
285 2159 995 2208 conuenirent in necesse esse et differrent suis propriis
283 2201 998 2250 rationibus: eodem modo quo hoc conceditur conceden¬
275 2242 985 2293 dum est quod deus et creatura conueniunt in entitate
276 2288 992 2334 et differunt suis propriis rationibus realiter. et per consequens
285 2325 986 2383 si illa ratio sit bona deus includeret duas rationes
285 2375 997 2420 et quero sicut ipse querit: aut vtraque illarum est
282 2418 992 2464 ratio formaliter necessario essendi: aut non. et pro¬
275 2457 988 2513 cedo sicut ipse procedit. ⁋ Preterea si oportet talia
283 2502 983 2553 includere duo: aut neccesse est quod illa sunt distincta
282 2550 990 2603 realiter aut formaliter: aut tantum secundum rationem. Non
283 2590 989 2667 primo modo. quia ipse dicit quod natura contracta per
1120 215 1832 271 differentiam realem non distinguitur realiter a differen
1116 268 1827 326 tia contrabente. si secundo modo. hoc modo de facto reper
1126 310 1845 363 tur in deo quod sunt ibi aliqua distincta formaliter tantum
1125 345 1835 404 Unde et tunc quero et arguo sicut ipse arguit. Aut
1122 395 1838 456 vtraque illarum est ratio necessario essendi. aut non
1107 435 1829 498 ⁋ Ad istud respondetur. quod quando aliquid diuiditur. tunc ex
1117 485 1837 540 se non habet vltimam actualitatem essendi. sed ex¬
1114 530 1821 583 pectat eam ab illis in que diuiditur. et ideo si essen i
1111 580 1829 633 plura necesse esse: tunc necesse esse diuideretur per
1101 611 1829 675 rationes proprias illis necesse esse: et ita esset iu po
1114 659 1826 712 tentia. et non haberet ex se vltimam actualitatem
1117 707 1829 754 essendi. Non sic autem est in diuinis. quia essentia no
1111 746 1825 802 diuiditur. nec est in potentia ad alias rationes proprias
1108 790 1834 841 personis. et ita essentia ex se habet vltimam actua¬
1114 839 1838 897 litatem necessario essendi. quia iste rationes proprie non
1104 881 1827 940 sunt formaliter rationes necessario essendi. ⁋ Contra
1108 923 1831 977 hoc arguitur dupliciter. Primo quia aliquid potest esse commune
1113 972 1817 1021 ad multa: quod non diuiditur in illo: immo vniversaliter nullum
1104 1016 1829 1059 commune diuiditur in illo quibus est commune. quia nec est in il¬
1105 1054 1820 1106 lis. sed ipsum manens vnum nihil penitus recipiens
1099 1104 1825 1151 nec aliquo sibi addito diuiditur in illa quibus est
1101 1147 1833 1204 commune proportionaliter voci que diuiditur in sua signi¬
1110 1187 1826 1246 ficata: quae tamen vox non est in suis significatis diui¬
1105 1232 1817 1289 sa. nec aliquid sibi aduenit propter hoc quod diuiditur
1100 1276 1819 1331 et ita quantumcunque essent plura necesse esse: non opor¬
1105 1324 1823 1371 teret quod vnum illorum includeret aliqua distincta
1107 1359 1830 1417 siue realiter siue formaliter. ⁋ Preterea. non est maior
1098 1408 1824 1462 ratio. quod ista formaliter distincta componant quam illa. et
1104 1452 1824 1505 ideo vel omnia distincta formaliter constituentia per se
1111 1498 1827 1555 vnum componunt vel nulla. sicut omnes res facientes
1092 1539 1826 1596 per se vnum componunt essentialiter vel nulle. ergo eadem
1099 1582 1820 1637 ratione omnia distincta formaliter. quorum vnum est ali¬
1099 1631 1820 1679 quo modo prius alio. sic se habent quod vnum illorum est in
1102 1674 1811 1728 potentia ad reliquum. vel nullum. ergo si essent plu
1099 1717 1816 1763 ra necesse vtrumque includeret rationes distinctas
1102 1762 1820 1818 quarum vna esset in potentia ad aliam distinctam tantum.
1095 1800 1807 1860 formaliter. eadem ratione cum de facto in deo pona¬
1105 1851 1811 1900 mus essentiam et relationem distingui formaliter.
1102 1894 1803 1945 et essentia est aliqua prioritate prior relatione. sequi¬
1095 1938 1802 1992 tur quod essentia sit in potentia ad relationem. ⁋ Con¬
1105 1982 1805 2034 tra secundam rationem quamuis non accipiat ita manife
1096 2020 1808 2074 ste falsum sicut ista. tamen oporteret probare quod omnes
1095 2066 1805 2116 forme se habent sicut numeri. ita scilicet quod semper vna
1096 2112 1809 2170 esset perfectior et alia imperfectior. quod non sufficien¬
1101 2159 1813 2208 ter probatur. Nec illa propositio quae accipitur in istis
1096 2199 1803 2257 duabus rationibus est vniversaliter vera scilicet quod nulla duo possunt
1096 2243 1805 2295 esse totaliter terminantia dependentiam alicuius vnius.
1084 2284 1821 2347 ⁋ Dico ergo quod quantum ad primum articulum. quod ratio.
1089 2337 1821 2389 probans primitatem efficientis est sufficiens. et est ratio
1095 2380 1800 2433 omnium philosophiorum. Uidetur tamen quod euidentius posset proba
1096 2422 1803 2476 ri primitas efficientis. per conseruationem rei a sua
1092 2465 1813 2520 causa quam per productionem. secundum quod dicit rem acci¬
1090 2508 1811 2562 pere esse immediate post non esse. Cuius ratio est
1089 2553 1810 2603 qui difficile est vel impossibile probare contra philosophos
1092 2603 1810 2657 quod non sit processus in infinitum in causis eiusdem
