2227 3060
450 168 1165 235 rationis: quarum vna potest esse sine alia. sicut po
443 231 1156 281 fuerunt hominem generantem ante hominem gene¬
439 286 1163 333 ratum in infinitum. et difficile est probare per productio¬
443 319 1147 372 nem quod vnus homo non possit produci ab alio sicut a
455 364 1156 416 causa totali. Et si ista duo essent vera. diffici¬
438 406 1163 456 le esset probare: quod iste processus non esset possibilis:
439 454 1153 515 nisi esset vnum sempermanens: a quo tota infinitas
438 501 1163 548 dependeret. Et ideo argumentum potest sic forma¬
448 540 1155 593 ri. quicqud realiter producitur: ab aliquo conser
451 582 1148 630 uatur quandiu manet in esse reali. sed iste effectus
453 633 1150 680 producitur. ergo ab aliquo conseruatur quandiu manet
439 678 1151 723 BDe illo conseruante quero. aut producitur ab alio.
438 720 1156 767 aut non. si non est efficiens primum: sicut est conser
439 766 1154 817 uans primum. quia omne conseruans est efficiens. sicut
435 805 1150 864 patebit in secundo. Si autem producitur ab aliquo. ergo
438 861 1147 910 conseruatur ab alio. et de illo alio quero sicut prius
439 895 1145 950 et ita vel oportet ponere processum in infinitum
442 940 1163 991 vel stare ad aliquod primum: quod est conseruans
448 981 1154 1033 et nullo modo conseruatum. et tale erit primum effi¬
445 1027 1145 1074 ciens: sed non est processus in infinitum in conseruam
447 1070 1148 1126 tibus: quia tunc aliqua infinita essent in actu: quod
438 1120 1153 1168 est impossibile. sicut patet per rationes philosophi. et aliorum
438 1158 1156 1206 quae sunt satis rationabiles. sic ergo videtur per istam
435 1204 1153 1259 rationem: quod est dare primum conseruans. et per consequens primum
438 1248 1156 1292 efficiens. Et differt ista ratio ab illa ratione fa¬
451 1291 1151 1345 cta sub forma priori. quia ista accipit conseruans. et
436 1331 1160 1384 semper omne conseruans aliud siue mediate siue im¬
438 1378 1157 1435 mediate est cum conseruato. non autem omne productum
439 1420 1160 1477 ab alio requirit omne producens esse mediate vel
431 1469 1154 1512 immediate cum producto. et ideo quamuis posset po¬
439 1510 1147 1561 ni processus in infinitum in producentibus sine infi¬
448 1560 1151 1607 nitate actuali. non tamen in conseruantibus cum actua
432 1597 1156 1645 li. De causis essentialiter et accidentaliter ordinatis
441 1641 1154 1688 alias patebit. ⁋ Quantum ad secundum articulum di¬
438 1685 1157 1743 co. quod est tantum vnum ens simpliciter primum. et probo
432 1734 1163 1787 per rationem istius doc. ad hanc conclusionem. ⁋ Quia
445 1781 1154 1827 quandocumque est aliquod commune habens plura con¬
444 1822 1151 1868 tenta. aut illa contenta distinguuntur specie: aut
447 1857 1147 1905 solo numero. et ita si essent duo dii. sic distingue
441 1904 1150 1948 rentur sed non specie. quia tunc esset verisimile.
441 1944 1153 1999 qui vnus esset perfectior alio. et per consequens
441 1993 1147 2038 non esset ille deus Si autem distinguerentur solo
441 2040 1159 2088 numero. hoc non videtur probabile. quia quando sunt plu
445 2083 1162 2130 ra indiuidua distincta solo numero. non videtur in
451 2120 1145 2176 cludere contradictionem quin sint plura quam duo.
438 2166 1151 2212 nec potest dari certus numerus talium indiuiduo
438 2211 1147 2270 rum. et per consequens possent esse plures dii quam sint. et per
444 2254 1157 2301 consequens essent plures quia nihil potest esse deus
441 2307 1147 2350 quin necessario sit deus. hec ratio est probabi¬
442 2339 1145 2394 lis: quamuis non demonstret sufficienter. ⁋ Ad ar¬
438 2385 1153 2441 gumentum principale dico quod quamuis non est sta¬
441 2434 1145 2483 tus in aliquo determinato ordine: sicut in intel
446 2473 1144 2525 lectionibus et volitionibus. tamen in toto ordine en¬
456 2517 1141 2570 tium oportet ponere statum. quia aliter vt probatum est esset
438 2567 1148 2632 infinitas in actu: non autem si poneretur alius proces
1261 175 1991 235 sus in infinitum. oporteret ponere infinitatem
1273 232 1975 284 actualem. quia vna species posset esse sine alia. tamen
1261 283 1980 329 in praemissis suppositum est quod primum efficiens est sim
1263 325 1984 376 pliciter primum ens. circa quod sunt opinioneo
1267 362 1859 417 diuerse. Questio. xi¬
1484 413 1981 511 Irca secundam per
1480 499 1969 553 tem istius distinctionis quaero. Utrum
1464 544 1969 589 scum vnitate numerali diuine essen
1480 587 1963 639 tie. stet pluralitas personarum realier
1255 630 1979 681 distinctarum. Quod non. quia esse dicitur ab essentia secundum
1269 676 1973 730 Augustinum. ergo vbi sunt distincta esse ibi sunt di¬
1257 720 1971 773 stincte essentie. sed vbi sunt distincta supposi
1267 770 1974 816 ta. ibi sunt distincta esse. quia sunt distincte sub¬
1264 809 1994 866 sistentie. ergo etc.  Secundo sic. maior est identitas na¬
1255 855 1972 911 ture ad suppositum in deo: quam in creatura. sed propter
1264 897 1970 957 identitatem nature et suppositi in creaturis vbi
1255 935 1976 991 sunt plura supposita ibi sunt plures nature cre
1255 987 1964 1037 ate. igitur eodem modo et multo fortius vbi sunt
1254 1031 1978 1080 plura supposita increata. ibi sunt plures natu
1264 1075 1961 1119 re increate. ergo cum vna natura increata non stat
1254 1120 1957 1167 pluralitas suppositorum. ⁋ Confirmatur. quia quando aliqua
1254 1166 1974 1219 sunt vnum realiter. multiplicato vno realiter. mul
1264 1210 1976 1255 tiplicatur et reliquum realite. sed natura et supposi¬
1260 1251 1967 1307 tum diuinum sunt vnum realiter. ergo si sint plura suppo
1260 1291 1994 1355 sita. sunt plures nature. ⁋ Tertio sic. vii. metha.
1255 1337 1981 1381 in separatis a materia idem est quod quid est cum eo¬
1254 1381 1977 1432 cuius est. non autem in coniunctis cum materia. Aut in¬
1248 1428 1973 1477 telligit quod est idem realiter sed non formaliter. tunc in
1248 1469 1976 1515 coiuctis cum materia idem est quod quid est realiter cum
1255 1509 1970 1567 eo cuius est. sicut in separatis a materia. Aut intel
1255 1553 1964 1607 ligit quod est idem realiter et formaliter. et per consequens impossi
1249 1597 1967 1647 bile est quod sint plura supposita realiter distincta
1264 1645 1971 1702 nisi sint plures essentie realiter distincte. ⁋ In op
1249 1688 1970 1743 positum est illud iohis prime canonice. c. v. Tres
1249 1736 1962 1785 sunt qui testimonium dant etc. et hii tres vnum sunt
1248 1776 1958 1824 ⁋ Difficultas istius quaestionis oritur ex identitate
1255 1817 1967 1877 diuine essentie cum relatione et persona. quia si essentia
1248 1854 1968 1919 et relatio et persona sint simpliciter vna res numero.
1251 1902 1980 1963 indistincta. difficile est videre quomo sunt plu¬
1252 1950 1957 1998 res relationes. et plures persone: et non plures
1252 1989 1964 2053 essentie. ⁋ Ad hoc saluandum dicunt quidam. quod suffi
1259 2040 1964 2089 cit sola distinctio rationis inter essentiam et per
1255 2077 1976 2136 sonam et relationem. Unde dicunt quod relatio in di¬
1255 2128 1967 2184 uinis potest dupliciter considerari. Uno modo per
1255 2171 1976 2225 comparationem ad essentiam: et sic est ratio tantum.
1255 2208 1968 2274 Uel per comparationem ad illud ad quod refertur
1255 2257 1961 2306 et sic est res. et sic per propriam rationem relationis
1252 2301 1970 2346 relatio realiter distinguitur ab opposito et non
1249 2346 1970 2398 ab essentia. et ita erit ibi pluralitas realis et non
1252 2389 1965 2444 rationis tantum. ⁋ Contra istum modum ponendi ar¬
1254 2437 1959 2492 guo. Uidetur enim iste modus loquendi impro¬
1252 2483 1955 2530 priissimus et de virtute sermonis includens con¬
1249 2526 1964 2574 tradictionem. quia quod aliquid idem comparatum vuni
1252 2560 1960 2636 sit ratio tantum. et comparatum alteri sit res. simile
