2243 3078
262 208 965 272 esset aliquid in deo quod non esset diuina esset
258 258 974 317 tia: quod est impossibile. Si autem realitas essen
268 303 977 355 tie non sit eadem omnibus modis ex natura rei for
258 348 965 400 malitati essentie. quia distinguitur formaliter. et
265 385 959 448 tamen est eadem realiter. ergo alia est formalitas illius
262 429 959 497 formalitatis et illius realitatis. Et tunc quero
255 479 969 530 de formalitate illius realitatis. aut distinguitur.
258 527 965 578 realiter ab illam realitate. aut non. et ita vel erit:
253 567 960 628 pro cessus in infinitum. vel dabitur quod aliqua di¬
256 611 965 669 stinguuntur formaliter. et tamen non sunt plures for
244 662 965 709 malitates. sicut nec plures realitates. et eadem
250 701 953 757 ratione fuit standum in primo: quod essentia et rela
253 745 951 795 tio distinguuntur formaliter. et tamen quod non dicunt
244 781 960 847 plures realitates nec plures formalitates Et
252 836 952 893 eodem modo sicut arguitur de pluralitate forma¬
244 868 951 932 litatum. ita potest argui de pluralitate modorum re
232 921 963 976 alium: quorum quaelibet sit realiter ipsa diuina essentia
238 968 953 1024 et de pluralitate rationum realium. et pluralitate
244 1006 951 1068 quidditatum vel esse quidditatiuorum. ⁋ Si dica
238 1051 955 1100 tur quod relatio est eadem realiter cum diuina essen¬
241 1097 957 1151 tia: et distinguitur formaliter. ergo alio conuenit. et
232 1144 951 1198 alio differt. quia nihil idem formaliter potest esse cau
232 1184 951 1244 sa conuenientie et differentie. Dico quod frequentur
244 1228 941 1281 dictum est prius quod illud principium aliquorum. quod ni¬
231 1266 948 1329 hil connenit realiter cum aliquo. et differt forma¬
237 1312 938 1375 liter ab eodem per idem. sed per aliud et aliud alique
235 1364 944 1410 modo distinctum. est falsissimum in deo et in creatu
235 1403 936 1461 ris. Et ideo dico quod essentia se ipsa sine omni distin¬
222 1448 932 1506 ctione a parte sui est eadem realiter cum relatione
232 1492 930 1549 et distinguitur formaliter. et eodem modo est de re¬
229 1528 936 1596 latione. ⁋ Si dicatur quod si sint idem. ergo conueniunt in ali
232 1580 932 1636 quo vel sunt idem in aliquo et non in essentia. nec
232 1617 937 1681 in relatione. ergo in aliqua formalitate quae est vtrius
229 1657 930 1723 que: cum tamen formalitatibus distinctis. Respondeo
229 1705 941 1769 quod proprie loquendo de conuenientibus: non debet di¬
225 1757 937 1803 ci quod conueniunt in aliquo. sicut nec proprie dicitur quod
225 1791 929 1853 distincta distinguuntur in aliquo: sed distinguunt
225 1838 936 1898 aliquibus. ita debet dici quod conueniunt aliquibus
231 1877 923 1946 Unde sicut omnia distincta distinguuntur vel seipi
219 1920 926 1985 sis vel aliquibus sibi intrinsecis. ita omnia conueni
223 1968 925 2022 entia in quibus non est aliquod idem omnibus modis. vel con¬
213 2012 929 2073 ueniunt seipsis vel aliquibus sibi intrinsecis. Unde
223 2055 925 2119 sortes et plato conueniunt seipsis specie. et seipsis
217 2101 915 2160 distinguuntur numero. et non debet proprie concedi quod
208 2147 917 2209 conueniunt in aliquo sed aliquibus. quia seipsis Ita in
217 2193 927 2255 proposito essentia et relatio conueniunt seipsis. et
214 2237 918 2292 sunt idem realiter seipsis. et seipsis distinguuntur for¬
208 2282 910 2334 maliter. ⁋ Ad secundum dico sine assertion
217 2319 920 2379 temeraria et preiudicio: quod talis distinctio est
211 2360 926 2425 ponenda. Qualiter autem sit ponenda decla
213 2414 923 2464 ratum est prius. sednon est ponenda nisi vbi
220 2452 915 2516 credita ad hoc compellunt. ⁋ Ad primum i
222 2497 923 2553 contrarium dico: quod aliqua est distinctio que stri
210 2542 927 2604 cte nec est realis nec rationis. sicut quando res
223 2586 920 2666 distinguitur a ratione. tamen quantum ad pro
1075 223 1779 297 positum. dico quod distinctio realis est duplex.
1069 270 1772 338 Una qua est distinctio rerum. ⁋ Alia est distin
1074 322 1778 383 ctio qua vnum puta. b. non est formaliter. a. et
1084 360 1778 427 dicitur distinctio realis quia est ex natura rei
1071 402 1782 476 sed primo modo non est realis. Ideo nego istam
1065 448 1772 516 consequentiam. omnis res est ens reale vel ens
1072 496 1767 558 rationis. ergo omnis distinctio vel est realis
1062 536 1778 596 vel rationis. Est enim distinctio media: quamuis in¬
1063 581 1764 648 ter ens reale et ens rationis non sit medium
1065 625 1767 694 ⁋ Ad secundum nego consequentiam. quia
1062 668 1766 731 distinctio materialis est distinctio materia¬
1059 708 1772 779 rum: et ideo est realis. distinctio autem formalis non est
1062 752 1766 824 formarum. sed est aliquorum quorum vnum non est formaliter
1063 804 1763 872 reliquum. hoc est: de quorum vno vere dicitur quod est aliqua
1056 846 1773 909 res absoluta vel respectiua: et de reliquo dicitur vere
1051 885 1767 958 quod non est illa res. sicut essentia vere est filius: et tamen pa
1062 936 1763 1001 ter non est filius. Unde si in materia esset aliquid con¬
1049 980 1757 1048 trahens et aliquid contractum quae non realiter distingue
1053 1021 1760 1082 rentur: sicut aliquo ponunt. tunc ista non distinguerentur
1051 1059 1763 1129 materialiter. sed tantum formaliter. et tamen nihil hic est
1050 1102 1751 1175 set forma. sed tantum materia. Unde est aduerter
1060 1148 1760 1223 dum: quod distinctio formalis vocatur. quando vnum est
1046 1194 1760 1261 de per se in intellectu alterius. et aliquid com
1048 1245 1751 1307 petit vni aliquo modo quo non alteri. siue hoc
1057 1279 1746 1351 sit in materia siue in forma. hoc tamen in solo deo
1047 1326 1746 1397 est possibile. ⁋ Per hoc ad confirmationem: quod
1048 1373 1752 1442 non sic se habet distinctio realis ad res etc. et
1044 1417 1741 1484 distinctio formalis ad distincta formaliter.
1051 1455 1742 1525 ⁋ Per hoc patet ad tertium: quod non est simile
1041 1508 1746 1577 qui distinctio formalis presupponit identitatem
1044 1554 1746 1613 realem. distinctio autem realis nullam identitate
1039 1595 1745 1656 presupponit. et ideo quamuis in aliis distinctioni¬
1048 1639 1739 1701 bus contingat vere negare vnum ab alio. non tamen
1035 1670 1734 1744 in distinctione formali. ⁋ Ad tertium dubium
1047 1719 1732 1786 concedo quod ex sola distinctione formali non contin
1045 1771 1738 1832 git inferre distinctionem realem personarum a pri¬
1035 1818 1739 1871 ori. et ideo ex sola distinctione formali relatio.
1029 1856 1730 1921 nis et essentie: non concluditur a priori distin
1038 1899 1742 1958 ctio realis personarum. sed econuerso. ex distin¬
1036 1945 1745 2001 ctione reali personarum et identitate essentie cum
1030 1989 1729 2051 personis et relationibus contingit inferre di¬
1036 2029 1733 2095 stinctionem formalem relationis et essentie. et ita
1020 2080 1733 2143 distinctio realis personarum non est: quia es¬
1030 2114 1728 2185 sentia et relatio distinguuntur formaliter. sed
1036 2167 1720 2225 quia due relationes realiter distinguuntur. et
1029 2201 1730 2279 ideo paternitas et spiratio actiua in patre: quam
1023 2253 1725 2316 uis distinguantur formaliter. quia tamen no
1033 2296 1718 2360 distinguuntur realiter nec inter se: nec distin¬
1023 2342 1727 2401 guuntur realiter a patre. sicut paternitas a fi
1024 2384 1725 2449 liatione et spiratione passiua: et spiratio acti¬
1012 2437 1720 2493 ua a spiratione passiua: ideo non constiuunt di
1011 2475 1721 2526 stincta supposita: sed tantum vnum distinctum re¬
1021 2517 1718 2574 aliter a filio et spiritum sancto. ⁋ Ad aliud di¬
1017 2564 1733 2621 co quod non est simile. quia identitas formalis nullam com¬
1018 2603 1727 2679 patitur secum non identitatem vel distinctionem. et ideo
