2233 3087
463 197 1181 267 tur prime intentiones entis. sicut intentio entis vnius
465 265 1181 322 et huiusmodi. quia ista prima impressione imprimuntur in anima
465 303 1165 354 saltem prioritate nature. sed non potest concipri bonum n
459 349 1170 399 si concipiatur bonum quod dei est. ergo etc. ⁋ Secundo dicitur
468 398 1168 449 quod quicquid est in deo cognitum non sub ratione essentie
465 438 1159 492 et nature in particulari. sed sub ratione alicuius attri
468 483 1180 528 puti in vniversali. est ratio cognoscendi quicquid est in creatu
460 527 1165 579 ris Sicut enim ens determinatum per naturam aut per
453 571 1172 624 suppositum singulare: non habet esse nisi per forma
454 614 1175 666 quae in eo determinatur: quae de natura essentie sue in
456 660 1175 713 se non dicit aliquid determinatum. sic nec habet co
465 711 1172 761 gnosci esse tale ens: nisi ex cognitione ipsius for
463 751 1176 799 me in se ratione nature vel essentie diuine. quia vnum
453 793 1166 837 quodque sicut se habet ad esse. ita ad cognitionem. et
463 837 1172 888 licut hoc bonum non potest cognosci nisi per bonum
456 881 1165 927 et ens simpliciter. sic nec bonum et ens participa
457 926 1160 976 tum possunt esse nec cognosci nisi per bonum et ens non
459 977 1158 1026 participatum. secundum Aug. viii. de trini. ⁋ Tertio po
465 1015 1169 1059 nit quod quamuis ita sit: quod quicquid est deus cognoscatur
450 1053 1156 1108 primo et intelligatur. non tamen discernitur ista cognitio
450 1106 1170 1159 ne quid est dei: ab eo quod quid est creature. quia sub nul
450 1142 1162 1192 la ratione appropriante aut determinante attribu¬
453 1187 1159 1234 tum illud deo concipitur: immo si hoc modo concipi
451 1232 1160 1284 tur sub ratione entis: non distinguitur esse eius ab esse
453 1285 1167 1329 creature. Si sub ratione boni. non distinguitur secundum
456 1319 1172 1367 intellectum bonum in deo ab eo quod est in creatu¬
460 1365 1157 1415 ra. et ita conceptus dei sub propria ratione entis. aut
456 1409 1157 1457 boni simpliciter. aut alicuius huiusmodi intentionis
447 1452 1166 1512 generalis: est primus. quoniam non discernit propter
447 1503 1165 1552 eius simplicitatem. ab intentionibus huiusmodi coue¬
456 1542 1166 1589 nientibus creaturis. et ita est de aliis conceptibus
466 1582 1166 1636 ticularibus respectu conceptus entis. ⁋ Contra
459 1626 1157 1683 stam opinionem primo arguo quod deus non sit primum co¬
459 1674 1168 1725 gnitum a nobis. quia si sic. aut illud quod immediate
456 1721 1157 1769 terminat actum est praecise ens reale extra animam. aut
457 1765 1160 1810 est praecise ens rationis in anima. puta conceptus genera¬
456 1806 1155 1857 lis vel aliquid tale. Si detur primum. et non est creatu
451 1846 1162 1898 ra. quia tunc creatura primo cognosceretur. ergo ipsa
459 1889 1160 1951 diuina natura in se et in particulari cognosce¬
460 1936 1163 1986 retur quod est falsum et impossibile. etiam secundum eos. Si autem
456 1980 1157 2026 illud quod immediate terminat actum intelligendi
459 2026 1156 2075 et totaliter: sit quadam conceptus habens tamen esse obiecti¬
456 2069 1157 2117 uum in anima. vel aliqua ratio fabricata per intellectum
453 2104 1153 2161 sit primo cognitum: et quod in illo cognoscitur deus. Con¬
450 2156 1148 2201 tra. obiectum primum alicuius potentie primitate genera
447 2201 1151 2247 tionis praecedit omnem actum intellectus. ergo nullum ta
459 2243 1150 2290 le est primum obiectum intellectus primitate generationis
454 2285 1159 2336 Si dicatur quod illud quod immediate et totaliter termi¬
453 2332 1151 2383 nat actum intelligendi primum sit ipse deus. non tamen illo
451 2375 1157 2428 actu cognoscitur in particulari. sed sub ratione alicuius
454 2418 1145 2467 intentionis generalis. ⁋ Contra quaero. aut illa intentio
459 2466 1147 2520 generalis distinguitur ab essentia diuina. aut nul¬
453 2508 1156 2561 lo modo. Si nullo modo. ergo intelligere deum sub ratio¬
447 2556 1155 2603 ne talis intentionis generalis. est intelligere deum sub¬
436 2596 1163 2660 ratione sue nature in particulari. Similiter illa intentio
1275 205 1988 263 quae est propria vni soli singularissimo et simplicissi¬
1276 269 1990 312 mo: non est generalis nisi generalitate causalitatis vel vir
1275 304 1984 352 tutis. quo ipsa diuina essentia particularissima
1282 348 1985 405 etsingularissima est generalis. ergo si illa intentio sub qua
1281 395 1998 455 concipitur deus a nobis: nullo modo distinguitur a di¬
1276 440 1990 492 uina essentia nullo modo erit generalis. et ita deus in
1278 483 1990 536 particulari concipietur a nobis. Si detur secundum quod illa
1269 531 1980 578 intentio aliquo modo distinguitur a diuina essentia
1272 573 1982 621 et non ex parte rei secundum istos. ergo tantum per operationem intelle¬
1261 617 1976 666 ctus. sed secundum istos alibi prima operatione intellectus
1273 664 1988 719 non causatur distinctio rationis. nec apprehenduntur di¬
1266 707 1981 756 stincta ratione. ergo est aliqua operatio intellectus praecedens
1270 750 1972 794 istam operatione: qua appreheditur sub ista distincta ratione
1275 794 1972 848 ⁋ Preterea ostensum est prius: quandocumque aliqua distinguuntur
1272 838 1981 886 ratione: alterum illorum erit ens rationis. ergo si attributum
1263 880 1963 926 sub quo apphenditur deus: vel etiam talis intentio
1260 925 1982 984 generalis distinguitur ratione a diuina essentia. ergo attri¬
1266 972 1971 1022 butum vel talis intentio generalis erit ens rationis tantum.
1278 1016 1978 1070 Probatio consequentie. quia alterum illorum erit ens
1267 1061 1970 1106 rationis tantum: et non diuina essentia. ergo attributum vel
1273 1102 1978 1149 talis intentio generalis erit ens rationis. ergo non erit pri
1258 1147 1976 1198 mum obiectum intellectus: cum primum obiectum intelle¬
1262 1196 1976 1251 ctus primitate generationis praesupponitur actui ⁋ Pre
1272 1236 1969 1284 terea quando primo intelligitur deus intelligentia natura¬
1267 1279 1964 1332 li et simplici. et post intelligitur ens rationis in communi. et
1260 1323 1960 1370 tertio creatura et quarto postea intelligitur deus via¬
1257 1366 1964 1415 deductonis. quaero: aut semper est idem obiectum nec distin
1254 1409 1969 1457 ctum re. nec ratione sed praecise deus et creatura. aut non. Si
1260 1453 1970 1506 sic. nihil est in re nisi particulare vel vniversale secundum eos. sed
1257 1495 1961 1551 non potest dari aliquod vniversale nec aliquod particulare. patet
1255 1542 1964 1586 inductiue Si non intelligitur aliud. ergo non est talis or
1254 1587 1964 1638 do. et ita oportet dare ratione ordinis talis inter ipsas
1265 1633 1963 1686 cognitiones sine omni ordine a parte obiectorum. ⁋ Pre
1264 1676 1973 1721 terea vnumquoque prius mouet ad conceptum proprium
1264 1721 1967 1767 quam ad conceptu vel cognitionem cuiuscumque alterius
1269 1763 1978 1816 ed creatura est praecise motiua intellectus nostri pro sta¬
1266 1803 1969 1864 tu isto. ergo prius mouebit ad cognitionem suiipsius
1260 1850 1990 1903 quam cuiuscumque alterius. ⁋ Contra secundum quod quid est dei
1252 1893 1989 1951 non sit ratio cognoscendi quod quid est creature. probo pri
1267 1938 1974 1993 non sic. Aut quod quid est dei est ratio cognoscendi crea
1260 1983 1960 2027 turam per se. aut per suam notitiam. Si per se. hoc negat
1260 2029 1971 2079 qui illo modo deus non cognoscitur ex creaturis. Si se
1263 2071 1963 2115 cundo modo Contra. illa notitia est pura creatura et
1266 2107 1955 2164 imperfecta. ergo non potest esse causa omnium notitiarum quarum
1254 2160 1964 2209 cuque. ergo nec eadem ratione debet poni quod notitia imperfecta
1264 2200 1958 2256 dei sit causa notitie imperfecte creature. antecedens probatum
1266 2244 1964 2293 et prius: quod numquam notitia incomplexa vnius rei est causa pri¬
1264 2294 1970 2337 me notitie incomplexe alterius rei. ⁋ Preterea sensi¬
1248 2330 1975 2385 bile vel mediate vel immediate sine notitia cuius¬
1248 2382 1973 2433 cumque alterius praeuia potest causare notitiam sui ipsius. ergo ea
1252 2418 1973 2468 dem ratione intelligibile sine omni notitia praeuia cuiuscum¬
1254 2464 1960 2526 que alterius poterit causare suiipius intellectionem. ergo
1261 2506 1951 2561 ipsa sine tali notitia praeuia est ratio cognoscendi. ⁋ Con
1254 2556 1967 2609 tra tertium ostendo quod intellectus potest discernere quod quid est
1251 2597 1964 2658 dei: a quod quid est creature quia intellecto potest esse prcepta
