2261 3065
434 218 1152 297 conceptus est communis sibi et aliis. nec plus tunc in
444 278 1151 340 telligitur deus quam asinus. Similiter si postea di
456 316 1164 384 stinxeris. intelligendo bonum in se subsistens:
446 358 1154 425 et non in altero existens. non aliud facis nisi fa
458 408 1150 469 cis vnam propositionem ex incomplexis praecognitis et sic
451 460 1147 525 patet de secundo modo et tertio. quia intelligendo boni
459 500 1149 559 vt rem quandam excellentissimam: formas talem propi
456 540 1157 601 sitione. Similiter intelligendo bonitatem entitatem ess
450 581 1175 644 eandem cum esse et existentia: formas tales propo¬
462 627 1175 699 nes. et hoc nihil est penitus ad propositum. ⁋ Pre¬
455 672 1165 741 terea quod dicit quod illi conceptus sunt proximi. et ideo in
455 713 1164 791 tellectus concipit vtrumque modo confuso vt vnum
467 766 1174 822 Contra illi conceptus qui sunt simplices et proprii re¬
467 799 1170 875 bus maxime distantibus et maxime dissimilibus
464 840 1174 909 maxime sunt dissimiles. et maxime distantes et non
474 898 1172 970 proximi: sed per te conceptus dei et conceptus creature
462 932 1168 1004 sunt simplices. et sunt proprii deo a creature quae ma¬
464 977 1170 1051 xime distant. ergo isti non sunt proximi. ⁋ Ideo dico
476 1026 1166 1094 aliter ad. q. quod aliqua res potest cognosci in se: ita quod
471 1064 1166 1134 nihil aliud nec distinctum ratione nec distinctum est
466 1112 1172 1185 natura rei terminet actum intelligendi nisi ipsa
476 1155 1184 1225 met res. et hoc siue cognoscatur abstractiue siue in¬
464 1207 1182 1273 tuitiue. Aliter potest aliquid intelligi non in se. sed in
466 1244 1176 1306 aliquo conceptum sibi proprio. et hoc maxime est
476 1295 1170 1357 verum: quando cognoscitur ille conceptus de aliquo ente
480 1332 1181 1394 verificari. Et sic intelligendum est dictum philosophi ii po
472 1376 1176 1445 steriorum. vbi vult quod aliquando simul habet cognitio de re quia
471 1429 1174 1482 est et quid est. quia ipsa non potest cognosci: nisi ipsa quido
472 1464 1178 1522 ditas vel saltem aliqua pars quidditatis in se cogno
481 1507 1175 1576 scatur. De hoc tamen alias erit sermo Qando autem tameum con
481 1553 1171 1623 gnoscitur in aliquo conceptu sibi proprio: prius co
473 1598 1175 1674 gnoscitur quia est quam quid est hoc est: ante quam quidditas ve
479 1643 1169 1708 quicumque pars quidditatis vel quecumque simplex sibi
492 1690 1185 1748 prium cognoscatur cognitione sibi propria vel equiua
488 1728 1188 1786 lenti: sicut videndo ignem cognoscitur quia est ignis et
488 1767 1189 1834 quid est ignis. et hoc si ignis in se cognosceretur. sed de
488 1810 1183 1885 facto no cognoscitur in se nisi accidens ignis. tamen ipsi
489 1862 1187 1923 calor sic cognoscitur et quia est et quid est. et ita est de omnibus
487 1902 1183 1964 accidentibus: quae immediate terminant actum intellig
492 1943 1195 2014 di. sed de aliis quae non sic cognoscuntur prius cognoscitur
490 1991 1202 2052 qui est quam quid est: sicut prius cognoscitur quod aliquid interpo
488 2037 1194 2101 nitur inter solem et lunam quam cognoscatur quid interpo
500 2079 1202 2141 nitur. ⁋ Per hoc dico ad. q. quod nec diuina essentia
504 2115 1209 2187 nec diuina quidditas: nec aliquid intrinsecum deo:
494 2161 1199 2223 nec aliquid quod est realiter deus potest hoc cognosci a no¬
503 2208 1202 2265 bis: ita quod nihil aliud a deo concurrat in ratione ob
501 2247 1203 2311 iecti. ⁋ Secundo dico quod essentia diuina vel quidi
500 2293 1212 2361 ditas diuina potest cognosci a nobis in aliquo communi
507 2344 1199 2404 ceptu sibi propositio composito tamen: et hoc in conceptu
505 2385 1203 2449 cuius partes sunt abstrahibiles naturaliter a rebus
504 2417 1206 2496 ⁋ Tertio dico quod est cognoscibilis a nobis in con¬
509 2468 1214 2536 ceptu aliquo modo simplici ad placitum instituto
515 2511 1223 2579 ad significandum. et hoc in conceptum connotati¬
500 2559 1210 2620 uo et negatiuo sibi propositio. ⁋ Primum patet. quia nihil
509 2601 1214 2679 potest naturaliter cognosci in se nisi cognoscatur
1259 200 1970 281 intuitiue. sed deus non potest cognosci a nobis intui
1257 263 1967 318 tiue ex puris naturalibus. et etc. minor patet. maio¬
1266 309 1969 369 rem probo. quia non est maior ratio quod vna res possit a
1256 352 1974 406 nobis cognosci in se sine notitia intuitiua pre¬
1267 389 1970 453 uia quam alia sed multe res non sunt cognoscibiles ni
1263 439 1973 501 si preuia notitia intuitiua. quia secundum philosophum cecus a
1263 476 1979 534 natiuitate non potest habere scientiam de coloribus.
1265 527 1976 595 nec potest cognoscere colorem in se. quia non potest co¬
1269 562 1971 634 gnoscere colorem intuitiue. ergo nulla res potest vel
1271 609 1980 677 cognosci nisi praecognoscatur intuitiue. et si crea¬
1265 653 1990 729 tura non potest cognosci in se nisi praecognoscatur in¬
1277 680 2174 756 tuitiue. multo magis nec deus. ⁋ Secudum patet. quia Secunda proba
1277 744 1968 810 sicut creatura potest cognosci in conceptu aliqu
1269 788 1982 847 communi simplici: ita potest deus. quia aliter nullo modo esset
1278 832 1985 890 a nobis cognoscibilis. sed quando sunt communia multa ha¬
1282 872 1986 942 bentia aliquod idem contentum. omnia illa communia simul acce¬
1276 925 1988 995 pta faciunt vnum proprium illi. quia ex quo sunt distin
1289 960 1987 1027 cta communia. oportet quod aliquid contineatur sub singulo quod
1280 1005 1989 1071 sub nullo aliorum continetur. ergo omnia illa communia simul acce
1275 1050 1991 1119 pta nulli alii possunt conuenire. sed multi sunt com
1290 1099 1985 1161 ceptus simplices naturaliter abstrahibiles quo
1290 1137 1983 1201 rum quilibet est communis deo at alicui alteri. ergo omnen¬
1284 1186 1989 1249 illi simul accepti facient vnum conceptum proprium
1280 1233 1997 1292 deo. et ita cum possit cognosci quod ille conceptus
1287 1276 1995 1340 de aliquo verificatur. deus in illo conceptum co¬
1287 1320 2000 1380 gnoscetur. Uerbi gratia. Ab entibus potest abstra¬
1288 1366 2003 1427 hi conceptus entis quie est communis deo et omnibus aliis
1294 1404 2003 1470 entibus. similiter potest abstrahi conceptus sapien¬
1293 1451 2004 1509 tie quae est praecise communis sapientie create et increate
1291 1488 2009 1556 similiter potest abstrahi conceptus bonitatis quae est
1286 1538 2004 1604 precise communis bonitati diuine et create. et hoc secundum
1299 1581 2000 1647 quod bonitas distinguitur a sapientia. et omns isti
1293 1623 2007 1688 conceptus simul non poterunt verificari nisi de solo
1301 1662 2009 1728 deo. ex quo per positum. nulla sapientia creata est
1298 1706 2012 1774 bonitas creata nec econuerso. et ita cum prossit con
1295 1751 2000 1820 cludi quod aliquod ens est bonitas et sapientia. et sic
1293 1798 2015 1857 de aliis quae vocantur attributa. sequitur quod deus
1298 1849 2004 1905 isto modo cognoscitur in conceptum composito
1305 1886 2009 1943 sibi proprio. et hoc non est aliud nisi a creaturis ab
1305 1925 2009 1996 strahere multos conceptus communes deo a cre
1311 1972 2009 2041 aturis. et concludere particulariter de vno con
1311 2013 2009 2079 ceptu simplici communi sibi et aliis vnum conceptum con¬
1299 2059 2015 2121 positum deo proprium. sicut contingit abstra
1305 2099 2015 2170 here conceptum entis. conceptum bonitatis. sapien
1311 2151 2015 2212 tie et caritatis et sic de aliis. et contingit de ente
1307 2187 2023 2257 particulariter sumpto concludere quod est boni¬
1314 2243 2031 2295 tas sapientia. dilectio. iusticia. et sic de aliis. et
1317 2279 2019 2344 hoc est cognoscere deum in conceptu communi sibi pro¬
1313 2322 2022 2391 prio. et tamen deus in se non cognoscitur. quia aliquid
1304 2364 2018 2430 aliud a deo hic cognoscitur. quia omnens termi
1308 2419 2025 2469 ni istius propositionis. aliquod ens est sapientia.
1310 2450 2025 2518 iusticia. caritas. et sic de aliis. sunt quidam conce¬
1304 2493 2029 2560 ptus quorum nullus est realiter deus. et tamen omnes isti
1311 2537 2031 2607 termini cognoscuntur. ergo aliquid aliud a deo ipsis co
1316 2590 2037 2662 gnoscitur. ex quo ipsa proposito cognoscitur. Et sicut est de
