2244 3051
437 190 1139 265 scilicet quod quicquid primo et immediate conuenit ali¬
431 244 1145 304 cui: de quolibet quod est in eo et contentum sub eo
426 287 1135 354 potest demonstrari propter quid per illud cui primo con
438 330 1143 391 aenit tanquam per medium. Cuius ratio est. quia nul¬
438 380 1139 433 la propositio per se nota est demonstrabilis nec
431 421 1142 480 a priori nec a posteriori etiam secundum eum. quia ex hoc quod
434 464 1147 521 talis propositio est demonstrabilis probat quod no
435 510 1142 564 est per se nota. sed nunc est ita quod aliquando sicut propo¬
432 554 1139 614 sitio in qua praedicatur aliquod praedicatum de subie¬
426 595 1135 655 cto cui primo conuenit est nota ex terminis. ita
437 644 1148 705 propositio in qua praedicatur idem praedicatum de con¬
437 685 1144 742 tento sub illo communi est nota ex terminis. sicut enim
429 730 1154 790 hec est nota ex terminis secundum eum. omne totum est ma¬
425 773 1154 833 ius sua parte. ita est hec nota ex terminis. omne con¬
431 819 1154 878 tinuum est maius sua parte. Similiter sicut hec est no
425 860 1144 914 ta ex terminis. si ab equalibus equalia demas qua
439 913 1150 968 relinquuntur sunt equalia. ita hec est per se nota ex
433 954 1143 1006 terminis. si a diuersis quaternariis equlia demas
432 992 1144 1058 quae relinquuntur sunt equalia. et vniversaliter vel frequentur
432 1042 1156 1091 quando aliquod praedicatum est per se notum de suo primo sub¬
438 1080 1143 1137 iecto. est per se notum de quolibet contento sub eo in
435 1121 1148 1182 se cognito. ⁋ Ideo dico ad quaestionem primo quid pro¬
441 1167 1144 1232 positio per se nota. et dico quod per lod per se non excluditur
443 1211 1151 1271 notitia terminorum. nec notitia terminorum est cau
435 1256 1147 1315 sa sufficiens respectu talis notitie. sed cum notitia
436 1305 1141 1359 terminorum requiritur formatio propositionis ex illis ter
443 1343 1155 1405 minis. et ita cum formatio propositinis non possit fieri
433 1394 1148 1451 nisi mediante voluntate. Ad notitiam propositionis per se
438 1432 1139 1487 note requiritur ipsa voluntas tanquam efficiens causa
444 1475 1142 1538 saltem mediata. non tam niversaliter quando notitia inconplexa
438 1516 1145 1580 terminorum et formatio propositionis ad notitiam euiden¬
441 1559 1147 1625 tem talis propositionis sufficiunt. est propositio per se nota. sed sicut
441 1605 1145 1666 dictum est in prima quaetione prologi. aliquando notitia intui¬
437 1649 1140 1712 tiua terminorum cum formatione propositionis sufficit ad
443 1692 1151 1754 notitiam euidentem veritatis contingentis. et tamen illa
437 1743 1152 1799 veritas contingens non est per se nota. sed ad hoc quod pro¬
438 1787 1144 1843 positio sit per se nota. oportet quod quaecunque notitia
445 1821 1147 1878 terminorum siue sit perfecta siue imperfecta. siue confu¬
447 1863 1151 1928 sa siue distincta. dummodo illi ide termini quae prius
441 1905 1160 1967 apprehenduntur et non alii. siue intuitiua siue ab¬
444 1952 1144 2013 stractiua. sit sufficiens cum formatione propositionis ad
450 1992 1155 2061 causandum notitiam euidentem propositionis. ⁋ Et si
440 2044 1153 2099 queratur. an notitia termiorum in vniversali sufficiat. Di¬
441 2079 1154 2138 co quod non. quia tunc est aliquis terminus apprehen
449 2127 1141 2185 sus qui non est in tali propositione per se nota. In
443 2174 1160 2227 telligendum est tamen quod improprie aliquando ab auctori¬
446 2211 1160 2282 bus dicitur aliqua propositio per se nota. ad cuius tamen
440 2259 1144 2317 notitiam non sufficit notitia terminorum incomplexa
447 2306 1159 2362 cum formatione propositionis: sed requiritur aliquid
447 2348 1160 2406 aliud. quia tamen non requiritur spllogismus nec experien¬
444 2390 1156 2457 tia aliqua alia alicuius extrinseci realis. dicitur
451 2433 1156 2493 esse propositio per se nota. quia sufficit sola exempli
448 2482 1145 2536 ficatio alicuius inferioris. sicut quod ex duabus propo
444 2521 1153 2580 sitionibus vniversalibus dispositis in modo et in figura: prie
456 2568 1170 2635 cipue in prima. sequitur propositio vniversalis. potest dici
1244 186 1951 244 aliquo modo per se notum. quia non oportet nisi exemplifica¬
1242 234 1960 287 re in terminis. et statim intellectus assentit. Et
1258 280 1965 341 ita est in aliis scientiis. quod principia aliqua earum di
1241 329 1957 380 cuntur esse per se nota. quamuis non quaelibet notitia ter¬
1260 369 1952 425 minorum sit causa efficiens notitie euidentis illa
1260 417 1948 464 rum veritatum. Secundo dico quod alius terminus
1248 458 1963 513 est vniuersale et quodlibet contentum sub eo si
1249 508 1967 564 ue contentum dicatur res siue conceptus. et eodem.
1254 543 1970 600 modo alius terminus est diffinitio et diffinitum.
1256 588 1970 643 Et secundum hoc dico quod alii termini sunt in ista propo¬
1248 636 1967 693 sitione: deus est: quam nos habemus modo de facto.
1257 679 1957 737 et alii termini sunt in illa propositione quam videns
1256 721 1957 781 essentiam diuinam potest formare. praedicando illud esse
1260 771 1960 827 quod est diuina essentia de ipsamet diuina essen
1257 810 1974 863 tia. et aliquis alius terminus est in illa propositione quan
1257 851 1966 912 potest talis formare praedicando illud idem quod nos
1251 899 1966 965 praedicamus de aliqua essentia. ita quod sint ibi due
1260 946 1969 1006 propositiones ad minus possibiles. quae nobis non sunt
1257 986 1975 1045 possibiles. Secudum hoc dico quod illa propositio quam de
1263 1034 1966 1087 facto habemus non est per se nota. sed propositio vtraque
1265 1071 1963 1135 quam format beatus. siue praedicando esse quod est deus
1258 1124 1969 1173 de diuina essentia. siue illud quod nos praedicamus
1261 1165 1960 1216 est per se notum. Primum patet. quia illa propositio que est du¬
1260 1204 1966 1258 bitabilis non est per se nota. sed ista propositio quam nos
1255 1256 1977 1303 habemus est dubitabilis. manifestum est. ergo etc.
1254 1298 1970 1349 Secundum patet. quia apprehendens illos terminos et
1258 1346 1985 1394 formans propositionem necessario assentit. De prima
1251 1391 1982 1440 patet. quia ibi praedicatur idem de se scilicet essentia de esen¬
1255 1424 1977 1480 tia. sed de re simplici non potest intellectus apprehen¬
1267 1467 1973 1519 lens illam rem dubitare. quin praedicatio eiusdem. de se
1267 1518 1976 1566 it vera. ergo etc. De secunda etiam propositione patet quod intel¬
1261 1562 1979 1610 lectus beatus videns illam essentiam non potest dubi¬
1255 1605 1973 1653 tare eam esse. nec etiam apprehendens eam abstra¬
1257 1643 1978 1697 ctiue. quecumque sit ratio istius dicti. Per alteram
1260 1686 1963 1738 istarum propositionum est illa propositio quam nos habemus de
1265 1728 1969 1785 facto demonstrabilis. praedicando in prima propositione
1257 1780 1976 1826 illud praedicatum quod nos habemus. secundo praedican¬
1267 1812 1981 1873 do de illo subiecto quod nos habemus ipsam di
1266 1870 1979 1915 uinam essentiam in se et ex his propositionibus conclu
1260 1911 1975 1964 dendo praedicatum quod non habemus de subiecto
1263 1955 1975 2010 quod nos habemus. Et si queratur. cui est ista pro¬
1279 1986 1982 2047 ositio demonstrabilis. Dico quod est demonstrabi
1267 2045 1973 2090 lis. vel ipsi videnti essentiam diuinam in se vel co¬
1263 2089 1967 2139 gnoscenti abstractiue ipsam diuinam essentiam in
1254 2122 1973 2182 se. Et si dicatur quod talis proposito non est sibi dubitabilis:
1256 2168 1976 2221 Dico quod posito quod talis manens talis non posset
1260 2216 1970 2270 illam propositionem dubitare. tamen est demonstrabilis. quia
1260 2264 1969 2313 ad hoc quod aliqua propositio sit demonstrabilis. sufficit
1268 2297 1978 2364 quod possit dubitari a quocumque. et postea per sillogis¬
1255 2350 1973 2407 mum accipientem propositiones necessarias possit fie
1266 2391 1972 2450 ri nota. et ita est in proposito. quod aliquis potest istam
1265 2432 1975 2493 propositionem dubitare. et postea si videat divinam
1261 2474 1973 2531 essentiam potest eandem formare quam prius. et virtute
1266 2520 1982 2570 notitie praemissarum eam euidenter cognoscere. Ad
1266 2571 1970 2638 argumentum principale dico quod in ista propositione
