2228 3058
483 203 1189 269 ibi incipit potentia posterior. sed potentia sensi¬
480 255 1183 311 tiua in cognitione singularis terminatur. ergo
483 301 1186 363 ibi incipit cognitione intellectiua ⁋ Preterea in
483 341 1192 409 potentiis ordinatis in quodcumque obiectum potest
485 385 1193 452 potentia inferior. in idem potest et sub eadem ratione
480 437 1186 499 potentia superior. Patet de intellectu et volun
484 483 1190 532 tate et de potentiis sensitiuis exterioribus et in¬
481 518 1193 577 terioribus. ergo in omne obiectum in quod potest sensus
476 561 1186 618 in illud ide potest intellectus. sed sensus potest primo
481 604 1186 660 in singulare. ergo et intellectus. ⁋ Secunda conclusio est ista
478 653 1195 723 quod primum distincte cognitum potest esse singulare.
490 702 1192 755 hoc probatur. quia omne distincte cognitum a sen¬
477 736 1193 794 su potest esse primum distincte cognitum ab intel
474 782 1196 854 lectu. sed singulare potest esse distincte cognitum
468 831 1187 881 a sensu. ergo etc. Minor patet. Maior probatur. quia qua
481 871 1186 929 ratione primum cognitum a sensu potest esse primum cogn¬
478 918 1193 970 tum ab intellectu. eadem ratione primum cognitum
468 958 1193 1016 distincte am sensu potest esse primum distincte cogni¬
482 1000 1196 1062 tum ab intel lectu. ⁋ Preterea sicut argutum est
481 1045 1195 1100 contra primam opinione omnis res potest distincte co
479 1090 1190 1154 gnosci ab intellectu. nullo quod non est de esentia
479 1133 1193 1191 eius cognito. sed vniversale e sicut declaratum est prius
486 1175 1199 1241 non est de esentia cuiuscumque rei singularis. ergo potest
471 1220 1196 1280 distincte cognosci nullo vniversali cognito. ⁋ Tertia
487 1266 1195 1320 conclusio est quod aliquid aliud a singulari potest esse
486 1310 1189 1372 primum distincte cognitum. hoc patet. quia stante co
481 1354 1186 1417 gnitione confusa alicuius sensibilis potest esse cogni¬
484 1401 1201 1450 tio confusa intellectiua eiusdem sensibilis. sed il¬
487 1440 1190 1497 la cognitione consusa intellectiua stante. potest.
480 1482 1199 1540 tellectus abstrahere aliquem conceptum simplicitur
483 1528 1190 1585 simplicem ante cognitione cuiuscumque alterius re¬
487 1577 1192 1626 singularis. ergo illud cognitum post cognitionem
487 1619 1190 1672 singularis contusam erit ille conceptus simplex. sed
486 1666 1189 1716 simplex non potest cognosci nisi distincte. quia non
483 1703 1195 1762 est possibile eoipso quod est simplex quod aliquid eius la¬
481 1747 1196 1803 teat et aliquid pateat. ergo primum cognitum tunc disti¬
486 1789 1205 1842 cte erit aliquid vniversale quod non est singularem ⁋ Quar¬
495 1837 1195 1891 ta conclusio est. quod solum singulare potest cognosci consu
495 1875 1193 1931 se. quia solum compositum cuius aliquid latet potest cognosci
492 1923 1196 1981 confuse. sed huiusmodi est praecise singulare includens
486 1962 1195 2022 multas partes. ergo etc. IMaior patet per primam distin¬
495 2006 1198 2066 ctionem praemissam. quia non est possibile quod aliquid la¬
495 2059 1195 2108 teat. et tamen quod in se apprehendatur. et non tantum in conce¬
482 2095 1201 2162 ptu aliquo qui non est de esentia ipsius. nisi sit ali¬
492 2151 1196 2201 qua distinctio in eo. et per consequens compositio vel realis
489 2198 1195 2245 vel rationis. et hoc loquendo de omnibus aliis a deo.
498 2234 1208 2292 Minor patet. quia si aliquid cognoscitur quod non est sin¬
495 2280 1205 2337 gulare reale. aut cognoscitur conceptus simplex.
493 2323 1198 2373 aut compositus. Si simplex. et simplex non potest
496 2366 1205 2419 cognosci confuse. ergo cognoscitur distincte. Si autem
487 2404 1196 2467 ille conceptus sit compositus includens multos
490 2453 1199 2506 conceptus. et esse conceptus non est nisi cognosci. vel
501 2500 1202 2556 non est sine cognitione. ergo quilibet illorum conceptuum
502 2537 1199 2589 cognoscitur. et per consequens nihil totius conceptus later
494 2586 1225 2665 ergo totus ille conceptus distincte cognoscitur.¬
1320 193 2006 256 Quinta conclusio sequitur ex praedictis. quod non semper
1293 255 2011 303 totus ordo confuse cognoscedi praecedit totum or¬
1302 296 2009 346 ordinem distincte cognoscendi. quia aliquando primum co¬
1296 331 2012 394 gnitum primitate originis est distincte cognitum
1291 377 2011 431 sicut quando aliquid est distincte sensatum. illud idem
1308 423 2012 474 potest esse primum distincte cognitum ab intellectu
1306 464 2009 523 ⁋ Ad rationes prime opinionis dico quod species specia¬
1303 513 1999 564 lissima non est primum cognitum. ⁋ Ad primam proba
1295 556 2013 612 tionem dico quod probat quod singulare primo intelligi
1297 608 2012 656 tur. Et quando dicitur. causa naturalis primo agit ad per¬
1302 640 2012 698 fectissimum effectum in quem potest. et cum cognitio su
1306 686 2006 744 perioris sit perfectissima cognitio. illa primo cau
1299 730 2011 787 sabitur. Dico quod ratio non concludit nec vnum nec aliud
1309 783 2015 837 qui accipit falsum. quod vniversaliter causa naturalis agit primo
1294 820 2008 873 ad perfectissimum effectum in quem potest. quia anima prius
1300 863 2013 916 agit ad cognitionem quam ad dilectione quae tamen dile¬
1288 911 2012 958 ctio est perfectior. Similiter aliquando prius elicitur dilectio in
1299 949 2021 1013 perfectior et postea perfectior. Similiter minor est fua quia con
1303 995 2018 1055 ceptus speciei specialissime non est perfectissimus effectus in
1296 1038 2008 1095 quem possunt iste cause naturales. sed cognitio sin¬
1301 1080 2019 1145 gularis est perfectior. ⁋ Ad secundam dico quod metha.
1300 1133 2014 1184 est vltima in ordine doctrine quantum ad magnam
1301 1174 2014 1233 partem metaphisice. sicut quantum ad illam parteni
1303 1218 2020 1271 que est de substantiis separatis. et quantum etiam
1302 1263 2011 1311 ad multas alias partes. sforte tamen quantum ad ali
1297 1312 2015 1360 quam partem non oportet quod sit vltima ordine doctrine.
1309 1346 2011 1400 Unde primum principium est simpliciter metha. et tamen est
1302 1392 2011 1444 notissimum. et ita forte est de quibusdam aliis que
1300 1431 2027 1491 sunt notiora quam multa quae sunt aliarum scientiarum. Similiter
1300 1482 2018 1532 hoc posito argumentum non concluderet. quia sicut
1300 1520 2023 1572 dictum est termini possunt esse notiores. quamuis ipsa
1296 1572 2029 1627 complexa non sint notiora. hoc est euidentiora. Si¬
1306 1608 2027 1668 militer in alio deficit argumentum. quia sicut dictum
1305 1655 2015 1710 est. termini communissimi non sunt prius noti. sed ipsa
1305 1695 2005 1751 singularia sunt prius nota. ⁋ Ad tertiam patet quod
1308 1750 2014 1797 communissima non sunt prius nota. sed ipsa singularia. Se
1296 1789 2021 1847 mimiliter posito quod conissima essent primo nota primita¬
1300 1832 2020 1882 te nature. non tamen oporteret poere tempus ad haben¬
1296 1875 2011 1923 dum conceptum speciei specialissime. quia in eodem obiecto
1303 1915 2012 1977 et ab eodem agente possunt causari distincti effectus
1296 1964 2027 2016 et tamen prius natura vnus quam alius. ergo non esset inconue¬
1318 2007 2014 2058 niens nisi aliud obstaret quod in primo instanti cau
1303 2057 2017 2106 saretur cognitio et communisimi et speciei specialissime.
1321 2099 2021 2153 Prius tamen natura conceptus comnissimus. quia paucio¬
1311 2138 2012 2199 ra sufficiunt ad illum conceptum quam ad conceptum speciei
1303 2189 2005 2240 specialissime. et ita tale posset causari sine alio¬t
1299 2229 2018 2281 non econuerso. et per consequens prius natura. ⁋ Ad primum
1307 2272 2012 2330 pro secundo articulo dico quod non semper ens est primum
1297 2322 2012 2375 distincte cognitum. nec sibi propinqora sunt semper prius
1305 2364 2010 2414 distincte cognita. Et concedo maiorem illius rationis
1298 2404 2011 2453 et nego minorem. quia dico quod ens non includitur quid
1298 2449 2009 2502 ditatiue in omnibus inferioribus. et hoc dico hoc commu
1299 2496 2013 2551 ne ens. quia dictum est superius quod nullum superius inclu
1305 2542 2017 2594 ditur essentialiter in quocumque inferiori. Et ita argu¬
1305 2580 2027 2659 mentum est ad oppositum. sicut arguendo contrusi primam
