2230 3063
261 186 961 252 in anima. Si sit vera res extra animam. sic est il
261 237 962 299 la terra vel illa. ergo est vere singulare. et per
249 282 958 342 consequens vere singulare intelligitur. Si sit tantum ens in
253 327 970 388 anima. aut ergo praecedit actum intelligendi. aut non
249 368 973 419 si non. ergo non est primum intellectum quod iste negat.
246 415 967 475 ⁋ Si dicatur quod illud abstractum est aliquid repraesnta¬
255 459 959 519 tum per speciem intelligibilem praecedente actum intel
249 501 964 549 ligendi. ⁋ Contra. isto modo posset dici quod per spe¬
247 551 956 609 ciem sensibilem haberetur vniversale. Probo. quia si per specie
244 592 955 649 intelligibilem repraentaretur aliquid vniversale. aut hoc est. quia
243 634 955 682 illa species est similitudo praecise ipsorum singularium inter
234 681 949 728 se similium. aut quia est aliquid aliud a parte rei cuius
241 722 959 783 illa species est primo similitudo. ⁋ Si dicatur primo modo.
234 771 950 818 sic ipsa species sensibilis est similitudo omnium singula
234 810 950 862 rium. et per consequens ita poterit repraesentare vniversale sicut species
234 855 953 914 intelligibilis. Secundum non potest dari. quia nihil secundum
240 900 949 952 eum est a parte rei nisi singulare. ⁋ Si dicatur
234 946 959 999 quod species sensibilis est praecise similitudo vnius singula¬
232 996 959 1048 ris et non alterius. non sic species intelligibilis. ⁋ Con¬
229 1033 960 1091 tra. quandocunque aliqua sunt similima. quicqud assimila
226 1080 950 1126 tur vni illorum equaliter assimilatur alteri. sed alique
226 1123 947 1169 albedines possunt esse vel sunt simillime. ergo
226 1167 956 1211 species sensibilis equaliter assimilatur vni et alteri. et
229 1208 950 1270 ita erit vna similitudo vnius sicut alterius. Pre
225 1253 953 1315 terea. quod dicit quod illud quod abstrahitur a mate¬
220 1298 944 1346 ria indiuiduali est vniuersale. quero quam ab
223 1340 952 1395 stractionem intelligit. aut scilicet intelligendo vnum
222 1387 956 1433 non intelligendo aliud. aut intelligendo vnum co¬
219 1432 947 1481 mune ad multa. Si primo modo. sic est manife¬
217 1472 955 1525 ste fltum. quia hec albedo singularissima abstrahi
225 1515 944 1568 tur a materia indiuiduali. quia hec albedo intelli
222 1562 949 1612 gitur non intellecta materia. ⁋ Simimiliter sensus
222 1603 949 1648 isto modo abstrahit a materia. quia sentit hanc
219 1648 950 1701 albedinem non sentiendo materiam. ergo sentiret
229 1693 947 1744 et abstraheret vniuersale. Si secundo modo et
222 1737 947 1789 abstractum tali modo est vniuersale et per se com¬
224 1776 944 1833 mune ad illa a quibus abstrahitur. sequitur quod
216 1821 938 1871 nihil intelligit nisi vnum comune ad omns mate
207 1864 937 1921 rias. et ita vniuersale ad aliquas formas vel ad
219 1912 938 1964 aliqua composita non intelligeret vel saltem non
219 1952 944 2005 primo. sed tantum per quandam reflexionem. ⁋ Preterea.
210 2000 940 2053 quod dicit quod intellectus praecise cognoscit singulare
213 2043 940 2096 per quandam reflexionem. Contra. aut habet actum
220 2091 939 2138 distinctum ab actu quo intelligit ipsum vniuersa¬
217 2127 929 2186 le. aut non. si non. Contra. actus quo intelligit
210 2172 934 2220 vniuersale precedit actum quo intelligit singula
219 2224 932 2275 re. per te. ergo est alius. Si sic. quero a quo cau¬
204 2259 937 2313 satur. aut precise a fantasmate. vel aliquo in parte
220 2305 934 2356 sensitiua vel a specie intelligibili. vel ab actu
216 2348 941 2393 auo intelligitur vniversale. Si primo modo. et positum cau
217 2392 929 2438 sis sufficientibus potest poni effectus. ergo circumscri¬
219 2436 926 2487 bendo intellectione vniversalis posset poni cognito
214 2480 932 2537 singularis. et ita non repugnaret intellectui quin
225 2532 939 2573 notitia singularis esset prima. Si detur secundum et
214 2573 929 2635 aibil causat nisi quando est. ita quod semper causa et
1075 186 1789 258 effectus pro aliquo instanti sunt simul. ergo simul
1069 246 1796 300 essent iste due intentiones: quod alibi negat ⁋ Con¬
1071 293 1782 354 tra secundum modum ponendi primo. quia tunc sequeretur quod
1077 337 1789 396 etiam singulare sentitur per lineam reflexam. quia primo pri¬
1074 378 1789 440 tenditur quedam linea recta: a sensibili ad speciem
1065 416 1793 485 sensibile. quasi ab a in b. et postea immutatur sensus
1065 472 1777 524 ad cognoscendum singulare. et reflectitur quasi a
1065 506 1771 567 b in a. et ita tales reflexiones nihil valent ni
1066 545 1784 613 si idem esset bis cognitum. ⁋ Preterea. hoc repugnat
1059 597 1786 653 dictis propriis. quia quando dicit quod a singulari in fan¬
1062 649 1775 698 tasmate abstrahitur vniversale. et deinde immutatur intelle
1059 694 1781 742 ctus ad actum intelligendi. postea reflectitur intel
1059 730 1774 794 ligendo vniversale illud. quaero aut quando abstrahitur vniversale a sin
1060 783 1774 843 gulari in fantasmate est aliqua immutatio a parte
1066 822 1772 869 sensus vel intellectus. vel nulla. si nulla. ergo non
1081 860 1778 926 lus modo abstrahitur quam prius. et ita nulla est ibi ta
1059 908 1780 967 lis linea recta. cum linea numquam sit sine distinctio¬
1059 957 1771 1011 ne partium et punctorum secundum eum. Aut si sit aliqua muta¬
1062 1001 1780 1049 tio. et non a parte sensus. quia tunc vniversale esset in sensu et
1060 1040 1777 1100 in parte sensitiua. Similiter quero ad quam formam est
1048 1083 1775 1141 talis mutatio in parte sensitiua. et patet inductiue
1047 1124 1778 1190 quod nulla potest dari. Si autem sit aliqua mutatio a par¬
1043 1172 1765 1225 te intellectus et non ad actum intelligendi. quia ponis
1066 1217 1760 1277 quod ista mutatio sequitur nec per consequens ad habitum. er
1048 1252 1771 1307 ad aliquid preuium vtrique et illud vocatur species. ergo
1059 1307 1772 1361 vere habens ponere speciem intelligibilem preuiam
1053 1349 1768 1400 actui quod tum negas. ⁋ Preterea. quod dicis quod postqua
1053 1387 1778 1447 intellectus immutatus est ad actum intelligendi ab
1056 1430 1769 1490 vniversali existente in fantasmate. actu suo intelligendi
1048 1478 1775 1524 terminato in illud vniversale vt in obiectum. protrahitur
1057 1518 1774 1569 quasi quadam linea reflexa. a c in b. Ex isto sequitur
1050 1566 1767 1621 quod vniversale nunquam intelligitur nisi per reflexionem. quia mum quam
1050 1612 1771 1662 intelligitur vniversale nisi quando sic terminatur actus intel
1044 1652 1766 1702 ligendi in illud sicut in obiectum. sed parte quando sic ter
1050 1695 1759 1742 minatur actus intelligendi in vniversale sicut in obiectum
1046 1736 1764 1792 est quedam linea reflexa. ergo nunquam intelligitur vniversale
1050 1786 1768 1833 nisi per lineam reflexam. quod negatur. ⁋ Ideo dico aliter
1041 1832 1773 1878 ad questionem. Et primo quod singulare intelligitur.
1041 1866 1769 1927 Secundo quod prima notitia singularis est intuitiua.
1051 1912 1768 1965 Tertio quod singulare primo intelligitur ⁋ Primum
1041 1958 1751 2011 patet. quia si singulare non posset intelligi. aut hoc esst
1048 2002 1746 2053 ratione perfectionis intellectus. aut imperfectionis. Noit
1044 2052 1753 2101 ratione imperfectionis. quia sensus est imperfectior intel
1035 2084 1751 2151 lectu et tamen apprehendit singulare. ⁋ Nec ratione perfe
1047 2130 1754 2188 ctionis. quia si sic. aut hoc esset. quia non potest intelli¬
1042 2180 1744 2232 gere aliquid ita imperfectum sicut est singulare mi
1039 2227 1754 2276 teriale. aut quia non potest immutari ab aliquo mate¬
1043 2262 1751 2325 riali. aut quia nihil recipit materialiter. Primum non
1038 2305 1748 2369 impedit. quia vniversale abstractum a materialibus non est per¬
1030 2353 1760 2410 fectius ipso singulari. Nec secundum impedit. quia ab eo¬
1032 2401 1760 2450 dem potest poni immutari ad cognitionem singularis
1030 2443 1750 2492 sicut ad cognitionem vniversalis. si enim immutetur praecise
1031 2488 1757 2539 ab intellectu agente ad cognitionem vniversalis. ita potest
1032 2531 1751 2585 equae faciliter poni quod immutatur praecise ab intellectu
1035 2576 1748 2641 agente ad cognitionem singularis. et si potest determi¬
