2232 3061
252 190 955 247 habeant notitiam intellectualem. ergo tantum faciunt ta¬
253 238 965 293 lia per notitiam sensitiuam. ergo notitia sensitiua primo
246 285 952 334 esset vniversalis ⁋ Similiter idem experimentum est de furi
249 330 961 375 osis et fatuis et aliis carentibus vsu rationis. quod eo¬
247 372 953 429 dem modo procedunt in tali cognitione sicut pueri
237 421 964 476 et tamen non cognoscunt vniversale. Similiter idem patet de ha¬
247 461 956 518 bentibus notitiam intellectualem tam vniuersalis
253 503 965 564 quam singularis. quia frequenter aliquis intelligens
235 550 949 594 hominem in communi. et post intelligendo hunc hominem
247 592 950 644 siue per reflexionem. siue alio modo non curo modo
235 636 953 682 vocat multos homines eodem nomine. posterius autem
244 675 958 735 determinat vnum ob ab alio. et tamen tunc cognoscit
244 720 952 773 singulare. ergo causa istius diuersitatis non est. quia
247 770 953 824 primo intelligit vniversale et postea singulare. sed aliqua
238 816 953 866 alia erit causa. ⁋ Ideo dico quod primo intelligitur
229 856 951 913 singulare sicut primo sentitur singulare. tamen aliqua
241 899 947 948 cognitio singularis tam sensitiua quam intellectiua
234 946 953 992 siue partialiter siue totaliter est sufficies ad discernem
238 986 952 1042 dum apphensum ab alio. ⁋ Et aliqua non est suffi¬
232 1036 950 1088 ciens ad disernendum. nisi forte a paucis. et ali¬
237 1077 952 1127 quando vna res potest discerni a paucioribus et alia
229 1119 950 1180 a pluribus. Uerbi gratia. Agnus per notitiam sensi
232 1162 956 1211 tiuam discernit ouem a lupo et a boue et asino.
232 1208 953 1271 et tamen non discernit hanc ouem ab illa. Similiter aliquando
235 1248 950 1307 statim discernit ouem albam a nigra. et tamen vnam
226 1301 953 1350 ouem albam non discernit ab alia oue alba. et tam
223 1337 945 1391 dem vltimo discernit matrem ab omni alia. Sminia
223 1384 938 1438 illa nobis innotescunt per effectus. quia videmus quod
226 1426 941 1480 agnus primo sequitur omnem ouem et non bouem nec
226 1469 949 1532 asinum. postea quod sequitur omnem ouem talis vel talis con¬
229 1514 950 1573 loris. postea quod sequitur ouem hanc determinatam.
216 1556 939 1613 hoc autem non contigeret nisi variaretur ipsius cogni¬
220 1601 935 1654 tio sensitiua. cum cognitio sensitiua sit principium
220 1642 947 1698 motus progressiui in talibus. Et ratio huius est. quia
228 1684 935 1736 potentia apphensiua creata non potest discernere
229 1730 950 1784 vnam ab alia. nisi propter aliquam dissimilitudinem ali
230 1773 941 1826 quorum dissimilium apprehensorum. siue sit dissimili¬
219 1817 931 1864 tudo in qualitatibus siue in figuris. siue in situ in
220 1855 935 1908 ter aliqua talia inter quae est talis dissimilitudo. Et
216 1902 929 1949 ideo quia non statim cognoscit distincte omnia talia
217 1948 929 2003 non potest statim discernere vnum ab alio. Similiter
214 1995 928 2041 quamuis aliquando habeat distinctam notitiam de vno
211 2036 947 2085 singulari. tamen de alio singulari quo debet primum
211 2079 937 2133 singulare discernere non habet distinctam notitiam
219 2124 926 2177 et ideo poterit esse tanta similitudo multis inter
205 2165 939 2228 illa quod notitia distincta vnius et notitia confusa.
217 2209 926 2264 alterius non est sufficiens ad discernendum vnum
209 2250 935 2304 singulare ab alio. et tamen semper cognoscitur singula¬
211 2300 919 2357 re. Qualiter autem notitia ista differt a notitia ap
216 2341 925 2393 prehensiua. vel an sit eadem simpliciter alias patebit
228 2380 925 2430 ⁋ Si dicatur quod hoc est contrsi processum philosophid st phpi. quae di¬
211 2429 928 2481 cit quod nobis manifestissima sunt et certa confusa
220 2480 938 2534 magis. ⁋ Secundo dicit quod ex vniversalibus in singulare
220 2517 928 2567 oportet deuenire. Similiter ad hoc videtur esse ratio
210 2563 938 2633 sua. Uidetur enim sic arguere. sicut totum se habet
1066 193 1774 244 ad sensum. ita vniversale est quoddam totum se habens ad
1063 238 1766 302 intellectum. sed totum est notius secundum sensum. ergo vniversale
1054 286 1769 341 secundum intellectum. Similiter commem. consemene. x. dicit quod oportet
1066 330 1760 378 nos procedere de rebus vniversalibus ad particulares
1057 378 1768 429 Similiter ibidem. necesse est vt vniversale intelligibil vniversaliter
1059 418 1762 467 sit notius particulari quod est sub illo. ⁋ Ad ista
1062 466 1766 516 dico quod equiuocatio est de communibus. et similiter est
1059 507 1760 555 equiuocatio de notitia magis vniversalis. ⁋ Unde dico
1059 552 1769 604 quod comuneest duplex. Quoddam est commune per praedicatio ¬
1051 597 1769 639 nem essentialem. quia scilicet de pluribus predicatur in
1053 642 1759 695 quid et per se primo modo quam aliud. et isto modo animal est
1051 678 1772 737 communius quod homo. et corpus quam animal. Aliud est com
1045 722 1756 776 munius non per praedicationem in quid et per se primo
1057 771 1763 825 modo. sed per praedicationem denominatiua et quasi
1044 815 1760 871 per se secundo modo. et isto modo motus localis est
1054 857 1768 913 quid communius quam color vel coloratum. quia in pluribus
1053 902 1768 956 inuenitur motus localis quam color. quia omne colora¬
1045 947 1759 991 tum potest moueri localiter. et non omne mobile loca¬
1051 985 1772 1046 liter est coloratum Sic etiam potest dici quod lucidum
1042 1037 1766 1085 est communius quam coloratum. quia in pluribus inuenitur.
1044 1074 1766 1139 Similiter equiuocatio est de notitia vniversalioris. quialque
1045 1123 1757 1167 dam est notitia complexa et quedam incomplexa.
1047 1163 1768 1222 ⁋ Similiter aliquod incomplexum esse prius notum alio.
1047 1205 1765 1259 potest intelligi dupliciter. vel quia hoc potest esse prius
1050 1252 1769 1306 notum. quia est potentia propinqua ad notitiam alteri
1038 1295 1768 1351 us. vel quia necessario est notum ante notitiam alte
1047 1334 1748 1392 rius. ita quod sequatur. aliquid est notum. ergo hoc es
1044 1380 1756 1434 notum et non ecouerso. ⁋ Per hoc respondendo ad ar¬
1048 1426 1760 1479 gumenta dico quod intentio philosophi et commen. ibidem est
1045 1471 1754 1524 dare ordinem libri phi. ad alios libros naturales
1039 1514 1754 1560 qui scilicet illa complexa de quibus tractatur in libro phi
1041 1558 1763 1614 sicorum sunt de vniversalibus vel primo modo vel secundo
1036 1598 1766 1652 modo. et talia vniversalia sunt prius nota. quamuis sint ali
1047 1644 1757 1700 qua propria. et hoc loquendo de prius noto primo modo
1044 1688 1747 1743 et ideo vt in pluribus et communitati hominium sunt faci¬
1041 1728 1757 1787 lius nota. et ideo quia in tradendo scientiam aliquam.
1028 1776 1751 1823 procedendum est eo ordine quo communitas audi¬
1041 1815 1757 1877 torum facilius et melius potest eam addiscere. Ideo.
1035 1862 1741 1915 in scientia naturali incipiendum est ordine doctrine
1036 1907 1745 1961 ab vniversalioribus tam primo modo quam secundo quamuis ali
1036 1946 1745 2000 quibus vel forte multis aliqua particularia sunt
1021 1987 1748 2037 faciliora et notiora quam magis vniversalia. Uerbi gratia.
1035 2034 1742 2093 quicumque potest apprehendere aliquid sensibile po¬
1036 2078 1744 2131 test habere aliquam notitiam de motu. quia con¬
1032 2131 1748 2182 gnitio cuiuscumque sensibilis sufficit ad notitiam
1026 2162 1741 2225 motus. Similiter cognitio albediins et nigredinis
1033 2211 1742 2260 sufficit ad notitiam coloris. vniversaliter quaecumque due species
1042 2255 1744 2298 coloris sufficiunt ad notitiam coloris. et ita quaecumque
1036 2297 1743 2355 apprehendit aliquas duas species coloris est in poten¬
1032 2341 1742 2390 tia propinqua ad habendum notitiam de colore. et
1026 2385 1748 2432 tamen a multis potest haberi notitia coloris. sine
1025 2428 1735 2479 potentia propinqua ad notitiam istarum specierum
1035 2472 1744 2527 determinatarum vel illarum. sicut patet in aliis. quia
1026 2514 1748 2573 omnes homines habent notitiam de animali et de proprie
1020 2553 1745 2614 tatibus animali communibus. et tamen de multis
