2227 3061
413 188 1126 278 sitionem diuersam. lvper non dicit circumstantiam
426 247 1129 320 alicuius informantis illam potentiam vel alicuius
413 300 1138 352 existentis in ea. sed magis dicit circumstantiam
413 340 1138 401 cause extrinsece. Et ita dicit Comme. quod dispo
419 383 1129 443 sitio diuersa est per quam intelligit. quemadmodum
413 421 1140 491 sensus communis aprehedit alietatem inter sensibilia
432 463 1139 539 per disponem diuersam scilicet per sensus particulares. hoc
426 510 1129 572 est per actus cognoscendi iporum sensuum particula¬
426 552 1132 616 rium. qui sunt vere cause efficientes actus illiur
422 598 1142 661 sensus communis. per istam propositionem omne absolutum ne¬
413 647 1136 710 cessario requisitum ad esse alicuius habet rationem
416 689 1132 749 cause respectu illius in aliquo genere cause. vel est
419 728 1149 794 causa cause. Et de ista diuersa dispone intelli¬
416 775 1148 845 git Comme. et philosophus. et non de prima. nisi quando praesup¬
431 819 1147 887 ponit istam secundam. Exemplum secundi est de vniuer¬
428 858 1147 933 sali et singulari sensibili. quia sicut frequenter dictum
431 912 1146 969 est. nec vniversale est de esentia singularis nec econuer
428 951 1141 1019 so. et tamen vniversale non potest intelligi nisi presupposita
428 994 1147 1062 cognitione singularis sensitiua. et ideo intelligit
428 1038 1148 1109 vniversale et singulare et alietatem inter illa per aliam virtu¬
420 1088 1153 1154 tem vel disponem diuersam. et illa dispositio di¬
432 1126 1157 1192 uersa est sensus et actus cognoscendi sensus per
437 1171 1144 1235 quem intelligit singulare sensibile et per seipsum
429 1217 1146 1277 intelligit vniversale. et eodem modo est de indiuiduo et
432 1260 1148 1320 de forma quae est pars eius substantialis. quia forma
431 1302 1150 1370 substantialis nullo modo potest cognosci. nisi praesumposi
429 1351 1160 1413 ta notitia singularis. quod tamen indiuiduum non est
449 1390 1154 1462 pars forme. ideo necesse est quod intellectus compr
437 1444 1142 1496 hendat ista. vel per diuersas virtutes. vel per dispon
438 1483 1152 1547 sitionem diuersam. et illa dispositio diuersa erit:
439 1520 1159 1592 actus sentiendi. per quem tanquam per causam respicien¬
441 1571 1145 1630 tem illud idem pro obiecto intellectus intelligit ipsum
443 1611 1147 1678 indiuiduum. et postea per seipsum nullo alio actu co
437 1654 1160 1725 gnoscendi respectu illius forme concurrente cogno¬
438 1699 1161 1761 scit ipsam formam. Et hoc expresse innuit commem.
432 1740 1162 1805 dicens sic. Cum determinatum suerit quod entia sen
440 1783 1166 1852 sibilia diuiduntur in duplex esse. scilicet in hoc singula¬
446 1832 1159 1892 re et in suam formam. necesse est vt virtus experi¬
441 1871 1154 1940 mentatiua s comphensiua comprehendat ea. aut
436 1914 1155 1986 per duas virtutes aut per vnam. sed duabus disponnibus
432 1965 1160 2033 diuersis. Cum duabus autem virtutibus erit cum com
446 2001 1157 2076 prehenderit vtrumque istorum per se scilicet formam singula
455 2055 1155 2119 rem et indiuiduum singulare per vnam vero virtutem
447 2092 1162 2163 et dispositionem diuersam erit. quando compraehende¬
450 2134 1163 2198 rit alietatem que est inter has duas intentiones.
443 2183 1167 2248 Et sequitur. Comprehendit enim semper intellectus
444 2234 1162 2290 formam per se. et comprehendit indiuiduum mediante
450 2270 1169 2332 sensu. ergo per illam disponnem diuersam intelligit
450 2312 1168 2376 ipsum actum sentiendi. per quam tanquam per causam efficietem
465 2358 1153 2421 intelligit ipsum indiuiduum et hoc est intelligendi
462 2400 1170 2463 de prima apphensione ipsius indiuidui sensibilis
458 2450 1166 2517 ⁋ Si dicatur quod hec auctoritatas est ad oppositum. primo
455 2488 1162 2560 qui dicit quod sensibile diuiditur in duplex esse. scilice
461 2531 1165 2608 in singulare et suam formam. sed nihil diuiditur in seipsum
461 2583 1168 2653 ergo per singulare et suam formam non intelligit totum in
464 2627 1156 2703 diuiduum et suam partem. sed intelligit vniversale et ingula
1223 189 1971 254 ⁋ Preterea dicit quod quando comprehendit vtrumque istorum
1241 234 1955 303 per se. tunc comprehendit ea duabus virtutibus. sed cer¬
1241 278 1961 338 tum est quod comprehendit formam per intellectum. ergo quando con
1244 324 1948 390 prehendit per seipsum singulare comprehendit ipsum pre
1247 370 1957 426 cise per sensum. et per consequens non comprehendit singulare
1248 408 1955 467 ante vniversale vel ante formam. sed iste videtur esse processus
1241 454 1954 520 quod primo anima comprhendit singulare per sensum. et
1241 498 1960 567 postea vniversale per intellectum et deinde comphendit per
1251 545 1955 599 intellectum alietatem inter singulare et suam formam
1248 586 1966 645 vel vniversale. Unde dicit consequene. necesse est vt anima compr
1253 629 1957 689 hendat has duas intentiones per virtutem diuersam
1253 674 1979 735 et comprhendit alietatem esse per vnicam virtutem.
1257 718 1961 790 ⁋ Ad primum istorum dico quod ista sensibilia non proprie
1251 768 1959 822 diuiduntur in tale duplex esse. sed intelligit quod entia
1246 812 1963 868 sensibilia sunt quedam singularia et non tantum sunt
1256 853 1963 910 singularia sed etiam habent formam substantialem et accidentia
1241 901 1966 957 sensibilia per se. per que intelligit ipsam materiam.
1247 939 1966 1002 vel potius per indiuiduum et per materiam intelligit
1250 983 1963 1050 consequentie. et etiam philosophus ipsamet accidentia sensibilia. et
1248 1028 1976 1087 tunc intelligendum est quod entia intelligibilia quae sunt
1254 1071 1963 1132 vere indiuidua et singularia in genere substantiaehabent ad
1248 1117 1964 1178 cidentia per se sensibilia. propter quae ipsa subiecta di¬
1256 1156 1960 1218 cuntur sentiri. saltem per accidens et habent formas substam
1254 1203 1972 1261 tiales et ille forme substantiales non possunt cognosci nisi¬
1262 1247 1963 1314 praesupposita notitia sensibilis inquantum sensibile
1254 1293 1972 1353 est. et tamen neutrum est pars alterius. nec
1255 1337 1980 1394 essentiale alteri. Et ideo necesse est quod anima
1264 1381 1978 1438 comprehendat has duas intentiones. vel per
1251 1429 1984 1481 duas virtutes vel per dispositionem diuersam
1248 1465 1980 1525 modo exposito. Et quod ista sit eorum intentio videtur sa
1257 1509 1980 1566 tis euidens. quia nisi loquantur de perse sensibili ni¬
1259 1550 1979 1614 hil valet ad propositum eorum loqui de sensu. Similiter
1269 1595 1978 1661 ipsa materia substantialis non plus est sensibilis quam for
1260 1640 1978 1704 ma substantialis. ergo non cognoscitur sensu. nec fac ad
1266 1683 1982 1751 notitiam forme. sed magis econuerso. Similiter hoc dicit
1257 1728 1995 1791 philosophus. quia dicit quod sensitiuo calidum et frigidum iudi¬
1267 1771 1981 1828 cat super anima. quorum ratio quidem est caro. ergo intel¬
1263 1817 1995 1874 ligit de per se sensibilibus. ⁋ Si dicatur quod philosophus vult
1268 1857 1981 1924 quod illa forma quam iudicat intellectus est hoc in hoc.
1270 1909 1985 1960 ergo per illa duo opposita obiecta. quorum alie¬
1262 1946 1982 2013 tas debet apprehendi ab intellectu intelligit sor¬
1264 1993 1988 2051 mam et illud in quo est forma. sed forma non est in
1266 2035 1999 2096 accidentibus sed in materia substantiali. ⁋ Respon¬
1266 2078 1984 2137 deo quod loquitur de forma substantiali quae vere est in
1270 2123 1994 2181 materia substantiali. sed praeter illam materiam sunt acciden¬
1263 2166 1999 2225 tia per se sensibilia a sensu. quorum cognitio praesup¬
1278 2218 1991 2267 ponitur cognitioni ipsius forme substantialis. et inter illa
1265 2254 1985 2325 primo iudicat intellectus alietatem. Et si diceretur
1281 2309 1985 2370 quod omnia accidentia sensibilia sunt in forma sicut in
1266 2343 1990 2401 subiecto primo. tunc propter hec per materiam intellige¬
1269 2386 1986 2447 ret ipsa accidentia ipsius materie quae sunt per se sen¬
1269 2436 1985 2496 sibilia. ⁋ Ad secundum dico quod commen. intelligit de pri¬
1278 2475 1991 2540 mis cognitionibus ipsorum sensibilium et ipsius for¬
1278 2518 1991 2580 me. quia quando anima primo comprehendit sensibile singula
1276 2572 2000 2621 re. comprehendit illud per sensum et postea comprehen¬
1272 2617 1991 2671 dit formam per intellectum. Sed quando comprehendit alie
