2276 3075
304 247 1025 325 complexa est causa notitie prime alterius incompse¬
304 312 1016 369 xe. sicut dictum fuit in prologo. et maxime non est causa
305 353 1013 417 sufficiens cum intellectu. et aliis quae requiruntur a par¬
288 398 1018 458 te potentie. siue sit causa partialis cum obiecto si¬
291 439 1008 499 ue non.  ⁋ Secundo modo vna res incomplexa mediante
295 493 1010 541 notitia sua. potest esse causa partialis rememora¬
300 527 1016 592 tionis alterius rei habitualiter note. ita quod noti¬
287 582 1012 641 tia habitualis necessario concurrit in ratione causae per¬
289 619 1004 681 tialis. Et tale sic cognitum potest vocari repraesenta
300 667 1003 727 tiuum alterius. nec est aliquid aliud proprie reprasen
286 708 1010 768 tatiuum. et isto modo tam vestigium quam ymago re¬
289 753 1002 821 presentant illud cuius sunt vestigium. vel ymago.
291 797 1000 846 Per experientiam enim patet. quod aliquis nullam penitus
273 836 992 901 habeat cognitionem de hercule. si videat statuam
277 881 985 948 herculis. non plus cogitabit de hercule quam de sor¬
289 933 988 993 te. Si autem primo videat herculem. et retineat no¬
280 973 996 1034 titiam herculis. et postea videat statuam sibi simi¬
277 1011 988 1080 lem quantum ad aliqua accidentia exteriora. virtute
280 1057 986 1132 illius visionis statue. etiam posito quod numquam prius
270 1101 999 1169 eam vidisset recordabitur de hercule. quamuis non semper
274 1153 995 1213 propter imperfectionem similitudinis. vel propter ali¬
277 1197 993 1258 quem alium defectum. et ita est de vestigio. quod si ali¬
271 1233 995 1299 quis videat vestigium bouis. recordabitur de bo¬
270 1281 980 1348 ue habitualiter cognito. Sed si prius numquam ha¬
270 1320 989 1392 buisset aliquam notitiam de boue. non plus recor¬
261 1371 974 1436 daretur de boue quam de asino. ⁋ Et isto sequitur quod
264 1407 989 1479 aliqua possunt se mutuo repraesentare. quia vtrumque po¬
258 1453 981 1521 terit indifferenter causare recordationem alterius
278 1494 985 1565 Patet si sint duo homines multum similes. qui sint no¬
251 1537 977 1605 ti aliquibus hominibus per experientiam patet. quod quo¬
258 1583 981 1655 cunque illorum viso ab aliquo habente notitiam vtri
251 1627 978 1696 usque. statim poterit cogitare de alio et ita mutuo
255 1672 981 1741 se representabunt tali habenti notitiam vtriusque
246 1713 974 1779 Similiter. si alter illorum puta sortes esset habitua
255 1756 962 1823 liter notus iohanni. et inciperet videre platonem
252 1807 963 1872 multum similem sorti. inciperet cogitare de sorte.
242 1847 962 1918 propter similitudinem platonis modo primo visi a
239 1869 958 1953 Iohanne. quod tunc non faceret nisi videret plato
234 1929 980 2006 nem. Et eodem modo esset econuerso. Si aliquos ha¬
238 1975 968 2051 beret habitualem notitiam de platone. et incipe¬
240 2019 953 2092 ret primo videre sortem. et ita sortes et plato mu¬
235 2069 956 2137 tuo se representarent ⁋ Tertio conueniunt in hoc.
244 2111 945 2172 quod vestigium et ymago et natura sua non plus re¬
238 2156 951 2221 praesentant vnum indiuiduum. quam aliud indiuiduum sibi
241 2201 953 2264 simillimum. quod autem aliquando representant vnum indiui¬
237 2239 948 2311 duum. et aliquin aliud. hoc est propter hoc. quod non in
231 2288 947 2356 uenitur aliquod indiuiduum sibi simillimum. Et ita
229 2334 948 2405 patet falsitas illius opinionis quae dicit. quod ymago
227 2379 948 2438 repraestentatur sub ratione indiuidui. et vestigium sub ratione
225 2425 948 2488 vniversalis. Cuius ratio est. quia ymago Iouis non repraesentat
229 2463 952 2526 cesarem. quia illa ymago non equaliter assimilatur Ioui
219 2504 946 2573 sicut cesari. Si tamen iupitur et cesar essent simillimi.
229 2546 939 2614 ita quod aliquis non posset discernere vnum ab alio
219 2592 938 2665 sicut vidi de aliquibus. tunc illa ymago non plus
210 2640 931 2700 repraesentaret Iouem quam cesarem. Quia equalitur assimila¬
1123 274 1820 353 retur illis. Unde sicut vnus habens notitiam
1113 317 1827 385 habitualem cesaris. visa illa ymagine recorda¬
1119 374 1824 445 retur de cesare. ita alius habens notitiam habitualem
1110 409 1824 482 Iouis. visa illa ymagine recordaretur de Iove.
1117 468 1820 528 et eodem modo est de vestigio. quod si vnus bos ha
1110 499 1820 569 beret pedes omnino dissimiles ab aliis pedibus
1102 542 1820 616 aliorum bonum. vestigium derelictum ita distincte re
1110 591 1814 657 presentaret cognoscenti distinctionem illius pedis
1109 642 1826 700 ab aliis pedibus hunc bouem. sicut modo de facto
1105 678 1812 747 ymago herculis repraesentat habenti notitiam distin
1101 730 1815 793 ctam de hercule ipsum herculem et non iouem. In istis
1102 773 1811 839 ergo et in quibusdam aliis conueniunt vestigium et
1104 814 1824 870 ymago. ⁋ Sed differunt vestigium et ymago. quia de
1086 867 1824 925 ratione vestigii est. quod sit causatum ab illo cuius est
1092 909 1814 973 vestigium. sicut patet inductiue. quia dicitur esse derelictum
1086 955 1802 1008 ex alio. De ratione autem ymaginis non est quod sit cau
1089 988 1814 1059 sata ab illo cuius est ymago. sicut ymago her¬
1080 1038 1803 1100 culis sufficit quod causetur ab alio quam ab hercule.
1096 1072 1797 1144 Ex ista differentia sequitur quod vestigium nisi sit impedi
1092 1120 1799 1188 mentum ducit non tantum in notitiam recordatiuam illi
1089 1165 1800 1231 ius cuius est. sed etiam ducit in notitiam comple¬
1077 1211 1800 1277 xam alicuius veritatis contingentis de ipso. Uerbi¬
1083 1253 1794 1319 gratia vestigium bouis non tantum facit recordari de bo
1087 1300 1790 1368 ue habitualiter noto. sed etiam ducit consequenter in noti¬
1083 1336 1790 1409 tiam vel in credulitatem istius contingentis. quia
1077 1378 1794 1453 bos hac transiuit. quamuis posset errare. quia posset
1080 1422 1792 1488 imprimi pes amputatus. Ex isto patet falsitas
1080 1470 1795 1535 opinionis dicentis quod vestigium non ducit in cogni¬
1075 1514 1787 1583 tionem totius nisi arguitiue. quia facit particula¬
1074 1559 1794 1628 riter recordationem tam de parte quam de toto. quia ali
1078 1599 1787 1668 quis nec cogitans de pede nec de boue toto. vi¬
1069 1641 1790 1716 dens vestigium pedis. statim incipit recordari tam
1071 1687 1772 1757 de boue quam de pede. et statim incipit assentire
1070 1729 1787 1798 huic quod bos hac transiuit. et ita recordatio in¬
1071 1777 1779 1853 complexa bovis. non habetur arguitiue. quamuis
1068 1815 1773 1890 illa veritas contigens non crederetur nisi arguitiue
1065 1859 1775 1934 ymago autem quia non est neccessario causata ab illo cu
1059 1905 1774 1976 ius est ymago. ideo non ducit regulariter in noti¬
1057 1956 1775 2018 tiam alicuius veritatis contingentis de illo cuius
1068 1991 1771 2063 est ymago. nisi sorte recordatiuam de qua non est
1060 2045 1758 2113 modo sermo. ⁋ secundo dico quod vestigium prout vna
1059 2088 1758 2154 creatura dicitur vestigium alterius tripliciter accipitur.
1057 2124 1763 2193 Uno modo large et sic vestigium est effectus dere¬
1052 2165 1761 2238 lictus ex aliqua causa determinate speciei. vel
1048 2211 1758 2293 saltem determinati generis. rememoratiua ipsius
1044 2258 1763 2334 ducens ex communi lege in adhaesonem alicuius
1042 2314 1749 2370 propositionis contingentis enunciantis essc vel fu
1046 2351 1764 2415 isse. vel aliquid tale de illa causa. Et isto modo
1039 2393 1754 2460 fumus derelictus ex igne vel combustio vel adu
1041 2432 1747 2503 ustio derelicta potest dici vestigium ignis. Simii
1036 2478 1740 2546 liter odor aliquando derelictus ex animali trans
1032 2531 1742 2590 eunte dicitur vestigium illius animalis. Et sic est
1032 2569 1739 2634 vna qualitas causata siue vniuoce siue equi¬
1032 2613 1751 2679 uoce non est cura. siue etiam quodcunque dere¬
1026 2654 1741 2728 lictum siue sit proprie causatum siue. non. ex cuius
