2247 3077
258 214 971 275 stincte ab aliis in aliquibus accidentibus suis sibi
258 268 971 317 dissimilibus repraesentans. Uerbi gratia. quando lignum
268 313 975 367 formatur ad similitudinem herculis vt habeat consimilen¬
252 356 965 414 figuram. qualem habet hercules et colores consimiles
261 406 974 450 eiusdem speciei. propter quae facit cognoscentem venire in
255 449 968 498 recordatione ipsius herculis. secundum quod est alius ab
259 494 967 541 aliis hominibus qui non habent consimilia accidentia. Et
249 534 958 582 isto modo ymago non est primo similitudo totius
258 579 964 634 sed est primo similitudo accidentis. quia accidentia sunt
258 630 970 675 eiusdem rationis in eis. sed substantia non est eiusdem
250 666 959 712 rationis. sed distincta specie. Unde hercules est
249 709 968 759 statua habent consimilia accidentia. sed non habent consimiles
249 753 972 805 substantias sec specie distinctas. Et sic accipien
244 799 964 846 do ymaginem. de ratione ymagis est quod fiat ad imi¬
249 846 970 896 tationem illius cuius est ymago. hoc tamen non competit si
243 889 959 948 bi ex natura sua. sed tantum ex intentione agentui. quia
248 931 955 985 posset simpliciter fieri non ad imitationem ipsius. Alio
256 978 965 1023 modo accipitur ymago pro tali formato siue fiat
253 1021 967 1068 ad imitationem alterius siue non. Tertio modo acci¬
255 1064 956 1121 pitur pro omni vniuoce producto ab alio. quod secundum
250 1110 972 1159 rationem siue productonis producitur vt simile. et isto modo fili
253 1155 962 1206 us potest dici ymago patris. ⁋ Circa primum principa¬
250 1194 958 1244 le videndum est primo. in quo consistat ymago cre
256 1240 971 1291 ata. Secundo quo se habet ad trinitatem increatam cu¬
249 1281 968 1331 ius est ymago. ⁋ Quantum ad primum est opinio communis.
253 1329 955 1386 quod partes ymaginis sunt ipse potentie anime. ita quod
245 1378 962 1425 ymago consistit in menoria intelligentia et volunta¬
249 1421 959 1462 te. vel saltem illa est euidentior assignatio ymagi
246 1455 958 1507 nis et non est in actibus secundis. saltem principaliter
243 1499 953 1556 hoc potest probari. quia vbi est maior consubstantiali
246 1546 964 1602 tas et maior perpetuitas et maior conformitas ibi
246 1587 962 1638 ponenda est ymago. sed in potentiis est maior con
241 1636 953 1687 substantialitas. quia siue sint accidentia siue non. imme
237 1679 967 1724 diatius se habent ad essentiam anime. Est etiam maior per¬
244 1723 953 1774 petuitas. quia semper manent. non sicut actus nec ha¬
247 1765 956 1818 bitus quicumque. Similiter est in eis maior conformitas
244 1812 953 1855 qui est ibi distinctio et ordo. sine productione de po¬
252 1853 956 1901 tentia ad actum. ⁋ Sed ista opinio non videtur esse
249 1898 954 1949 vera. quia non sunt in anima tales tres potentie. quia sicut
240 1938 940 1988 declarabitur in secundo nulla est distinctio praeuia in
242 1984 953 2038 ipsa substantia anime. ante distinctionem actuum secum
244 2027 947 2076 dorum productorum. ergo non sunt ibi talia tria qua
234 2070 944 2125 repntant diuinas personas. ⁋ Preterea. quando aliquid
241 2116 938 2167 ponitur ymago alicuius propter distinctionem in yma
243 2163 941 2220 gine corresponden ter distinctioni in illo cuius est yma
240 2208 937 2256 go tanta debet esse distinctio inter partes ymagis quanta¬
237 2246 942 2299 i illo cus ymago. sed inter personas diuinas est distinctio
238 2297 951 2347 realis. non inter potentias anime. ergo propter distinctionem po¬
235 2335 940 2395 tentiarum non est ponenda in anima ymago. ⁋ Ideo
240 2379 946 2424 dico aliter ad questionem. Primo enim quo anima vel
231 2417 950 2475 creatura rationalis plus dicitur vunu ago dei quam aliqua
240 2463 947 2518 aliacreatura. Secundo ratione cuius vel quorum est yma
233 2514 943 2571 go ⁋ Circa primum dico quod cum pateat ex predictis
246 2555 950 2611 quod ymago secundum quod inuenitur in creaturis dicitur propter
238 2598 951 2658 oformitatem alicuius eiusdem rationis in illo cuius est
1068 223 1786 275 ymago. et in ymagine. quod natum est ducere in re¬
1077 272 1784 319 cordationem illius cuius est ymago. illa creatura
1071 313 1780 359 maxime proprie dicetur ymago dei. quai habet aliquid
1072 358 1782 413 deo simillimum. ita quod est praecise commune vniuocum deos.
1071 394 1775 449 et illi creature. et quia creatura rationalis est huiusmodi¬
1067 444 1787 498 ideo ipsa sola dicetur ymago dei. quod autem ipsa sola sit
1068 490 1780 534 talis. Patet. quia nihil est commune vniuocum deo a cui¬
1068 529 1775 588 cumque creature. siue etiam sit proprie vniuocum. siue
1071 578 1772 632 non. quin potest competere creature rationali. Patet enim quod
1066 624 1787 670 entitas non dicitur vniuoce de deo a creatura ir¬
1053 665 1775 711 rationali quaecumque tantum. sed etiam de creatura rationali. et
1065 708 1776 761 ita est vniversaliter de omnibus quae dicuntur secundum proprietatem. et
1057 755 1775 806 non tantum secundum similitudinem. et hoc loquendo de illis quae con¬
1066 794 1781 853 notant aliquem effectum particularem. Patet enim quod sicut
1053 841 1787 894 forma. pulchritudo et bonitas. veritas. causa¬
1069 889 1772 937 tiuum. perfectio. competunt deo et quibusdam creaturis
1063 930 1770 978 irrioionabilibus. ita competunt creaturis rationabilibus
1066 973 1766 1028 multa autem conuenientia deo non tantum secundum similitudinem.
1062 1021 1775 1067 sed etiam secundum proprietatem. sunt praecise communia deo a crea
1053 1069 1773 1118 turis rationabilibus. sicut est esse intellectuale. posse in
1057 1105 1769 1159 telligere. posse velle. misericordia. iustitia. sa¬
1053 1158 1766 1202 pientia. et sic de aliis multis. Et ideo sic creatura
1056 1198 1770 1252 rationalis maxime assimilatur deo. Unde si per impossibile
1062 1235 1772 1287 sapientia. verbum. dilectio. et huiusmodi essent accidentia
1060 1281 1763 1327 tam in deo quam in creaturis. tunc substantia rationalis creata
1062 1326 1775 1379 producta et formata secundum talia accidentia ad ymaginem
1065 1367 1766 1416 vel similitudinem dei. secundum sua accidentia. sicut modo a
1048 1411 1778 1464 tifex sormat statuam figura coloribus et ceteris ac
1053 1455 1772 1510 cidentibus ad similitudine herculis et accidentium her
1056 1499 1769 1551 culis. illa inquam substenta creata haberet accidentia
1059 1543 1775 1591 eiusdem rationis cum accidentibus dei. et ita vere esset
1056 1589 1766 1641 ymago ducens in recordationem dei. sicut modo sta¬
1063 1641 1763 1689 tua ducit in recordationem herculis. Et ideo. quia
1054 1677 1765 1722 ita vere et eminentius et ita proprie deus est sapientia.
1053 1712 1756 1774 persona. verbum. dilectio. misericordia et veritas
1057 1767 1762 1814 et sic de aliis. sicut si ista essent accidentia in deo. et ita
1063 1806 1756 1854 vere sicut in creatura rationali sola. ideo creatura ratio
1051 1854 1765 1906 nalis sola potest dici aliquo modo ymago dei. quamuis
1053 1895 1768 1954 non ita perfecte: sicut si essent accidena tam in deo quam in
1060 1941 1780 1991 creatura. ⁋ Circa secundum dico quod ymago dei imper
1052 1982 1766 2042 fecta et quasi radicaliter et originaliter consistit in ipsa
1045 2033 1761 2086 anima. secundum suam substectam. Uerutamen perfectio ymaginis
1048 2073 1766 2117 completiue consistit in ipsa substantia anime et duobus actibus
1047 2116 1766 2168 productis. Primum patet. quia secundum Augustinum. xiiii. de
1044 2164 1771 2211 trinitate. c. viii. eo est anima ymago dei. quo ca¬
1060 2208 1754 2265 pax eius est. particepsque esse potest. ita quod de quocumque
1047 2255 1772 2309 verificatur hoc quod est capax dei. et posse eius esse parti
1048 2288 1755 2347 ceps. de eo verificatur ymago. ergo sicut hec est vera
1057 2344 1765 2397 anima secundum suam subsiectam est capax dei et potest esse particeps
1044 2386 1748 2438 eius. ita hec est vera. anima secundum suam subiectam est ymage
1056 2430 1776 2484 dei. ⁋ Si dicatur quod anima non est capax dei nisi per
1054 2474 1762 2524 actus intelligendi et volendi. ergo nec est ymago dei.
1051 2516 1775 2564 nisi per actus tales. ⁋ Respondeo quod per potest dicere cir¬
1041 2558 1754 2607 cumstantias subiecti vel denominati tali denominatione
1041 2600 1753 2654 vel potest dicere circumstantiam connotati sine quo
