2238 3084
255 267 966 333 rans. ⁋ Secundo sic. non minus est diuina essentia
243 320 958 373 ratio gnerandi quam forma in creaturis est ratio agendi.
243 371 971 421 sed quia forma in creaturis est ratio agendi vere dicitur
256 408 970 459 forma esse agens. ergo eodem modo quia essentia di¬
256 453 971 506 uina est ratio gnerandi. vere dicitur generans. Maior
250 505 965 557 videtur manifesta. quia nihil est quod possit vere esse
247 544 970 591 ratio generandi nisi essentia diuina. Probatio mi
247 592 969 644 noris. tum quia illud quo posito potest poni actio. et
247 632 956 687 quo non posito non potest poni actio est vere agens
243 669 958 734 sed posita forma potest poni actio. et ipsa amota
244 716 952 782 quocumque alio posito non potest poni actio. ergo
247 763 953 825 pria forma vere est agens. Tum quia agere conuenit
235 814 948 876 alicui primo et non conuenit primo subiecto. nec ag
241 853 956 913 gregato ex forma et subiecto. quia tunc nihil
235 900 954 955 posset agere nisi subiectum. vt tale aggregatum.
229 946 953 993 quod est manifeste falsum. quia ipsa forma sepa
229 987 962 1037 rata poterit agere. Tum quia accidens separatum
229 1024 959 1087 vere agit. ergo quando est coiunctum vere aget. Tum quia
235 1075 944 1125 agere conuenit subiecto per formam. ergo verius co¬
238 1116 959 1177 petet ipsi forme. Tum quia intellectus intelligit
238 1153 954 1214 ecundum beatum augustinum. ergo eadem ratione forma agit
223 1201 946 1256 Tum quia aliter pars non dicetur moueri. quia nihil
229 1245 945 1300 posset agere. nec per consequens pati nisi subiectum vel
241 1295 945 1353 compositum. ⁋ Tertio sic. quandocumque aliqua sunt idem
228 1336 951 1394 omnibus modis ex natura rei. de quibuscunque dicitur
229 1376 936 1438 vnum et reliquum. sed generare et prnitas sunt idem
223 1422 936 1489 omnibus modis ex natura rei. ergo si essentia de est
226 1467 935 1531 paternitas. essentia diuina vere generat. ⁋ Quarto
220 1511 933 1568 sic. essentia diuina est pater. ergo essentia divina gene
228 1556 930 1614 rat. Atecedens patet per praecedente questionem. consequentia patet
226 1600 932 1656 quia omnis pater generat vel genuit. ergo si essen
217 1645 926 1699 tia diuina est pater. vere generat vel genuit
229 1679 940 1741 Similiter si est pater. ergo est filii pater. sed non est pater filii
215 1724 935 1795 nisi quem generat. ergo generat filium. ⁋ Ad opposi¬
229 1773 926 1833 tum est magister in littera ⁋ Conclusio. in ista que¬
217 1811 932 1871 stione est certa quod essentia divina non generat nec
216 1856 929 1916 generatur. et est determinata per ecclesiam ex¬
205 1908 931 1956 tra de summa trini. et fide catholica. c. damna
217 1943 932 2002 mus. Sed diuerse rationes a diuersis assignantur.
208 1986 936 2050 Unde dicunt aliqui quod essentia non generat nec
216 2039 915 2097 generatur. quia essentia non potest supponere pro
211 2080 936 2134 supposito. et ideo ea que sunt propria personarum
219 2117 925 2177 quibus ab inuicem distinguuntur. non possunt essentie
220 2167 926 2222 attribui. significaret enim quod esset distinctio in est
210 2212 921 2273 sentia diuina sicut est in suppositis. ⁋ Contra
204 2249 924 2306 si ista ratio esset bona. hec esset falsa. essntia est
205 2299 919 2355 paternitas. quia paternitas est ita propria ipsi sup¬
214 2346 921 2397 posito sicut ipsum generare. et per consequens ita
208 2389 923 2435 significaretur distinctio in ipsa essentia divina sicut
210 2425 916 2487 in suppositis nisi aliud obstaret ⁋ Aliter dicitur quod haoc non
220 2470 927 2532 est concedenda quod essentia generat. et ratio logicalis
213 2520 922 2578 assignatur ista. quandocumque subiectum est abstractum
223 2564 920 2622 vltimata abstractione et praedicatum ex ratione sua
223 2608 925 2658 non potest predicari nisi formaliter. non potest
213 2651 920 2707 esse vera propositio nisi sit per se primo modo
1057 284 1778 347 subiectum est hic abstractum vltiata abstractione
1069 335 1776 391 et hoc praedicatum de ratione sua non potest praedicari nisi for
1072 374 1773 431 maliter. et modo inherentis. ergo propositio non potest esse
1065 421 1769 481 vera nisi per se primo modo. sed hec non est vera primo
1057 468 1773 520 modo: quia praedicatum non est de per se intellectu subiecti
1066 505 1774 561 omne enim quod dicitur ad aliud est aliquid praeter relati
1056 553 1766 611 onem. vii. Tho. et ita relatio non est infra conceptum
1063 593 1781 656 illius absoluti. Maior declaratur. in substantiis
1059 643 1774 692 est tantum vna abstractio. scilicet quidditatis a supposi¬
1056 680 1773 741 to proprie nature. quia substantiae non sunt nate concernere
1047 734 1766 788 aliquid alterius nature sicut humanitas abstrahitur. ex
1051 772 1761 829 ideo illud vt sic consideratum est praecise ipsum. quia cuilibet
1056 819 1769 865 alii extaneum. sicut dicit Auicenna. v. metha. equi¬
1050 858 1766 917 nitas est tantum equinitas et nihil aliud: sed in acciden
1051 903 1766 956 tibus est abstractio a suppositis alterius natu¬
1045 950 1776 1003 re primo dicendo albedo. Secunda ab indiuiduis. di
1051 993 1758 1050 cendo quidditas albedinis. In relatiuis sunt plu¬
1051 1038 1767 1100 res abstractiones. et sic patet quod vltia abstractio
1047 1084 1757 1137 est quidditatis absolutissime sumpte ab omni eo
1057 1121 1759 1171 quod est quocumque modo extra rationem quidditatis. Cir¬
1051 1170 1757 1224 ca alium terminum eiusdem maioris. scilicet quod praedicatum
1050 1212 1765 1259 de quocumque praedicatur de necessitate formaliter praedi
1045 1263 1759 1307 cetur. dicitur esse notandum quod substantiua possunt dupli¬
1051 1303 1761 1357 citer praedicari in diuinis. quandoque formaliter. quandoque per
1048 1340 1763 1394 identitatem. Sed adiectiua si praedicantur. de necessi
1039 1389 1748 1441 tate praedicantur formaliter. et hoc quia sunt adiectiva.
1042 1430 1751 1487 ⁋ Nam ex hoc quod adiectiua sunt. significant formam
1051 1478 1757 1523 per modum informantis illud de quo videlicet for¬
1039 1523 1760 1582 maliter dicuntur. talia non sunt tantum nomina adiectiua
1036 1560 1751 1617 sed etiam omnia participia et verba. ⁋ Ex istis patet illa
1032 1608 1761 1666 maior. quia illud praedicatum praecise natum est praedicari
1041 1642 1756 1711 formalit. ideo non potest saluari veritas propter identi
1038 1692 1744 1750 tatem tantum. et quia subiectum summa abstractione ab
1033 1739 1752 1799 stractum non potest stare pro aliquo qualitercumque alio
1042 1783 1747 1829 a se. sed praecise pro se formaliter. et ideo oportet quod sus
1037 1827 1748 1883 ratio praecise formaliter esset idem illi praedicato. quod
1042 1872 1751 1927 non posset esse nisi ista ratio praecise includeret illud
1041 1905 1739 1969 praedicatum. patet ergo maior et minor. est manifesta. ideo
1026 1961 1760 2012 etc ⁋ Contra istam opinionem arguo quod maior assum¬
1027 2004 1743 2059 pta sit simplicitur falsa ⁋ Nam ista est vera secundum istum
1036 2046 1738 2094 essentia diuina communicatur filio. et hoc praedicatum est
1026 2089 1750 2142 verbum vel participium quod non est natum praedicari nisi¬
1036 2125 1749 2196 formaliter. et tamen non est per se primo modo. ⁋ Preterea.
1027 2166 1744 2240 hec est vera. essentia diuina videtur ab intelle¬
1030 2211 1740 2279 ctu creato. et subiectum est abstractum vltiata ab
1027 2252 1734 2324 stractione. et praedicatum non est natum predicari nisi
1030 2309 1730 2369 tantum formaliter. et tamen non est per se primo modo etiam secundum
1029 2356 1742 2404 eos. ⁋ Ad ista dicitur quod communicari et similiter videri.
1030 2400 1739 2447 ab intellectu creato dicit praecise relationem rationis
1014 2433 1733 2501 super essentiam. et ideo non ponunt aliquid reale in essen
1014 2486 1729 2534 tia. et propter hoc non sunt praedicata distinctiua essen
1024 2531 1736 2579 tie. sed gnerare est aliquid reale in essentia. et reale pri¬
1027 2568 1739 2622 dicatum distinctiuum illius cui conuenit ab alio. Et
1011 2613 1729 2659 ideo illa minor intelligitur quando praedicatum est aliquid rea
1014 2652 1732 2727 le distinctiuum illius cui additur non ess rationis tantum. tunc
