2295 3074
307 226 1020 294 posset supponere pro ipsa essentia adhuc esset
304 287 1013 343 vera. essentia generat. quamuis non esset per se primo
298 333 1008 394 modo sicut hec est vera. essentia diuina est bona
298 375 1013 427 quia praedicatum supponit pro ipsa essentia. quamuis no
294 423 1013 476 sit per se primo modo. Unde de ratione talium praedicatorum
291 467 1010 526 scilicet adiectiuorum. participiorum etc. est supponere pro¬
298 516 1003 567 aliis quam pro significatis suorum abstractorum. et ideo
310 556 1013 614 de aliis praedicantur. immo quasi semper praedicantur de aliis.
294 596 1009 656 scilicet de illis quae abstrabuntur ab eis ⁋ Ideo dico
301 647 1000 695 aliter ad quaestionem quod essentia diuina nec generat
292 691 998 741 nec generatur. quia si aliqua talis esset vera sequeretur
292 734 1008 788 vere essentiam distingui ab illo quod generat vel
298 778 1001 832 generatur. sed essentia diuina a neutro distingui¬
298 824 998 876 tur. et ideo non generat nec generatur. ⁋ Sed quae est ratio
295 862 1007 912 istius quare non potest dici quod essentia generat sicut
285 911 1001 967 conceditur quod essentia est pater essentia est paterni
286 957 1005 1010 tas. ⁋ Respondeo quod aliqua sunt predicata que
285 997 994 1045 de nullo possunt praedicari: nisi de illo de quo primo et
282 1040 995 1088 immediate praedicantur. vel saltem non de aliquo nisi¬
285 1084 1003 1140 per aliquid intrinsecum sibi. et quod sit de ratione eius. si
286 1131 1004 1184 cut patet quod esse idem et diuersum et huiusmodi de nul
277 1177 989 1229 lo praedicantur nisi de quo immediate dicuntur. vel
279 1216 998 1274 saltem per aliquid intrinsecum illi de quo praedicantur
277 1260 992 1322 Unde impossibile est quod aliquid distinguatur ab alio
261 1305 989 1360 nisi vel seipso vel per aliquid sibi intrinsecum. Unde
268 1347 986 1400 dicere quod sortes distinguatur a platone per iohannem
279 1396 980 1449 nihil est. Uel dicere quod materia distinguatur ab
274 1435 995 1493 angelo per formam: nihil est sed materia seipsa distin¬
261 1484 979 1537 guitur et a forma et ab aliis. et compositum distinguitur
268 1526 980 1572 a materia per formam quae est aliquid sibi intrinsecum: et
265 1568 980 1621 ita est de multis aliis praedicatis ⁋ Aliqua autem
270 1613 980 1669 praedicata predicantur de aliquo mediante aliquo
262 1655 989 1708 sibi extrinseco. sicut ponendo quantitatem esse aliam
268 1699 989 1748 rem a substantia et a corpore. tunc homo diceretur esse al
267 1744 986 1790 bus. quia quantitas sua esset alba. Similiter ignis di¬
255 1784 971 1835 citur calefacere. quia calor calefacit. Non sic autem potes
249 1831 980 1882 dici quod homo est in subiecto. quia albedo hominis est
265 1872 974 1920 in subiecto. Et ita est quod multa praedicata quae praedi¬
249 1921 968 1976 causatur de accidente primo. secundario praedicantur de sumi
258 1962 977 2018 iecto accidentis. et multa quae primo praedicantur de ac
255 2005 961 2056 cidente nullo modo praedicantur de subiecto. Similiter
262 2051 971 2108 multa praedicata quae praedicantur primo de natura assum
258 2095 975 2149 pta praedicantur de verbo assumente. sicut pati mori
262 2141 962 2199 commedere bibere. et sic de aliis. et aliqua quae praedicam
253 2182 974 2240 tur de illa natura. non praedicantur de verbo. Unde
252 2228 971 2276 esse aliud a deo praedicatur de natura. non tamen de ver¬
250 2269 967 2322 bo assumente. et ita est de multis. Nunc autem siue
256 2317 963 2376 ex proprietate istorum praedicatorum. siue ex vsu loque
244 2363 973 2416 tim ista praedicata non possunt in diuinis de aliquo pri¬
244 2403 968 2464 dicari. nisi de quo primo et immediate praedicantur
252 2451 959 2505 Et quia non praedicantur primo et immediate nisi de
255 2489 972 2554 supposito. ideo de solo supposito et non de essentia
253 2532 959 2594 praedicantur. et ideo hec non est vera. essentia generat
250 2583 969 2639 nec essentia generatur. Si autem hoc sit ex vsu scorum
250 2623 969 2698 et loquentium. rationabiliter poterunt ad hoc mouenr.
1126 240 1847 299 ne concederetur quod diuina essentia distingueretur ab
1129 294 1838 354 aliquo quod est in divinis. cum sit notum apud omnes ge
1126 341 1835 387 nerans distingui a genito. et econuerso. et ideo
1137 379 1843 443 essentia non potest generare nec generari. quia non potest distin¬
1132 430 1831 480 gui a quocumque supposito in divinis. Et ita abstra
1134 477 1837 529 ctio non est causa quare tales non conceduntur. quia abstra¬
1132 517 1835 573 ctio nihil facit nisi quod abstractum non potest pro illo
1120 559 1829 615 supponere a quo abstrahitur. Nec quia praedicatum
1117 610 1834 658 non potest praedicari nisi formaliter. cum tale praedicatum
1117 648 1832 697 possit praedicari non tantum primo modo ⁋ Nec quia tunc
1123 692 1831 742 sequeretur quod praedicatio esset per se primo modo. sicut
1123 734 1829 785 ostensum est conlusio aliam opinionem. sed quia ista praedicata
1117 782 1822 840 non possunt praedicari in divinis. nisi de illis de quam
1120 822 1814 885 hus primo et immediate praedicantur. et hoc quia illa pe
1108 871 1832 919 mo distinguuntur et sola illa ⁋ Contra praedicta potest
1110 917 1819 969 obiici. primo conclusio hoc quod innuitur in arguendo contra
1107 954 1813 1009 primam opinionem quod de tali abstracto potest aliquio
1108 1006 1811 1056 praedicari. quamuis non per se primo modo. ⁋ Contra. tunc
1111 1047 1814 1104 posset hoc concedi. humanitas est homo. et similiter
1102 1096 1811 1144 ista humanitas est alba quae tamen non conceduntur
1111 1130 1812 1194 ⁋ Preterea. paternitas et generare sunt simpliciter idem. erg
1114 1176 1817 1233 de quo praedicatur vnum et reliquum. sed essentia est pa
1111 1222 1810 1273 ternitas. ergo essentia generat. ⁋ Preterea in creaturie
1107 1271 1817 1322 generare et generari praedicantur de aliquibus medianti¬
1107 1311 1825 1361 bus aliis. ergo eadem ratione in divinis. ⁋ Ad primum pos¬
1101 1351 1820 1406 set responderi leuiter secundum consmen. vii. meth. commen.
1099 1399 1824 1453 xxi. quod quidditas hominis vno modo est homo et alio modo
1092 1444 1813 1491 non. quia est homo quae est forma. et non est homo qui est com
1108 1488 1817 1540 positus ex materia et forma. Aliter dicor quod potest hoc
1096 1534 1811 1591 simpliciter negari. humanitas est homo. et similiter ista.
1102 1572 1814 1622 humanitas currit. humanitas est alba. ⁋ Ad cu¬
1096 1618 1805 1670 ius intellectum sciendum quod sicut aliqua sincathego
1102 1667 1817 1713 reumata includunt ex vsu loquentium aliqua ca¬
1096 1705 1802 1761 thegoreumata. sicut patet de hoc signo quaelibet quod
1086 1751 1799 1806 includit suum distribuibile per equiualentiam. Aliter
1090 1796 1798 1843 enim hec non esset propria quodlibet est ens. sicut nec
1077 1844 1793 1893 ista. omnis est ens. vel ista omne est ens et tamen hoc
1086 1885 1806 1940 conceditur. quia valet istam. omne ess est ens. et ita istud
1078 1928 1794 1981 signum quaelibet equiualet signo distributiuo et di
1077 1972 1803 2021 stribuibili scilicet huic quod dico omne ens. Similiter
1084 2011 1794 2070 dicendo. totus sortes secundum quod totus tenetur sincathe
1078 2060 1792 2104 goreumatice. le totus includit suum distribuibi
1087 2105 1796 2153 le. quia valet hoc totum quaelibet pars sortis. et ita est di¬
1078 2139 1797 2208 cendum in multr aliis. Eoud modo ex communi vsu loquendi aliqua
1071 2198 1790 2247 cathegoreumata includunt: sincathogoreumata
1077 2239 1793 2284 et hoc peper breuitatem loquendi. et ita est in proposito quod ta
1075 2272 1800 2334 lia abstracta ex vsu aliquorum auctorumincludunt ali
1072 2319 1793 2375 quae sincathegoreumam sicut tnc vel per sc vel secundum quid et
1075 2366 1782 2422 huiusmodi. et ita ista humanitas est homo vel homo est humanitas
1078 2415 1786 2471 valet istam. homo neccessario est humanitas. vel homo per se est huma¬
1065 2460 1781 2509 nitas. et ista humanitas est alba. vel humanitas cur¬
1072 2499 1790 2555 rit. valet istam. humanitas neccessario est alba. vel ne¬
1060 2546 1779 2598 cessario currit. quae omns false sunt. et ideo omnes tales
1063 2579 1782 2645 humanitas est ho. humanitas est alba. humanitas
1060 2628 1784 2687 currit. essent vere de virtute sermonis si humanitas
