2227 3061
253 224 967 282 aliquem proprietates conueniunt in deo et materie
253 264 969 327 praecise secundum eos. ita aliqua conueniunt praecise deo et for¬
245 313 958 371 me. et ita per consequens essentia diuina diceretur forma sic
249 356 968 414 materia. Probatio assumpti. quia vna conditio
247 390 965 455 forme in generatione vniuoca est quod forma est eiusde
249 440 958 499 rationis in generante et generato. licet imperfectionis
246 480 963 548 sit quod numeretur in eis. hec autem conditio competit
252 524 951 593 diuine essentie. quia est eiusdem rationis innumerata
240 577 953 639 in patre et filio. Et similiter perfectionis est in forma quod cum
241 608 953 673 alio constituit vnum licet sit imperfectionis quod componit
247 653 948 721 ergo illud attribuitur diuine essentie quod perfectionis
241 708 957 766 est remouendo illud quod est imperfectionis. Preterea
226 752 945 814 nihil perfectionis competit ipsi materie. quin illud
229 785 938 856 idem competit forme. patet inductiue. quia illa forma
229 831 942 892 est eiusdem rationis in generante et generato. sicut
226 875 937 934 materia. Similiter ita cum alio constituit vnum sicut ma
225 920 947 989 teria. Similiter ita potest forma esse illud de quo con¬
225 963 918 1032 stitutum producitur ne sit de nihilo sicut materia.
195 1005 938 1069 ⁋ Probatio istius. Si anima intellectiua praecederet
226 1058 934 1118 materiam et deus crearet materiam sub anima intel¬
217 1092 938 1159 lectua illud totum non esset de nihilo. quia tunc crea¬
217 1143 936 1204 retur quod falsum est. cum aliquid ipsius praesupponatur. ergo est
214 1182 931 1238 de forma ne sit de nihilo. Similiter perfectionis est fa¬
214 1237 928 1293 cere constitutum esse in actu. sed hoc verius competit
209 1279 934 1341 forme quam materie. Similiter perfectionis est esse prin¬
212 1320 926 1385 cipium agendi. et hoc praecise vel conuenit forme vel
213 1364 923 1430 verius quam materie. igitur verius poterit dici quod essen
207 1412 916 1461 tia diuina sit forma filii quam materia. Preterea quando
201 1453 925 1515 aliquid est materia in generatione. vel illud vel
198 1490 917 1553 aliud eiusdem rationis est materia in producente. si ta
208 1538 917 1601 lia duo sint in producente qualia sint in producto. ergo
205 1581 926 1635 cum essentia sit in patre et paternitas et constituunt patrem
198 1621 916 1682 sicut essentia et filiatio constituunt filium. sequitur quod
198 1677 911 1729 essentia erit materia respecru paternitatis quod
195 1717 911 1767 erit absurdum ⁋ Ideo dico ad quaestionem cum vno
202 1759 905 1820 doctore qui subtilius istam conclusionem declarauit. quod
195 1803 911 1862 filius est de substantia patris non sicut de materia
191 1850 902 1903 nec quasi materia. sed sicut de aliquo quod est sibi
198 1894 894 1943 consubstantiale. et ita est de patris substantia. hoc est
193 1940 887 1993 de patre quae est filio consubstantialis. et ita non est filius
192 1968 903 2046 de nihilo. non quia sit de aliqua materia praesupposita
186 2021 891 2080 sed quia est de patre in quo est substantia filii.
192 2063 897 2130 ⁋ Istam positionem et modum ponendi quae vult expresse
193 2117 893 2170 videre. videat subtilem doctorem. cuius opinionem et
183 2157 893 2218 modum ponendi teneo quantum ad conclusionem principalem
181 2198 894 2259 quamuis in aliquibus lateralibus non credam eum dice
184 2248 891 2309 re verum. quia sunt contra principia aliqua que prius
184 2290 887 2342 dixi in aliquibus praecedentibus quonibus. ⁋ Sed tunc
178 2330 879 2394 sunt hic aliquae dubitationes quas tangit idem do
174 2382 886 2436 ctor. Prima. quo persona costituitur ex essentia et
180 2419 882 2483 relatione. nisi essentia sit potentia respectu relatio.
183 2466 881 2526 uis cum non possit esse actus relationis. quia quaecunque
183 2508 884 2567 alterius rationis concurrrunt ad constitutionem alicuius
175 2544 872 2612 sic se habent quod vnum est potentia et aliud actus. Se
182 2589 888 2654 cundo quo relatio distinguit personam si non sit actus
1072 216 1787 295 proprius ipsius essentie quae est communis. cum omne proprium
1077 273 1806 336 dicat acum respectu communis. ⁋ Tertio quo essentia
1069 318 1770 377 potest esse fundamentum relationis nisi sit poten¬
1074 364 1776 421 tia respectu illius. ⁋ Quarto quo essentia com
1074 404 1766 464 municatur filio. si nec essentia sit actus relationis
1065 445 1787 509 nec econuerso ⁋ Ad istas difficultates respondetur
1061 488 1772 559 Quo ad primam dicitur quod quidditas creata est illud quo
1074 538 1773 599 aliquid est ens quidditatiue. et hoc non est imperfe
1062 576 1772 636 ctionis. Secundo contrahitur per differentian indiuidualem
1060 627 1775 685 et actuatur aliquo modo per eam. Tertio ipsa natura est
1064 672 1770 741 actus. licet proprietates indiuiduales sint magis pro¬
1060 715 1773 774 prie actus. sic accipiendo illud quod est perfectionis.
1056 759 1757 821 relinquendo illud quod est imperfectionis est aliquo
1042 804 1752 857 modo vniformiter in divinis. quia essentia est illud
1047 844 1764 900 quo persona est deus. sed proprietas distinguens non est
1048 885 1748 956 forma nec actus. et quantum ad tertium est simile. quod lice
1047 932 1780 993 essentia sit actus. non tamen est proprius actus. ⁋ Quatum en
1039 980 1751 1031 ad secundam dicitur quod proprietas ista non distinguit quiddi
1038 1022 1746 1082 tatiue. sed tantum personaliter. non tamen est actus. quia non contra
1045 1067 1735 1130 hit naturam. ⁋ Quatum ad tertiam dicitur quod in creatur
1041 1101 1742 1171 ordo generationis et perfectionis sunt conii. quia illud quod
1039 1155 1749 1217 est principium in vno est vltimum in alio. In divinis
1036 1196 1737 1264 autem simul concurrunt ordo generationis et perfectionis
1036 1244 1739 1300 et ideo sicut in creaturis si concurrerent. primo querem
1029 1273 1744 1339 mus. formam quam materiam. ita est in divinis omnino
1033 1320 1730 1380 primo occurrit ipsa essentia. et postea occurrit vt¬
1021 1378 1739 1427 quidditas communicata supposito. non vt materia in¬
1030 1414 1730 1482 formata. Et ita relatio pullulat. non vt forma in
1021 1460 1725 1516 formans materiam. sed vt nata esse deus ipsa deita
1015 1509 1730 1564 te et vt existente eadem sibi perfectissima identitate.
1039 1550 1740 1609 Sed isti accipiunt multa non vera. Quod enim dicitur quod
1030 1581 1724 1646 quidditas creata est illud quo aliquid est ens quid¬
1027 1632 1726 1697 ditatiue. et actuatur per differentiam indiuidualem. hoc non
1020 1682 1725 1740 est verum sicut probatum est prius. tum quia non est ibi dif
1008 1713 1716 1784 ferentia talis indiuidualis addita. tum quia si esset
1009 1769 1720 1829 non esset ibi compositio. ex quo solum distinguere
1015 1806 1713 1873 tur formaliter. Tum quia si esset actus quidditatis
1003 1863 1715 1923 esset perfectior ipsa natura. et natura non esset perfecti
1008 1902 1718 1963 or ipsa actualitate. consequens est falsum secundum eum. falsi¬
1006 1947 1708 2000 tas consequentis patet. quia dicit sic. natura est aliquo modo
1012 1991 1700 2048 potentia respectu illius scilicet proprietatis indiuiduali
996 2034 1710 2099 Unde et natura conhitur et determinatur per ipsum a
1003 2073 1704 2143 et tamen humanitas in sorte est actus aliquis. et pre
1002 2119 1691 2186 cise perfectior actus quam sit ipsum a. licet a sit magis pro
991 2172 1698 2233 prius actus nature inquantum determinat ipsam. consequentia
1000 2216 1700 2276 patet. quia secundum eum in creaturordo generationis et perfe¬
1000 2245 1700 2316 ctionis sunt contrari. quia secundum philosophum. ix. meth. illa quae sunt
991 2294 1704 2360 priora generatione sunt posteriora perfectione. sed ipsa
994 2350 1690 2398 natura contracta est prior generatione ipsa differentia indiuir
985 2387 1685 2442 duali contrahente. ergo posterior perfectione. et per consequens
994 2427 1682 2496 ifferentia indiuidualis erit perfectior. ⁋ Si dicatur quod
984 2476 1696 2527 propositio philosophi non est vniversaliter vera. sed in aliquibus et in
985 2522 1691 2576 aliquibus non. Contra. si non sit vniversaliter vera. ergo nihil
991 2567 1695 2625 valet ad intentum suum probandum. quia ex indiffi¬
984 2601 1694 2672 nita non sequitur aliqua singularis. ⁋ Preterea
