2230 3057
240 199 944 268 simpliciter falsum. quia tunc filius esset ab essentia et pro
243 255 956 304 duceretur ab essentia. quod est simpliciter falsum. tamen
244 298 953 351 illa praoritas si esset ibi nihil faceret ad hoc quod esset
244 343 959 397 materia. ⁋ Ad secundum concedo maiorem. sed dico quod
240 388 941 433 relatio non est forma essentie. nec quasi forma. nec
240 431 943 488 relatio supportatur proprie per fundamentum. sed magi
241 476 946 522 debet dici quod est idem realit cum fundamento. et ista
231 519 943 577 identitas realis facit omnia talia negari a relatio e
235 564 944 622 et est esntia. ⁋ Ad tertium dico quod generari non prius est
231 608 938 655 origine generato esse. quia genitum esse non est aliud a
231 652 950 703 generari. nec etiam filiatio quantuncumque sit constitutiuum
231 694 950 744 formale filii est prior origine filio. Nec est simile de
231 734 925 790 forma in compositis. et de filiatione respectu filii
237 781 934 841 qui forma est prior composito prioritate nature. et hoc
226 834 953 882 non est aliud quam formam posse esse sine composito. et
226 869 953 920 non econuerso. Similiter forma est prior prioritate sim¬
219 918 937 969 plicitatis. est etiam prior prioritate causalitatis intrin¬
231 958 944 1017 sece. Nulla autem talis priortitas potest inueniri in fi
229 1005 953 1050 liatione respectu filii propter identitatem realem
219 1043 944 1099 filiationis cum filio. Et eodem modo non est conce¬
226 1090 956 1149 dendum quod filiatio praesupponit essentiam. vel est po¬
229 1136 950 1184 sterior essentia. nsi forte prioritate consequente aliquo
225 1178 945 1232 modo. quia sequitur. a est filiatio. ergo a est essentia. et
225 1221 937 1275 non econuerso. quia paternitas est essentia. et tamen
228 1265 944 1317 non est filiatio. Similiter concesso quod generari esset in essen
213 1314 944 1370 tia ⁋ Dico quod nec est in essentia sicut in generabili.
219 1350 938 1404 nec sicut in subiecto generationis. sed est ibi per
225 1404 931 1456 identitatem realem cum noidentitate formali. ⁋ Ad
219 1442 938 1497 argumentum principale dico quod hoc est falsa. illud
229 1493 944 1538 de quo aliquid generatur est subiectum generationis. Et
219 1527 940 1575 si dicatur secundum ambrosium. de non potest dicere nisi cir
229 1570 929 1628 cunstantiam cause efficientis vel materialis. sed
222 1618 938 1674 non est de substantia patris sicut de causa efficiente. ergo sicut de
213 1659 937 1709 causa materiali. Dico quod de potest dicere circumstan¬
221 1711 932 1756 tiam causae originis. non in suo proprio casuali. sed in
226 1748 932 1803 alio quod regitur a suo casuali. et ita est in proposito.
226 1790 937 1859 quod filius est de patre principalissime. quae est eadem essen¬
219 1832 872 1896 tia cum essentia filii. Questio tertia.
382 1876 926 1973 gartio quero utrum
378 1942 932 2007 essentia sit terminus formalis generatio¬
319 1997 932 2053 nis. Quod sic. terminus formalis non est
219 2046 929 2107 persona cum persona sit res totalis. nec est relatio.
219 2090 925 2138 qui tunc non esset generatio. relinquitur ergo quod sit essentia.
223 2131 923 2192 ⁋ Ad oppositum. terminus formalis generationis non
228 2173 925 2237 psupponitur in generante. sed essentia prsupponitur
222 2221 923 2271 in generante. ergo etc. ⁋ Ad istam questione dicitur quod essen
222 2265 922 2319 tia divina est terminus formalis generationis in di¬
222 2312 919 2356 uinis Ioh. iiii. quod pater inquit dedit mihi. maius
220 2355 928 2402 omnibus est. IMaius autem omnibus non est nisi¬
217 2404 929 2450 aliquid infinitum. hoc non est nisi essentia. illam
219 2443 935 2493 ergo dedit. hoc etiam vult Augustinus. pv.t de
220 2484 926 2536 trinitate. c. xvi. sicut naturam praestat filio sine ini¬
223 2526 926 2579 tio generatio. ita etiam spiritui sancto prestat essen
226 2567 929 2622 tiam sine initio spiritus sancti processio. Nunc autem
1051 193 1756 272 non conceditur aliquam formam dari producto vel communi¬
1051 255 1753 306 cari vel praestari per generatione. nisi illa forma
1057 298 1757 347 communicata sit formalis terminus talis productonis
1060 343 1754 398 ⁋ Probatur etiam illud antecedens. quia alias ista genera
1057 390 1751 439 tio non esset vniuoca. quia ratio formalis termini
1057 432 1751 487 eius non esset ratio conuenientie generantis cum ge
1051 473 1745 529 nito. consequens est inconueniens. sicut tangetur dis. vii
1053 521 1751 573 ⁋ Similiter aliter non esset ista productio gene¬
1048 563 1745 619 ratio. sed magis esset mutatio ad relationem. quia
1056 607 1741 657 productio ponitur in specie vel genere ex suo ter¬
1040 649 1748 700 mino formali. ⁋ Sicut patet per philosophum. v. phisicorum.
1051 694 1745 740 ergo si formalis termiuus huius productionis
1038 739 1748 793 esset relatio ista dductio poneretur in genere re
1045 764 1745 830 lationis. et non esset generatio. ⁋ Contra istam opi
1051 824 1754 871 nionem arguo. sicut de ratione termini totalis ali¬
1039 870 1757 923 cuius productionis est non habere esse totale nisi
1038 913 1744 965 per productionem. ita de ratione termini formalis est
1041 958 1752 1010 non habere esse formale nisi per productionem. sed essen
1041 1000 1751 1052 tia non habet esse formale per generationem. er¬
1044 1050 1755 1095 go non est terminus formalis generationis. Ma¬
1032 1086 1742 1133 ior videtur manifesta. propter hoc enim non dicitur
1044 1132 1742 1187 materia esse nec terminus totalis nec formalis
1042 1177 1742 1230 alicuius productionis. quia non habet esse per istam
1047 1219 1742 1269 productionem. ergo omnis terminus siue totalis si
1042 1264 1751 1315 ue formalis habet esse sibi conueniens per pro¬
1035 1306 1736 1360 ductionem. Minor est manifesta etiam secundum eos
1035 1339 1763 1408 qui essentia secundum totum esse suum est in patre. ⁋ Pre
1041 1392 1751 1443 terea. non est idem elicitiuum alicuius productionis
1029 1434 1750 1490 et terminus formalis eiusdem. quia idem non est prius
1042 1480 1760 1526 et posterius seipo. sed secundum istos principium elici¬
1038 1522 1750 1576 tiuum est prius origine. terminus autem formalis est
1041 1570 1733 1618 posterius origine. maxime secundum eos. sed essentia
1026 1609 1742 1661 secundum istos est principium elicitiuum generationis. ergo
1038 1655 1744 1713 non est terminus formalis eiusdem. ⁋ Confirmatur
1037 1697 1748 1749 quia secundum istos vna persona tantum vno modo habendi
1035 1737 1739 1789 habet essentiam. si ergo filius habeat essentiam vt
1042 1785 1745 1833 terminum formalem generationis. non habet eam vt
1042 1823 1748 1881 principium elicitiuum. cuius oppositum dicit. ⁋ Si
1036 1874 1742 1926 dicatur quod filius non habet essentiam vt principium
1029 1914 1733 1961 elicitiuum sed pater. hoc non sufficit. quia saltem filius
1032 1956 1745 2015 haberet essentiam vt principium elicitiuum processio
1024 2003 1738 2051 nis spiritus sancti. et ita duobus modis habendi. hoc
1029 2045 1739 2096 argumentum est tamen contra hominem. ⁋ Preterea. si essen
1029 2092 1729 2143 tia sit terminus formalis generationis. aut hoc est
1033 2139 1746 2191 qui simpliciter habet esse per productionem. aut quia habet
1030 2178 1733 2231 esse in producto per productionem. Non propter primum
1034 2221 1736 2279 qui essentia cum sit in patre. non habet esse simpliciter per
1035 2265 1741 2314 quamcumque productionem. Nec propter secundum quia si anima in¬
1023 2303 1730 2360 tellectiua esset primo creata. et postea crearetur
1022 2351 1733 2408 materia sub anima intellectiua. non diceretur quod anima in
1023 2393 1727 2441 tellectiua esset terminus formalis illius productio
1036 2436 1732 2484 nis. et tamen caperet esse in hoc per illam productionem.
1015 2484 1742 2527 ⁋ Propter ista patet quod non est idem communicari et esse
1029 2528 1730 2582 terminum formalem alicuius productionis. quia illa anima
1018 2564 1742 2628 intellectiua esset communicata materie. et tamen non esset
