2215 3066
403 217 1124 315 tatus. tamen secundum quod per esse intelligitur vnus actus
414 292 1117 368 signatus sic est vera. et est ista propositio de istis ter¬
404 336 1129 406 minis sortes et sortes albus vere praedicatur esse
407 388 1117 446 vnum realiter. et tunc actus exercitatus correspondens
408 419 1117 489 erit iste. sortes et sortes albus sunt vnum realiter. e
408 466 1117 532 hoc satis insinuat philosophus primo tho. docens quae sunt
411 517 1122 577 idem et vnum numero. dicit sic. numero quid scilicet sunt
405 554 1119 632 idem quorum nomina plura. res autem vna. vt tunica
413 611 1120 665 et vestis. hoc est dictum de illis nominibus vere pre
410 653 1120 718 dicatur esse idem numero. que licet sint diuersa no
418 694 1121 751 mina. et per consequens illa nomina non sunt idem numero.
411 736 1127 796 tamen res importata est vna numero. et ideo est hec
408 775 1127 847 vera. tunica et vestis sunt vnum numero secundum quod
413 822 1123 884 tunica et vestis sumuntur significatiue. et ista est
428 867 1136 931 vera. tunica et vestis sunt plura nomina et non plu¬
425 904 1121 980 res sed vna res secundum quod sumuntur materialiter. et ita
417 954 1126 1014 de eis nominibus praedicantur contradictoria propter diuersi¬
416 993 1127 1060 tatem suppsonis. et hoc est possibile et aliter non
419 1038 1130 1107 Et eodem modo proportionabiliter est de conceptibus
422 1087 1133 1160 quod de ipsis distinctis et qui non sunt vna res vere
416 1130 1132 1200 praedicatur esse vnum. non pro se sed pro eadem re ⁋ Et isto
417 1173 1129 1247 modo de attributrs diuinis vere praedicatur essentia
417 1215 1129 1287 et vnitas realis. quantumcumque ipsa attributa non sunt
420 1260 1129 1325 realiter diuina essentia. quia sunt quidam conceptus quae
416 1306 1138 1371 non sunt ipse deus. et ideo actus exercitatus cor¬
423 1346 1130 1413 respondens non debet esse iste. attributa sunt vnum
426 1389 1130 1458 realiter. sed iste: intellectus diuinus et sapientia
431 1433 1131 1506 diuina et voluntas diuina sunt realiter et formaliu
423 1476 1133 1540 et omimodo ipsa diuina essentia. ita quod est hec vera
432 1524 1132 1587 intellectus diuinus est diuina essentia. et tamen
429 1561 1141 1632 illud quod subiicitur hoc non est diuina essentia.
422 1610 1135 1670 ⁋ Ex istis sequitur quod illud quod tertio dicit est fal
425 1655 1139 1717 sum. scilicet quod actus refertur ad essentiam secundum hoc attri¬
419 1705 1141 1761 butum vel illud. quia nullum attributum est illud cui
428 1747 1140 1814 primo vel non primo conuenit actus diuinus quicunque
420 1785 1143 1850 qui ipsum attributum non est nisi ratio tantum. et non est rea¬
432 1833 1145 1892 liter deus. quia intellectus diuinus qui non est attri¬
422 1877 1147 1947 butum. sed ipsamet essentia realiter et formaliter ille
438 1921 1139 1985 est principium actus notionalis et non est illud at
434 1967 1142 2025 tributum. ⁋ Quarto falsum est quod dicit. quod intel¬
431 2005 1148 2072 ligere est ab essentia diuina. inquantum ipsa est in¬
426 2060 1141 2109 tellectus. quia intelligere nullo modo est ab essen¬
436 2093 1146 2167 tia. cum sit ipsa diuina essentia omnibus modis ex
434 2138 1141 2208 natura rei. et ita non plus est intelligere diuinum
425 2180 1143 2248 ab essentia diuina quam essentia diuina ab intelli¬
443 2224 1148 2302 gere divino. ⁋ Si dicatur quod intelligere est actus
432 2269 1142 2336 secundus. ergo saltem secundum modummostrum intelli¬
443 2311 1142 2382 gendi est ab essentia tanquam ab actu primo. ⁋ Dicon
440 2357 1145 2425 quod intelligere diuinum non est actus secundus plus
440 2403 1153 2471 quam essentia diuina. et ideo non est ab essentia di¬
443 2440 1149 2511 uina. nisi secundum modum intelligendi falsum. quia
440 2484 1150 2551 attribuit rei illud quod sibi repugnat. Unde
438 2542 1145 2605 intelligere quod est deusipse simpliciter repugnat
435 2575 1147 2639 esse a quocumque. secundum quemcumque modum intelligendi.
434 2618 1153 2712 quamuis aliquis circa hoc habuerit falsum modum
1230 219 1934 296 intelligendi. ⁋ Quinto dicit falsum in secundo ar
1227 278 1937 339 ticulo. Ubi dicit quod voluntas et natura differuni
1233 324 1949 378 in causando. quia natura est determinata ad vnum
1242 370 1949 425 non sic voluntas. quia hoc non potest habere nisi dupli¬
1239 412 1949 471 cem intellectum. Uel quod natura non potest agere nisi
1233 460 1939 513 vnum. voluntas autem plura. Uel quod natura non ha
1236 499 1946 556 bet in ptante sua agere vel non agere et voluntas
1230 544 1943 601 habet. Primus intellectus est falsus. quia sol produ
1234 598 1952 644 cit plures effectus et in eodem sicut patet. quia cale¬
1246 643 1949 688 facit et illuminat. et in diuersis. sicut patet ma
1239 681 1948 735 nifeste. ⁋ Preterea. si voluntas tantum posset in vnum
1235 722 1954 776 tamen contingentur sic quod haberet in ptante sua ferri in
1242 765 1955 818 illud vel non ferri in illud. adhuc sufficienter di¬
1239 806 1949 874 stingueretur a natura in causando. ergo quia natu
1237 852 1957 910 ra possit tantum in vnum. et voluntas in plura. non fa
1239 897 1945 953 cit per se ad hoc quod distinguantur in modo causan
1240 942 1952 996 di. ⁋ Similiter si dicas quod voluntas potest in plu
1242 986 1958 1045 ra non autem natura. Aut intelligis quod potest in plu¬
1240 1038 1958 1084 res volitiones. vel in plures actus sequentes vo
1248 1071 1956 1127 litionem. Non primo modo. quia respectu istarum secundum
1240 1123 1967 1175 istos voluntas est tantum passiua non actiua. sed natu¬
1243 1162 1958 1217 ra potest in multa passiue. quia a diuersis potest reci¬
1239 1210 1954 1270 pere diuersa. sicut voluntas a diuersis obiectis
1236 1249 1963 1306 recipit volitiones. ergo per hoc non distinguitur a
1238 1295 1958 1347 natura in modo causandi. Si secundo modo. et in il¬
1245 1339 1969 1394 los actus exteriores non fertur voluntas nisi me
1242 1379 1970 1436 diante actu interiori. ergo voluntas non potest in plu
1240 1428 1966 1483 ra nisi per diuersa in ea recepta. sed sic potest natu
1245 1471 1956 1523 ra in plura. quia idem subiectum habens diuersa prin
1242 1512 1955 1568 cipia actiua potest in diuersa. ⁋ Si dicatur quod voli
1248 1557 1958 1612 tio non est principium eliciendi actum exteriorem sed
1247 1602 1970 1657 sola voluntas. Contra. sicut frequenter est acce¬
1241 1645 1964 1709 ptum. omne absolutum necessario secundum cursum natu¬
1237 1689 1958 1753 re praesuppositum effectui: est causa illius in aliquo
1250 1731 1958 1799 genere cause. sed ista volitio necessario praesuppo¬
1242 1780 1966 1842 nitur effectui secundum cursum nature. ergo est causa
1241 1825 1967 1874 in aliquo genere. Aut potest illa differentia inter natu¬
1241 1861 1964 1927 ram et voluntatem intelligi secundo modo secundum istum. quia secundum
1252 1903 1961 1964 eum voluntas non potest in aliquid nisi iudicatum ab in
1248 1950 1967 2013 tellectu. ita quod secundum veritatem iudiciorum in intelle
1252 1998 1973 2056 ctu est varietas in voluntate. ergo prima indtera
1252 2045 1976 2098 non est in voluntate sed in intellectu. et itaque proba
1253 2086 1969 2140 ret quod intellectus non esset principium productiuum
1260 2124 1966 2191 sicut quod voluntas. ⁋ Preterea. voluntas est princi
1250 2177 1966 2235 pium producendi spictumsecantum. et tamen necessario. ergo ita po
1260 2217 1972 2270 terit esse principium producendi filium. quamuis neccessario
1258 2258 1973 2319 ergo voluntas non est tantum principium eorum que possunt
1254 2301 1971 2363 sic et aliter esse: sed etiam alicuius quod neccessario est. ergo
1247 2345 1976 2413 per hoc non potest plus probari quod voluntas non est prin¬
1248 2389 1975 2446 cipium producedi filium quam sprmtusctantum. ⁋ Preterea. vo¬
1256 2434 1969 2491 luntas secundum eum respectu finis neccessario determinatur
1261 2475 1970 2534 ergo illa differentia no valet. ⁋ Sexto. falsum est quod di¬
1249 2521 1967 2579 cit vel non est ad propositum. scilicet quod effectus assimula¬
1257 2564 1972 2624 tur forme agentis per quam agit. quia quero. Aut
1249 2609 1975 2676 ista assimulatio est in genere aut in specie. aut in¬
