2328 3080
337 246 1055 314 diuina aut pro re. aut pro aliquo ente rationis. si pro re
342 303 1062 361 falsa est. quia nulla res ibi elicitur. si pro ente rationis.
333 348 1060 400 nihil est ad propositum. ⁋ Preterea nihil debet attri¬
337 388 1052 448 bui enti reali propter fabricationem intellectus.
325 441 1052 493 nisi praedicata importantia tales fabricationes vel
331 485 1058 532 operationes intellectus vel aliqua sequentia ex ta¬
325 520 1048 574 libus operationibus intellectus. Uerbi gratia.
334 567 1038 626 quamuis propter operationem intellectus circa aliquod
337 615 1044 665 obiectum vel aliqua obiecta possit dici quod ista res
331 652 1044 713 intelligitur. vel est praedicatum vel subiectum vel esti
325 695 1048 755 matum. et sic de aliis praedicatis importantibus actum
322 742 1042 800 intelligendi. vel aliquid denominabile. vel presuppo
318 788 1036 839 nens vel vario modo respiciens actum intelligen¬
315 834 1028 889 di. tamen quod propter quamcumque operationem intellectus
313 877 1040 937 circa hominem et albedinem vel alias res. homo di
300 925 1038 974 catur albus vel niger vel calidus vel musicus
310 970 1028 1020 et sic de aliis praedicatis non importantibus actus
307 1010 1031 1061 intelligendi est impossibile. ⁋ Nunc autem elici causari
312 1055 1035 1109 mouere vel moueri prius posterius et sic de aliis.
310 1100 1032 1150 non important actus intelligendi nec aliqua respici
307 1146 1034 1197 entia actus intelligendi. sicut intentiones logice
307 1178 1033 1231 important. ergo propter nullum actum intelligendi circa
295 1224 1024 1280 aliquod debet dici ipsum mouere. nisi forte ad actum
300 1271 1018 1332 intelligendi vel elici ab aliquo. vel causari ab
301 1317 1022 1375 aliquo nisi falso intellectu. et eadem ratione propter
301 1358 1018 1415 distinctionem rationis nunquam debent talia praedicata
295 1401 1018 1465 attribui rei. respectu cuiuscumque rei. ergo propter
289 1449 1018 1501 nullam distinctionem rationis debet dici quod intellige
292 1489 1016 1543 re elicitur ab essentia divinanisi eliceretur sine omni
291 1531 1013 1590 distinctione rationis. ita: quod distinctio rationis nihil
288 1578 1010 1634 faciet ad hoc ⁋ Ex isto patet quod aliud falsum dicitur ibiden¬
289 1622 1025 1676 quamuis non sit recitatum scilicet quod aliquid mouet intelle¬
289 1673 1028 1727 ctum vel voluntatem diuinam. quia hoc simpliciter repu¬
291 1709 1009 1775 gnat intellectui divino et voluntati moueri a quo
294 1756 1018 1812 cumque obiecto. quia hoc sonaret in imperfectionem. ⁋ Etia
291 1793 1015 1861 falsum est quod dicitur. quod respectus veritatis vel bo
288 1848 1013 1896 ni non est cognitus ab intellectu. quamuis etc. quia ille
280 1884 1011 1940 respectus veritatis cum sit respectus rationis secundum eum
271 1927 998 1987 non potest habere nisi esse obiectiuum sed nihil habet esse
283 1971 1011 2032 obiectiuum nisi cognitum vel volitum. ergo si sit quaecumque
280 2016 1012 2073 talis respectus oret quod terminet actum intelligendi
272 2051 1006 2120 vel voluntatis. ⁋ Ideo dico aliter ad quaonem quod gene¬
276 2108 1007 2166 ratio potest accipi actiue vel passiue. et ideo primo
266 2152 998 2206 ostendam quod proprietas personalis non est principium
275 2202 994 2255 elicitiuum gnationis actiue. ⁋ Secundo quod nec genera
267 2235 999 2300 tionis passiue. ⁋ Tertio quod nullus respectus est
267 2276 990 2341 principium elicitiuum vel determinatiuum. nec generatio¬
273 2329 991 2382 nis actiue nec passiue. ⁋ Quarto quid est illud
274 2368 995 2428 quod est principium elicitiuum generationis et quo pouen
269 2413 994 2475 dum est principium elicitiuum. ⁋ Primum probo sic. quia
261 2457 995 2519 nihil est principium elicitiuum suupsius. sed proprietas
271 2505 995 2555 personalis ipsius patris et ipsa generatio actiua sunt idem
260 2548 980 2602 omnibus modis ex natura rei. quod alias ostendetur. ergo etc.
276 2589 998 2644 Potest tamen hoc modo persuaderi. quoniam nihil ponem
264 2627 999 2710 dum est esse non idem in divinis cum aliquo nisi quod
1156 263 1881 322 potest esse in alia quadam persona in qua non est illud
1165 311 1871 360 vel econuerso. propter hoc enim quod essentia est in filio et
1153 354 1881 406 non paternitas. vel quia essentia est filius et pater non est
1156 392 1862 454 filius. ideo non sunt idem formaliter essentia et pater. Idem
1158 441 1876 496 argumentum est de spiratione actiua et de prnita¬
1153 489 1862 546 te. sed nihil est proprietas personalis patris quin sit genera¬
1153 531 1870 581 tio actiua. nec econuerso. nec in alia persona est pro¬
1152 570 1871 633 praetas personalis patris quin in eadem sit gnratio acti
1156 622 1868 672 ua et econuerso. ergo sunt idem omnibus modis ex natura
1147 662 1868 716 rei propter identitatem realem cum essentia. ergo vnum non
1149 708 1866 762 est principium elicitiuum alterius. ⁋ Preterea vbi na
1141 751 1859 802 ta est haberi velesse relatio origis. ibi illa relatio.
1150 793 1858 845 origis fundatur super principium elicitiuum origis. sed in
1140 845 1858 896 patre est relatio origis. ergo illa fundatur super principi¬
1153 888 1865 944 im elicitiuum. sed illa non fundatur super proprietatem perso
1144 931 1868 989 nalem. Tum quia ipsa proprietas personalis est relatio origis
1141 967 1852 1025 Tum quia fundamentum talis respectus debet esse absolutum
1134 1013 1855 1083 ergo illa proprietas personalis non est principium elicitiuum
1144 1063 1856 1126 ⁋ Secudum probo. quia idem est principium elicitiuum genera¬
1137 1105 1841 1166 tionis actiue et passiue. sed proprietas personalis non est
1135 1141 1848 1210 principium elicitiuum generatonis actiue. ergo nec generatio
1138 1196 1862 1235 nis passiue ⁋ Tertium probo. quia nullus respectus rationis
1137 1236 1850 1289 potest esse principium elicitiuum vel determinatiuum ali¬
1131 1283 1849 1331 cuius actionis realis. sicut nec ens aliquod rationis. et
1126 1312 1842 1380 hoc maxime est verum. quando agens non praecognoscit illud
1135 1365 1852 1422 quod debet operari. qualiter est in divinis. quia pater non
1132 1414 1846 1458 an cognoscit filium quam producit eum. nec etiam respe¬
1123 1460 1834 1500 ctus realis potest esse principium elicitiuum vel deter¬
1123 1499 1831 1564 minatiuum. sicut prius probatum est. ergo nullus respectus
1128 1545 1823 1597 est ibi principium elicitiuum vel determinatiuum
1138 1591 1841 1645 ⁋ Circa quartum dico quod sicut ratio causandi est illud
1135 1633 1826 1686 quod existens in aliquo vel in se potest esse causa effectus
1117 1680 1832 1728 omni illo quod non est causa eiusdem effectus circum scri
1129 1722 1834 1782 pto. vel quod requiritur ad esse alterius. quod non constitu
1122 1763 1838 1819 itur ex ipsa causatione seu causato. ita principium
1126 1805 1823 1856 elicitium alicuius actionis vel passionis vel produ¬
1111 1851 1824 1907 ctionis est illud quod neccessario et per se requiritur ad illam
1111 1898 1818 1950 productionem. et non constituitur nec ex productione nec
1120 1943 1820 1991 ex producto. Et quia sola essentia divina requiritur ad
1114 1988 1814 2033 gnationem actiuam et passiuam et spirationem actiuam
1111 2031 1816 2093 et passiuam vel saltem solum aliquid absolutum isto mo
1113 2071 1822 2121 ido praecise aliquid absolutum est ratio eliciendi istas produ¬
1107 2121 1819 2171 ctiones tam actiuas quam passiuas. Sed quia ista
1108 2162 1817 2213 essentia a nulla istarum realiter distinguitur. et semper inter¬
1104 2199 1807 2258 principium et principiatum est realis distinctio. ideo
1108 2252 1802 2305 essentia non esquod agit. sed est quo agit. Et quia non ob
1101 2286 1814 2338 stante identitate reali inter essentiam et istas productio
1098 2335 1814 2395 nes. tamen propter distinctionem realem istarum productionum
1105 2383 1820 2432 inter se constituit cum ipsis supposita distincta realiter.
1098 2426 1812 2478 et ideo vnum illorum erit producens et aliud productum. ab¬
1087 2467 1806 2522 solutum tamen est ratio eliciedi. quia nihil est ibi nisi absolu
1086 2518 1792 2570 tum praeter istas productiones ⁋ Circa praedicta sunt ali¬
1096 2554 1796 2613 qua dubia. Primum. quia videtur quod ista productio no
1097 2599 1807 2657 sit elicita. ⁋ hoc probatur sic. realitas paternitatis non
1087 2647 1802 2714 potest esse res quae capiat suam realitatem aliunde.
