2268 3079
458 248 1167 333 si enim caperettunc pater constitueretur formaliter
463 305 1172 385 per rem productam vel elicitam accipientem aliunde or¬
470 349 1172 429 ginaliter entitatem. et per consequens pater erit aliquid origina
467 397 1179 466 tum et productum cum sua forma sit producta et origina
467 437 1177 507 ta. quod omnino erroneum est et absurdum. ⁋ Preterea
473 494 1185 561 si generare sit aliquid elicitum aut elicitur ab essentia.
471 532 1190 598 aut a patre. non a patre. quia nulla res elicit suum
474 570 1193 637 formale constitutiuum. Nec ab essentia. quia tunc di
476 615 1177 687 stingueretur realiter ab ipsa diuinitate. idem enim non
474 662 1181 727 elicit se. nec est causa sibi vt sit. Alie rationes fiunt
468 704 1187 778 ad eandem conclusionem. quia tamen habent eandem difficul
482 753 1193 822 atem dimitto eas. ⁋ Secundum dubium ante possit vere
474 798 1191 868 concedi quod generatiopassiua est producta. potest enim
478 841 1184 908 videri quod sic. quia habet simpliciter esse et non a se. quia tunc fi¬
477 882 1187 949 lius haberet aliquid a se nec est in aliquo nisi in
474 925 1191 1000 filio. ergo est vere producta ⁋ Similiter sicut essentia se habet
478 966 1194 1044 ad tres personas. ita generatio passiua ad filium. quic¬
479 1018 1201 1088 quid couenit tribus personis simul. conuenit essen
477 1057 1201 1124 tie. ergo quicqud conuenit filio conuenit generationi¬
479 1102 1198 1181 passiue. ergo sicut filius producitur. ita generatio
495 1150 1190 1220 passiua producitur ⁋ Tertium dubium. quia videtur quod
492 1199 1202 1255 essentia non sit principium elicitiuum sed persona pri¬
485 1232 1208 1301 mo. quia ratio agendi potest agere omni alio circum¬
488 1278 1208 1347 scripto. ergo sibi verissime competit quod sit agens.
485 1331 1201 1398 ergo essentie si sit principium elicitiuum verissime
489 1370 1198 1432 conuenit quod sit generans. sed hoc est manifeste falsum
482 1418 1204 1486 ergo etc ⁋ Preterea terminus formalis productonis
493 1454 1197 1518 et principium elicitiuum proportionantur inter se. ergo
494 1499 1210 1564 sicut persona secundum praedicta est terminus formalis. ita
489 1544 1207 1609 erit principium elicitiuum. et per consequens non absolutum
509 1585 1202 1654 Quartum dubium est. quia videtur quod relatio sit principium
500 1628 1214 1702 elicitiuum et non absolutum. Primo. quia omni forme debetur
496 1673 1209 1753 aliqua operatio. ergo relationi debetur aliqua operatio et non nisi¬
492 1719 1216 1797 productio ad intra. ergo etc ⁋ Confirmatur. quia propria
506 1766 1211 1834 operatio est a propria forma. ergo generatio que est pro¬
506 1808 1201 1876 pria ipsi patri est a propria forma ipsius patris.
525 1846 1223 1914 Quintum dubium. quia videtur quod relatio sit principi¬
515 1894 1221 1962 um determinatiuum saltem. ⁋ hoc probatur. quia illud
501 1943 1223 2004 quod est quoquomodo indeterminatum eo mo¬
501 1980 1222 2055 do quo est indeterminatum ad hoc quod exeat in actum
510 2031 1220 2091 requirit super se aliqunam determinationem. sed essen
500 2068 1213 2139 tia diuina est indeterminata respectu diuerso
509 2112 1232 2181 rum actuum eliciendorum. ergo requirit aliquam
504 2157 1229 2232 determinationem sed per nihil potest determina¬
515 2200 1218 2267 ri nisi per respectus. ergo etc. ⁋ Preterea quod non est
506 2256 1226 2323 principium formale nisi per hoc quod est aliquid suppo¬
518 2286 1235 2357 siti. neccessario si ex se non determinat se vt sit sup¬
521 2333 1231 2401 positum recipit aliquam determinationem a sup
518 2379 1236 2453 posito ad hoc quod sit principium formale. sed essentia
525 2422 1237 2495 diuina non est principium formale elicitiuum gene¬
517 2465 1231 2538 rationis nisi ex hoc quod est aliquid suppositi patris.
521 2515 1240 2579 et non determinat se ex se vt sit suppositum patris.
533 2560 1225 2630 qui tunc non esset suppositum filii. ergo a patre reci
524 2595 1232 2674 pit aliquam determinationem. ⁋ Preterea quod non
533 2641 1246 2728 potest exire in actum alio circuscripto seipsum non
1292 233 1997 315 potest determinare ad actionem. sed essentia non
1293 286 2001 350 potest exire in actum generationis circumscripto omni
1293 335 1994 398 respectu. ergo per respectum determinatur. ⁋ Preterea
1290 375 1997 446 omne principium productiuum siue elicitiuum inquantum
1287 420 2002 483 est illud quo aliquid producit actiue. est incompossi¬
1293 466 1999 531 bile producto. ergo essentia inquantum pater ea producit
1293 509 1996 573 actiue est incompossibilis filio producto. sed ipsa
1284 550 2010 622 absolute accepta non est incompossibilis filio. ergo
1288 611 2002 661 ipsa vt principium elicitiuum dicit aliquem respectu
1291 640 2000 708 saltem determinantem incompossibilem filio. ⁋ Ad
1299 687 2008 755 primum dico quod equiuocatio est de elicitiuo vel eli
1294 733 2000 795 cito. Aliquid enim dicitur elicitum. quia est aliquid vere pro¬
1296 776 2008 838 ductum ab aliquo. et sic dicimus quod calor est elici
1302 816 2010 880 tus ab igne. quamuis hoc non sit communiter dictum ⁋ Unde
1290 863 2024 930 non dicimus communiter quod ignis elicit ignem sed produ
1292 909 2020 972 cit ignem et elicit actu producendi igne. Similiter calor
1304 954 2012 1017 in igne est principium producendi calorem in ligno. et
1306 998 2026 1062 est principium eliciendi calefactionem qua calefacit
1293 1042 2023 1101 lignum. Al ter dicitur aliquid esse elicitum. illud quod
1298 1086 2018 1144 denomniat aliquid producere aliud. sicut calefa¬
1309 1130 2027 1198 ctio dicitur elicita ab igne. quia ignis calefactione de¬
1297 1172 2021 1233 nominatur calefacere lignum. et quia pater generatione acti
1306 1218 2014 1282 ua dicitur generare filium. ideo dicitur generatio actiua elicitao
1305 1262 2023 1326 isto secundo modo. sed non primo modo. quia generatio
1302 1303 2028 1369 actiua non est realitas producta. sed est simplicitur
1302 1354 2026 1409 improducta. est tamen illud quo formaliter aliquid dicitur
1307 1393 2029 1463 generare. et hoc est eam esse elicitam. quia tamen pter eam
1308 1438 2023 1496 nihil est nisi essentia. quamuis ipsam essentiam non de
1314 1479 2035 1540 nominet vt essentia dicatur ea generare. Dicitur tamen
1307 1526 2034 1584 elici ab ipsa essentia. quia nihil aliud ibi concurrit
1319 1571 2033 1635 praeter essentiam et personam constitutam per ipsum gene¬
1315 1614 2032 1675 rare. ⁋ Ista responsio maxime posset confirmari. si
1311 1658 2042 1718 vna opinio esset vera de qua dicetur in secundo. scilicet
1322 1700 2030 1770 quod actio creature non est aliquid quasi medium inter
1322 1749 2033 1810 causam et causatum. et tunc maxime si actio esset in agen¬
1322 1796 2045 1850 te. semper agens mutaretur ad aliquam relationem
1320 1834 2039 1890 tunc inquam diceretur illa actio elicita. et tamen pre
1324 1877 2033 1935 ter terminum absolutum nihil esset productum. Simililer
1320 1923 2035 1991 dicimus quod actus creationis elicitur a diuina
1321 1966 2039 2023 essentia. et tamen nihil est productum nisi ipsa
1335 2010 2039 2069 creatura absoluta. ergo eodem modo potest di¬
1330 2054 2039 2115 ci quod generatio actiua est elicita. quamuis non sit
1322 2100 2030 2168 producta. Per hoc patet ad argumenta reci
1327 2142 2037 2205 tata. Et eodem modo dicendum est ad alia quae
1329 2191 2045 2245 fiunt quod procedunt. ac si poneretur quod paternitas
1332 2233 2048 2292 vel generatio actiua esset producta vel origi¬
1322 2276 2048 2341 nata. quod tamen non ponitur. sed dicitur actio elicita
1336 2317 2042 2379 modo exposito. ⁋ Ad secundum dico quod generatio
1335 2367 2045 2420 est elicita ab essentia. nec ex hoc sequitur quod di¬
1341 2410 2034 2466 stinguitur realiter ab essentia. sicut ex hoc quod
1331 2452 2047 2512 fundatur in essentia: non sequitur quod distin¬
1340 2494 2044 2561 guitur realiter ab essentia. Unde cum ista re¬
1341 2546 2057 2596 latio sit productio et econuerso. Istam pro¬
1335 2583 2059 2642 ductionem elici ab essentia. non est aliud quod
1332 2624 2066 2699 istam relationem fundari in essentia. ⁋ Et
