2250 3062
434 206 1146 284 tis quam sit in principio. quameuis aliquando sit maior. ergo
446 263 1147 324 ex distinctione rationis inter actum intelligendi et vo
450 303 1152 365 lendi non potest argui nisi distinctio rationis inter per¬
446 345 1163 413 sonam procedentem per modum verbi et personam procedentem
455 393 1160 467 per modum amoris. ⁋ Preterea sicut secundum istos actus
459 435 1161 504 intelligendi et volendi distinguntur ratione. ita na¬
447 478 1156 540 tura et actus intelligendi distinguntur ratione. ergo
453 523 1157 586 si propter distinctionem rationis ex vna parte oportet ponere
459 567 1166 633 distinctas personas. ita propter distinctionem ex alia
461 612 1162 680 parte oporteret ponere distinctas. ⁋ Tertia ratio non
455 663 1156 717 valet. quia ex detminatione nature non potest argui
450 698 1157 764 nisi necitas in producto. si principium sit simpliciter im
452 751 1163 806 mutabile non dependens in producendo. non aut potest
456 792 1159 851 argui vnitas producti. ergo non potest argui ex illo
461 836 1165 893 medio. nisi quod filius neccessario producitur. non quod plures fi¬
444 878 1160 939 lii non producantur. Preterea alias probatum est quod natura
443 919 1158 988 non determinatur ad vnum plus quam voluntas. immo mi¬
455 969 1163 1027 nus quam voluntas creata. quia natura sine omni diuer¬
456 1012 1172 1069 sitate potest in plura. voluntas autem respectu actu
459 1057 1162 1110 um exteriorum non potest plura nisi praeuia aliqua diuer
465 1099 1160 1157 sitate. Quarta ratio non valet. quia illo posito non
467 1141 1170 1199 essent magis perfecte duo filii quam vnus filius. sed nec
461 1181 1171 1253 plures persone maiorem perfectionem includunt quam vna
473 1228 1168 1288 Aliter dico ad quaone quod magis tenendum est propter
458 1277 1155 1331 auctoritate sacre scripture quod filius non potest generare. quam pro
459 1311 1174 1382 pter rationem. Ad hoc tamen adduco aliquis persuasiones.
476 1356 1177 1425 Primo sic. Impossibile est in eodem fundamento
468 1402 1172 1462 esse plures relationes omnino eiusdem rationis nisi propter
468 1447 1171 1504 diuersitatem absolutorum in terminis. patet inductiue
465 1488 1177 1552 sedin diuinis non sunt diuersa absoluta. ergo
468 1532 1169 1593 nec diuerse relationes scilicet diuerse filiatio
474 1575 1177 1635 nes vel diuerse paternitates. ⁋ Preterea idem
470 1619 1177 1686 agens vel producens naturale et totale non potest
472 1665 1174 1734 producere de eodem nisi vnum vnius rationis. nec esse
478 1708 1174 1765 principium productiuum nisi vnius omnino eiusdem rationis.
468 1758 1180 1819 ergo esentia non potest esse tale principium productiuum plu¬
474 1794 1181 1856 rium filiorum. ⁋ Preterea quando aliqua sunt omnino eiusdem ratio¬
477 1831 1183 1899 nis nihil est compossibile vni quin aliquid simile sit con
477 1881 1180 1950 possibile alteri. sicut nihil est compossibile isti calo
475 1924 1177 1985 ri vel asino. quin aliquid simile sit vel fuerit compossibi¬
468 1972 1174 2025 le alteri omnino eiusdem rationis. sed si filius generaret. et
471 2012 1186 2071 illi tunc paternitati esset compossibilis. filiatio. ergo aliqua fi¬
471 2057 1177 2113 liatio esset compossibilis primo patri vel prime prrnitati
468 2100 1179 2161 et per consequens primus pater esset filius. quod est impossibile. quia non
471 2146 1184 2210 esset tunc primus pater. Thulta alia dubia et instantie
480 2191 1178 2245 multe patebunt postea. de quaibus transeo modo.
487 2241 1189 2295 ⁋ Ad argumentum principale dico quod perfectio sim
486 2274 1189 2340 liciter accipitur. vel pro aliqua perfectione quae est simpliciter sum
475 2319 1177 2378 ma et infinita carens et impossibilis omni imperfectioni¬
485 2369 1192 2422 et isto modo generatio est perfectio simpliciter. Uel quia est
474 2404 1187 2465 in quolibet simpliciter perfecto. vel vere competit cui
480 2457 1179 2508 libet simpliciter perfecto. hoc est omni supposito simpliciter per
474 2492 1186 2554 fecto. et isto modo nulla relatio in divinis est perfecto
476 2534 1189 2598 simpliciter ⁋ Et si dicatur quod secundum primum modum aliquaperfe¬
489 2579 1204 2654 ctio simpliciter esset in patre quae non esset in filio. Respondeo.
1253 195 1966 255 dupliciter. Uno modo concedo sic accipiendo perfe¬
1260 252 1976 302 ctionem simpliciter nec est inconueniens. Aliter potest
1255 290 1970 348 dici quod non sequitur. paternitas est perfectio simpliciter
1266 337 1966 387 et paternitas non est in filio. ergo aliqua perfectio
1260 386 1970 436 simplicitur non est in filio. sicut non sequitur. pater¬
1260 423 1978 481 nitas non est in filio. paternitas est essentia vel
1263 476 1912 528 deus. ergo essentia vel deus non est in filio.
1296 517 1846 580 ⁋ Distinctio. octaue. Questio prima
1479 553 1957 655 Irca distinctio
1470 633 1969 694 nem octauam queram primo de simplici
1463 688 1963 741 tate diuina. Secundo de eius immuta
1464 720 1963 782 ibilitate ⁋ Circa primum quaero. ⁋ Utri
1471 779 1972 827 simplicitati diuine repugnat esse
1265 806 1978 870 in aliquo genere praedicamentali. ⁋ Quod non. quia si si
1261 863 1979 919 bi repugnaret. hoc non esset nisi propter simpli¬
1261 912 1963 964 citatem ipsius. sed angelus est simplicitur simplex.
1266 941 1971 1009 tamen est per se in genere. ⁋ Preterea. quandocumque aliquid
1267 995 1975 1044 est contentum sub pluribus communibus. vnum illorum communium
1278 1030 1978 1097 est per se superius ad reliquum. sed sapientia huma
1278 1082 1975 1129 na continetur sub sapientia et sub qualitate. ergo
1283 1120 1985 1183 vel qualitas est per se superius ad sapientiam. vel eco¬
1275 1172 1981 1227 uerso. sed certum est quod sapientia non est per se superius
1276 1216 1997 1262 ad qualitatem. ergo qualitas est per se superius ad sa¬
1271 1253 1984 1315 pientiam. et per consequens ad omne contentum sub sapientia. et
1266 1295 1981 1363 per consequens ad deum cum deus per se contineatur sub sapientia. et
1272 1338 1984 1403 per consequens deus est in genere qualitatis. ⁋ Tertio sic.
1283 1383 1987 1447 vnitas generis est tantum vnitas conceptus. sed deo
1275 1438 1987 1494 non repugnat quin sibi sit aliquas conceptus communis.
1271 1477 1982 1525 ergo etc. ⁋ Ad oppositum est magister in littera.
1265 1512 1984 1577 ⁋ In ista quaestione communiter conceditur quod deus non est
1272 1570 1987 1617 in genere. sed hoc diuersimode ponitur a diuersis.
1275 1607 1982 1677 ⁋ Un dicunt aliqui quod aliquid est in genere dupli¬
1281 1645 1993 1717 citer. vno modo simpliciter et proprie. sicut species et
1274 1686 1987 1754 que sub eis continetur. Alio modo per reductionem
1275 1740 1988 1799 sicut principia et priuationes. sicut punctus et vni
1274 1781 1984 1841 tas reducutur ad genus quantitatis sicut princi¬
1286 1824 1994 1884 pia. cecitas autem et omnis priuatio reducitur ad genus
1283 1867 1995 1928 sui habitus. sed neutro modo deus est in genere.
1286 1914 1998 1970 Quod enim non possit esse species alicuius generis. tri¬
1289 1953 1999 2023 plicitur osteditur. ⁋ Primo quia species constituitur ex
1286 1995 1981 2066 genere et differentia semper autem illud a quo sumitur differnta
1277 2045 1983 2107 constituens speciem. se habet ad illud a quo sumitur
1281 2084 1993 2155 genus sicut actus ad potentiam. animal enim sumitur
1287 2128 1997 2189 a natura sensitiua per modum concretionis. hoc enim
1281 2181 1994 2237 dicitur animal quod habet naturam sensitiuam. rationale autem
1279 2227 1990 2280 sumitur a natura intellectiua. quia rationale est quod ha
1284 2260 1997 2320 bet naturam intellectiuam. sed intellectiuum comperatur
1290 2307 2003 2368 ad sensitiuum sicut actus ad potentiam. et similiter ma¬
1277 2360 2008 2412 nifestum est in aliis. sed in deo non adiungitur poten¬
1278 2393 2019 2455 tia actui. ergo deus non est in genere tamquam species.
1287 2440 1993 2493 ⁋ Secundo quia esse dei est eius essentia. ergo si deus
1292 2481 2003 2539 sit in genere. genus eius erit ens. quia genus signi¬
1291 2523 1997 2592 ficat essentiam cum predicetur de ea in quid. sed secundum
1289 2570 2011 2645 philosophum. iii. metha. ens non potest esse genus alicuius dicere.
