2251 3068
469 252 1167 326 negas ⁋ Preterea falsum est quod accipit quod omnis
464 308 1162 377 species constiruitur ex genere et differentia Primo. quia sim
467 343 1168 418 plicia non habent differentia essentiales sicut angeliet ac¬
462 391 1163 470 cidentia. ⁋ Probo quia si haberent differentia et certum est quod
459 431 1165 503 habent genus ergo possent proprie diffiniri. consequens est fallum.
471 482 1168 545 et contra Ari. vii. meth. qui ponit quod accidentia
459 518 1166 594 non possunt diffin ri nisi per additamentum. ⁋ Pre¬
462 563 1168 640 terea. aut genus et differentia accipitur a rebus distincum
471 608 1175 673 et hoc improbatum est. aut non. sed distinguitur
467 653 1172 725 sola ratione. sed hoc per te potest competere deo. ergo deus
465 696 1177 774 potest esse in genere nisi aliud obstet. ⁋ Preterea exem¬
474 743 1166 813 plum suum est ad oppositum. quia natura sensitiu¬
467 785 1175 859 non est in potentia ad naturam intellectiuam. quia quando
469 830 1181 894 aliquid est in potentia ad aliud secundum istum distingui¬
471 880 1181 943 tur ab illo realiter. sed secundum istos natura sensitiua
473 922 1170 985 non distinguitur realiter a natura intellectiua quia
465 963 1186 1027 tunc in homine essent plures forme substantiales.
474 1006 1180 1079 quod ipsi negant. ⁋ Preterea si sensitiuum sit in po¬
467 1050 1174 1122 tentia ad intellectiuum aut est in potentia passi¬
469 1095 1184 1160 ua aut actiua. aut tantum logica. si passiua vel acti
474 1146 1174 1203 ua. ergo distinguitur realiter. quia nihil patitur a se. nec re
479 1184 1181 1248 cipit se. nec agit se. ergo semper tam potentia actiua
479 1226 1175 1299 quam passiua distinguitur realiter ab actu. Si autem sit
491 1276 1177 1328 potentia logica. isto modo potest concedi quod deus est in
477 1316 1177 1384 potentia ad seipsum. et quod in deo est potentia et actus
479 1363 1177 1420 sed hoc nihil est ad propositum. ergo loquendo sicut iste
485 1402 1191 1464 loquitur de potentia et actu. potentia et actus disti¬
472 1456 1194 1519 guuntur realiter. et per consequens intellectiuum et sensitiuum
487 1492 1188 1552 non se habent sicut potentia et actus. cum non distinguan¬
476 1532 1192 1597 tur secundum eum alibi. et ita idem concedit et negat. Pre
480 1579 1180 1645 terea vbi prius dicit quod genus et differentia in rebus ma¬
476 1623 1186 1686 terialibus accipitur ab a io et alio. ergo accipitur a
480 1674 1195 1727 realiter diuersis. sed per ipsum intellectiuum et sensiti¬
483 1721 1193 1775 uum non sunt diuersa realiter. ergo ab eis non accipitur
485 1754 1193 1822 genus et differentia puta animal et rationale. cuius oppositum
494 1799 1192 1858 dicit hoc. et ita dicit contradictoria. ⁋ Preterea secunda ratio
479 1846 1196 1901 sua non valet. quia si propter hoc esset ens genus dei
479 1889 1198 1950 si deus esset in genere. quia essentia diuina est esse eius.
482 1936 1191 1999 ergo eodem modo cum essentia angeli sit sua entitas.
488 1975 1195 2038 si angeus sit in genere. ergo ens erit genus angeli.
531 2012 1190 2092 ⁋ Preterea hoc essec demonstrando esse creatum) est
489 2065 1192 2129 esse. et est in genere per reductionem. ergo ens erit genus
481 2102 1190 2163 si argumentum suum valeat. quia non plus contingit pro
485 2145 1208 2207 bare quod ens est genus per hoc quod vnum esse esset in genere
491 2194 1199 2266 per se. quam per hoc quod vnum aliud esse esset in genere per redu
492 2232 1196 2304 ctione. sicut non plus contngit probare. quod substam
493 2280 1200 2343 tia est genus per hoc quod hoc substantia demonstrando
495 2323 1200 2388 sortem  e in genere per se. quam per hoc quod hoc cdemontrando formam
495 2361 1195 2430 substantialem) est in genere per reductionem. ⁋ Tertia
491 2409 1198 2480 ratio non valet. quia illa quae sunt per se in genere non plus
494 2450 1204 2519 conueniunt in essentia quam in esse. quia sicut duo ange¬
497 2498 1204 2567 li differunt secundum sua esse. ita differunt secundum suas quiddi
494 2548 1198 2610 tates. quia alia est quidditas et essentia vnius angeli et
500 2585 1210 2655 alterius. Si dicatur quod differunt secundum suas quiddi
492 2631 1211 2708 tates specificas. conueniunt tamen in quidditate gene
1264 243 1972 303 ris. Contra. sicut conueniunt in quidditate gener
1263 293 1979 344 ita conueniunt in esse consequente illam quidditate et essen
1272 334 1981 388 tiam. et sicut differunt secundum suas quidditates speci
1275 374 1979 430 ficas. ita differunt secundum sua esse specifica. ergo propor¬
1275 423 1979 475 tionabiliter secundum istos conueniunt et differunt in essentia et
1275 467 1982 527 quidditate et secundum esse. ⁋ Confirmatur quia secundum beatum au¬
1271 501 1986 573 gustinum vt magiter in lra allegat eum. sicut a sapien
1273 554 1988 608 tia dicitur sapere. ita ab essentia dicitur esse. et ita distincta
1282 609 1982 658 essentia habet distinctum esse et distincto esse corrspn
1276 648 1993 694 det distincta essentia. ⁋ Preterea ratio per quam probat
1277 680 1990 746 quod deus non est in genere per reductione nihil valet.
1270 736 1990 789 qui illud quod est in genere per reductionem non se exten¬
1279 772 1990 832 dit vltra illud genus tanquam principium alterius
1272 814 1991 872 intrinsecum. quod tamen sit principium extrinsecum effe
1278 863 1991 915 ctiuum aliorum. non est incoueniens. sicut forma sub
1279 900 1993 960 stantialis quae est in genere substantie per reductionem.
1275 956 1993 1010 qui est principium illius intrinsecum quod est in gene¬
1281 986 1993 1047 re substantie. et est principium extrinsecum accidentum
1286 1035 1991 1092 Nunc autem deus si poneretur in genere substantie per re¬
1287 1080 1996 1147 ductionem. non poneretur principium intrinsecum toti
1283 1122 1997 1177 us entis. sed poneretur principium extrinsecum effe¬
1286 1169 2016 1231 ctiuum tantum ipsorum accidentium. ⁋ Ultima ratio non
1293 1219 1988 1271 valet. quia non est inconueniens a iquid esse principium
1291 1264 1988 1320 prius deo prioritate consequenie. quia scilicet est communius deo. et
1285 1297 2002 1353 isto modo praecise deus est prius illis quae sunt in genere. non
1287 1346 1999 1400 secundum rem nec secundum perfectionem ⁋ Alii tenendo eandem
1290 1388 1995 1447 conclusionem dicunt quod cum simplicitate dei stat quod
1291 1444 2002 1489 aliquis sit conceptus communis deo a creaturis. non tamen
1293 1474 1993 1544 conceptus aliquis communis vt generis. ⁋ secunda paes probat
1292 1522 1998 1586 per augustinum. vii. de tri. c. viii. Ihanifestum inquat
1291 1567 2003 1619 deum abusiue dici substantiam. Ron sua est ibi. quia
1290 1616 1994 1669 substantia dicitur qua substat accidentibus. absurdum est vero
1290 1654 2006 1717 quod deus alicui accidenti substet. hec ratio sic tenet.
1302 1698 1996 1754 non intendit quod ratio substantie sit substare accidentibus
1296 1739 2009 1795 vt substantia genus est. sed quod omnis substantia quae est in
1295 1781 2008 1851 genere potest substare accidentibus. ⁋ Similiter auicenna
1305 1832 2010 1886 viii. meth. c. iiii. deus non est in genere. quia genus est pars
1299 1867 2011 1934 deus autem simplex non habens parte. ⁋ Probatur ergo
1304 1914 1999 1981 propositum duobus mediis et declarantur ex his pro
1304 1953 2015 2026 pria deo. Primo ex ratione infinitatis. Secundo ex
1297 2003 2009 2056 ratione necesse esse. ⁋ Ex primo arguitur. dicitur primo sic
1304 2043 2006 2107 conceptus habens indifferentiam ad aliqua ad quam no
1314 2087 2019 2158 potest conceptus generis esse indifferens. non potest
1315 2134 2006 2190 esse conceptus generis. sed quicqud dicitur communiter de deo
1313 2182 2011 2239 et creatura. est indiffe: ests ad finitum et infinitum
1310 2221 2015 2278 et nullum genus potest esse indifferens ad finitum et in¬
1308 2273 2017 2321 finitum. ergo etc. Prima pars minoris est manifesta.
1308 2316 2006 2371 Secunda pars patet. quia genus sumitur ab aliqua realitate
1303 2350 2014 2416 quae secundum se est potentialis ad realitatem a qua accipitur
1313 2395 2012 2461 differentia. nullum autem infinitum est potentiale ad
1306 2437 2014 2498 aliquid. ergo. Assumptum patet per Aristo. viii. meth. oportet
1299 2481 2027 2540 terminum id est diffinitionem esse orationem longam. eo quod si¬
1306 2526 2017 2591 gnificat aliquid de aliquo quod ortet esse materiam vel
1302 2572 2008 2628 formam. Patet etiam per rationem. quia si ista realitasa
1313 2612 2027 2682 qua accipitur genus esset vere tota quidditas rei
