2293 3080
342 235 1049 298 solum genus complete diffiniret rem etiam sine
342 293 1055 347 differentia. quia ratio ex eis non indicaret primo idem
334 333 1045 385 diffinito. vnaqueque enim res est solum ipsa. et ideo illa
331 379 1044 435 ratio que bis exprimeret eam non indicaret primo idem
331 424 1043 483 quidditati illius rei. hanc rationem intelligunt sic. quod
343 469 1043 521 in aliquibus creaturis genus et differentia accipitur ab alia
331 515 1047 571 et alia re. sicut ponendo plures formas in homine
333 552 1040 612 animal accipitur a sensitiua. et rationale ab intellecti
330 598 1046 657 ua. et tunc ista res a qua accipitur genus vere est po
327 645 1051 689 tentionalis et perfectibilis ab illa re a qua accipi
325 681 1041 743 tur differentia Alibi autem quando non sunt ibi res et res sicut
330 729 1034 787 in accidentibus. saltem in vna re est aliqua propria rea
319 771 1040 839 litas a qua sumitur genus et alia realitas a quae sumi
314 815 1040 874 tur differentia Dicatur prima a. et secunda bea. a est potentioale
325 869 1031 920 ad b. ita quod praecise intelligendo a. et praecise intelli¬
312 912 1030 960 gendo b. a vt intelligitur in primo instanti nature
322 957 1027 1001 in quo praecise est. ipsum est perfectibile per b. sicut si esset
323 995 1037 1053 res alia. sed quod non perficitur realiter per b. hoc est propter idem
321 1039 1034 1092 titatem a et be ad aliquod totum. cui realiter primo sunt
322 1086 1027 1135 eadem. quod quidem primo producitur. et in ipso toto ambe
319 1122 1030 1177 ille realitates producuntur. si tamen altera illarum sine
313 1178 1022 1227 altera produceretur: vere esset potentionalis ad eam
324 1219 1038 1274 vel vna esset perfecta sine alia. Ista compositio realiter
316 1261 1017 1314 potentionalis et accidentalis mima est. quae sufficit ad
318 1306 1019 1361 rationem generis et diceren. et non stat ista cum hoc quod que
325 1342 1035 1398 ibet realitas in aliquo sit infinitam. realitas enim
311 1395 1020 1453 vna si esset de se infinita. quantumcumque praecise sumpta
318 1437 1029 1491 non esset in potentia ad aliam realitatem. ergo cum in
303 1473 1032 1535 deo quaelibet realitas essentialis sit formaliter infini¬
307 1514 1025 1582 tam. nulla est a qua possit accipi formaliter ratio generis.
329 1567 1017 1629 Secundo ex eodem medio arguitur sic. conceptus spe
310 1615 1025 1661 ciei non est tamen conceptus realitatis et modi intri¬
307 1650 1019 1707 seci eiusdem realitatis. quia tunc albedo posset esse
310 1702 1016 1750 genus et gradus intrinseci albedinis possent esse
315 1744 1013 1791 icere specifice. illa autem per que commune aliquid contrahitur
307 1780 1022 1838 ad deum et creaturam sunt. finitum et infinitum que di
301 1821 1011 1882 cunt gradus intrinsecos ipsorum. ergo ista contrahentia non
307 1868 1012 1928 possunt esse dicere. nec cum contracto constituunt conceptum ita
310 1917 1013 1977 opositum. sicut oportet conceptum speciei esse compositum. immo
312 1965 1006 2025 praceptus ex tali contracto et contrahente est simplicior quam
297 1995 1010 2059 possit esse conceptus speciei. ⁋ Ex istis mediis de in
298 2050 1006 2098 finitate habet euidentiam ratio aug. super tacta de substam
314 2091 1009 2145 tia substante accidentibus. habet etiam euidentiam ratio
310 2129 1016 2196 Auicenne supra tacta de partialitate generis. quia
312 2180 1010 2231 nunquam est genus sine aliqua partiali realitate
297 2217 1013 2284 in specie que non potest est in vere simplici. Se
297 2262 1013 2329 cundo arguitur ex ratione necesse esse et est argu¬
301 2306 1008 2365 mentum Auicene. viii. meth. c. iiii. sinecesse esse
301 2349 1013 2415 habet genus. ergo intentio generis vel erit ex
293 2394 1010 2461 se necesse esse vel non. Si primo modo. tunc non
298 2442 1000 2501 cessabit quousque sit ibi differentia. hoc intelli¬
292 2486 1002 2553 gitur sic. genus includet tunc differentiam. quia sine ipso
288 2534 1014 2594 non est in actu vltimo. Si autem genus includit
298 2577 1012 2642 totam differentiam tunc non est genus ⁋ Si detur
289 2617 1004 2686 secundum membrum. sequitur quod necesse esse est constitutum
1149 240 1862 314 ex eo quod non est necesse esse. ⁋ Contra istam opinio
1149 297 1856 359 nem. primo quod dicit. in omni specie sunt due reali¬
1146 339 1859 401 tates. a quarum vna accipitur genus. et ab alia different
1164 386 1866 454 hoc est simpliciter falsum. quia aliquod indiuiduum
1149 439 1855 491 est simplex simpliciter. ergo non includit tales duas
1140 482 1855 537 realitates. ⁋ Confirmatur. quia sicut probatum est prius
1143 522 1855 582 in creaturis nulla est distinctio a parte rei nisi sit
1150 560 1860 625 distinctio rerum. sed secundum istos multa sunt indiui
1140 611 1846 667 dua que non includunt distinctas res. ergo multo
1146 650 1853 718 fortius nec species includit diuersas res. et per
1141 693 1851 763 consequens nec includit tales diuersas realitates.
1201 733 1848 797 preterea. sicut species se habet ad indiuidua
1141 793 1851 837 vuundum istos. ita genus ad species. sed indiuiduum non
1138 826 1843 885 includit tales realitates duas. ergo etc.  Minor
1147 872 1856 941 prbatur. quia quero de illis realitatibus propriis di¬
1135 922 1848 974 uersorum indiuiduorum. aut sunt eiusdem rationis aut
1138 967 1855 1023 non. Non potest dici quod sic. quia tunc ab eis posset ab
1126 999 1849 1068 strahi aliquis conceptus communis vniuocus. quod ne¬
1141 1046 1853 1113 gant isti. Si sunt alterius rationis. ergo indiuidua
1141 1098 1843 1154 non sunt eiusdem rationis sed alterius rationis. et ita
1134 1132 1839 1197 non erunt indiuidua eiusdem speciei. ⁋ Si dicatur quod
1129 1173 1841 1247 quamuis iste dicere sint alterius rationis: non tamen indiui¬
1134 1227 1842 1283 dua constituta essent alterius rationis. quia constitu¬
1129 1261 1844 1331 ta minus differunt quam constituentia. ⁋ Contra. quando ali¬
1135 1309 1832 1377 qua tota nata sunt denominari a nominibus per
1140 1359 1837 1419 tium. illa que conueniunt partibus conueniunt to
1137 1396 1827 1462 tis. sed nunc est ita quod indiuidua distinguuntur pe
1123 1439 1851 1508 differentia indiuiduales. ergo ille denominationes quod
1141 1484 1846 1553 conueniunt ipsis differetiis iudiuidualibus: con¬
1128 1538 1841 1589 uenient ipsis indiuiduis. ergo sicut ipse dicere sunt al¬
1123 1572 1850 1638 terius rationis. ita ipsa indiuidua erunt alterius ratio¬
1123 1615 1840 1676 nis. ⁋ Preterea. qua ratione dicitur non obstante quod dicere
1129 1656 1845 1724 indiuiduorum sunt alterius rationis. tamen ipsa indiui¬
1122 1704 1843 1763 dua non sunt alterius rationis: eadem ratione et facili¬
1129 1748 1831 1811 tate dicetur. quod quamuis dicere specifice sint alterius ratio¬
1131 1795 1841 1847 nis: non tamen ipse species costitute erunt alterius ratio
1123 1832 1834 1904 nis. cum sicut natura specifica non distinguitur ni¬
1120 1876 1841 1933 si per differentia indiuiduales. ita ipsa natura gene¬
1120 1923 1830 1989 ris non distinguitur nec diuiditur nisi per differntas
1110 1963 1835 2032 specificas secundum eos ⁋ Si dicatur quod non est simile
1123 2009 1832 2077 quia illa differentia indiuidualis non est quidditatiua. sicut
1112 2055 1829 2121 differentia specifica est. ⁋ Contra. hoc non est nisi voca¬
1117 2096 1820 2160 bulis vti ad placitum. cum ita sit de essentia indi¬
1114 2142 1830 2207 uidui differentia indiuidualis. sicut de natura speciei
1114 2185 1826 2254 est differentia specifica. nec magis sit intrinse¬
1110 2228 1832 2292 ca ipsi speciei differentia specifica. quam differentia indiuidua¬
1110 2272 1830 2336 lis ipsi indiuiduo. ⁋ Preterea. dicit quod illa natu
1113 2325 1830 2380 ra specifica est potetionalis et perfectibilis ab il
1111 2359 1831 2421 lo actuali. hoc non est verum. quia nulla res est in
1111 2414 1832 2472 potentia ad seipsam. ergo si a et be non distinguan¬
1109 2460 1824 2507 tur realitur. a non est in potentia ad bea nec ecouer
1117 2495 1832 2560 o ⁋ Si dicatur quod sufficit distinctio formalis. hoc non
1107 2536 1816 2605 sufficit. quia eadem ratione dicam quod essentia diuina est
1101 2586 1825 2645 in potentia et perfectibilis per relationem. vel econuer¬
1110 2626 1826 2695 so propter distinctionem formalem inter essentiam et re¬
