2291 3073
310 228 1021 305 esse in genere. quamuis sit conditio sequens omne
310 292 1019 343 existens per se in genere. cuius ratio est. quia quantumcunque
315 325 1016 390 aliqua res non sit in genere nisi per comparationem
306 381 1023 432 ad alias res eiusdem generis. sicut nullo modo
301 413 1011 478 homo posset esse species contenta sub hoc genere animal¬
297 467 1017 523 nisi esset aliqua alia species contenta sub eodem gene
310 513 1009 564 re. tamen posito per impossibile quod nulla esset alia
304 555 1008 608 res ab homine et asino et ceteris animalibus. adhuc animal
307 600 1002 659 esset genus et homo esset species. ergo per compationem
298 635 1007 703 ad res alterius generis. non est homo in genere
300 689 997 740 animalis. ergo compossibilitas hominis cum aliis rebus ab
288 734 1005 781 animalibus: cum quibus non est compossibilis. non facit
288 771 994 828 per se hominem esse in genere animalis. nec partialie
288 820 996 874 nec totaliter. ⁋ Preterea. sicut indiuidua se ha
286 855 987 923 bent ad speciem. sic species ad genus. sed posito quod
292 898 990 964 sint duo homines secundum suas essentias absolutas. po¬
279 942 989 1004 sito per impossibile quod cum nullo essent compossibiles
280 993 1001 1055 adhuc illi homines essent eiusdem speciei. ergo po¬
282 1030 1001 1091 sito per impossibile quod essent homo et asinus. et cere
283 1073 996 1137 ra animalia. sine omni compossibilitate cum alia re. ad
279 1117 990 1182 huc essent in eodem gaonere. igitur compossibilitas
279 1169 986 1221 non facit per se aliquid esse in genere. hoc tamen non ob¬
283 1208 995 1266 stante est conditio conueniens omni existenti per se in
289 1260 985 1310 genere. ⁋ Tertio dico quod deus non est in genere
298 1294 992 1359 hoc tamen difficile est probare. Ueruntamen persuadeo
274 1350 984 1400 magis per viam narrationis quam per viam probationis
298 1383 990 1450 ⁋ Primo sic. si deus esset in genere. aliquid esset
271 1436 986 1493 genus respectu dei et aliorum. consequens est falsum. quia si
271 1464 977 1535 sic. illud esset ens vel aliquid aliud commune deo a crea
267 1520 980 1581 turis. sed ens non est genus cuius ratio est. quia omne
267 1562 981 1621 genus separat illud cuius est genus ab alio. hoc
267 1612 980 1664 patet. vii. tho. Ubi vult quod omne genus positum in
261 1651 981 1713 diffinitione siue sit diffinitio per additamentum
268 1689 983 1751 siue per se. separat diffinitum ab aliquo. hoc in¬
268 1741 981 1795 telligo sic. quod aliqua negatiua negans aliquid ab
258 1777 972 1836 illo genere est immediata. et negatiua negans il¬
261 1818 965 1879 lud idem a specie est mediata. sed nihil potest nega
265 1868 969 1926 ri ab ente in negatiua immediata. cum ens praedicetur
261 1912 969 1974 de quolibet. ergo ens non est genus. et isto modo potest
256 1953 965 2012 intelligi philosophus. tertio metha. quod omne genus vere ne¬
262 2000 978 2053 gatur ab aliqua differentia sed ens a nulla vere negatur.
259 2038 966 2102 ergo ens non est genus. Simil ter aliud ab ente commune
253 2092 966 2151 deo et alicui certe creature non est genus. quia ge¬
256 2130 963 2189 nus quod praedicatur de magis differentibus praedicatur de
244 2180 972 2233 rebus minus differentibus. sed tale commune non praedicatur de
250 2210 971 2279 omni illa. ergo etc. ⁋ Secundo declaro hoc idem sic. quia omnia
250 2259 964 2324 quae sunt in genere habent certam proportionem et perfe¬
250 2311 959 2363 ctionem inter se. sed deus in infinitum excedit omne aliud
243 2354 954 2411 a deo. ergo in nullo genere est cum quocunque alio a
242 2395 961 2457 deo. Et per istam rationem possunt intelligi ratio Augusti¬
239 2441 956 2500 ni. et Auicen. Unde augus. vii. de trini. c. xii. probat
235 2487 957 2545 quod divina essentia non est species neque genus. quia semper
245 2532 953 2582 plura contenta sub specie vel genere dicunt plus
234 2576 951 2628 perfectionis: quam vnum solum. sed hoc non posset esse ni¬
231 2616 968 2678 si omnia contenta sub genere haberent certam
1128 229 1830 311 proportionem ad inuicem secundum perfectionem. Sed
1117 297 1839 353 enim aliquid contentum in genere in infnitum exce¬
1128 334 1838 397 deret omnia alia contenta in genere. non plus perfectio¬
1123 383 1823 444 nis dicerent illud vnum et omnia alia quam illud vnum
1123 423 1821 487 solum. Sic etiam posset intelligi ratio eiusdem
1129 469 1826 539 quam adducit secunda opinio recitata. ita quod per illam
1114 523 1828 579 quasi probat vnam propositionem istius rationis principalis.
1108 560 1829 615 sic arguendo. omne per se in genere minus perfectionis
1114 601 1818 664 includit per se sumptum quam cum alio sed solus deus non minus per
1105 643 1819 714 fectionis includit per se quam cum alio. ergo solus deus non est in genere
1116 687 1829 749 Minor probatur. quia omne quod potest substare acci¬
1104 735 1827 802 denti. minus perfectionis dicit per se quam cum alio. quia
1102 773 1827 839 omne tale perficitur ipso accidente recepto. sed solus
1101 827 1812 887 deus est qui non est accidens nec perficitur accidente
1101 859 1807 926 ergo solus deus est qui non minus perfectionis inclu¬
1112 914 1812 970 dit per se quam cum alio ⁋ Quanuis ergo sic posset exponi
1102 954 1811 1016 beatus augustinus ad probandum quod deus non est
1092 995 1814 1061 in genere. tamen sciendum quod non est intentio beati au
1096 1056 1807 1105 gustini probare quod deus non est in genere. sed est inten¬
1098 1095 1814 1150 tio sua probare: quod essentia diuina non est species. et
1105 1130 1800 1201 ipse persone indiuidua. quia tunc sicut conceditur quod
1095 1175 1806 1236 pater et filius et spiritus sanctus sunt tres persone.
1095 1223 1812 1282 ita oporteret concedere quod sunt tres essentie. Si¬
1093 1268 1799 1328 militer si essentia esset genus. et tres persone species
1089 1317 1799 1367 oporteret idem concedere. quia de quocumque predi¬
1095 1350 1808 1416 cantur indiuidua in plurali. vt dicantur plura in¬
1085 1392 1793 1454 diuidua. de eisdem praedicatur in plurali tam nomen
1078 1441 1803 1505 speciei quam nomen generis. Unde dicitur sic. Si genus
1089 1488 1800 1548 est essentia. species autem persona. oportet appellari.
1084 1529 1791 1587 tres essentias etc. Et sequitur. Neque enim species plu
1090 1573 1797 1629 raliter dicta est. et singulariter genus. et sequi
1083 1616 1805 1673 tur. sicut dicuntur abraham ysaac ac iacob tria in¬
1078 1664 1796 1716 diuidua. ita tres homines et tres anime etc. Ex
1077 1704 1787 1772 istis patet quod non intendit ibidem Augustinus pro¬
1078 1743 1787 1815 bare aliud nisi quod essentia nec est species nec ge¬
1081 1796 1781 1854 nus personarum. ⁋ Per praedictum etiam modum potest
1078 1831 1787 1898 intelligi Auicena. quod per partem non intelligit proprie¬
1072 1882 1778 1946 partem. sed intelligit quod illud quod importatur per ge
1078 1930 1782 1980 nus sit pars. non quidem pars proprie dicta. sed dicitur
1083 1967 1790 2028 pars. quia plus perfectionis est in illo cum alio quam in il¬
1074 2012 1790 2076 lo solo. sicut dicimus quod vna species vel celum est pars
1072 2052 1790 2118 vniuersi. quia scilicet plus perfectionis est in vniuerso
1078 2099 1781 2164 quam in celo vel quocumque alio vno per se sumpto.
1081 2146 1775 2209 Non sic autem possumus dicere quod deus est pars
1069 2194 1779 2246 vniuersi. quia non plus perfectionis est in deo ea vni
1071 2232 1795 2305 uerso quam in deo solo. ⁋ Quarto dico quod non potest per
1065 2277 1779 2340 rationem sufficienter probari deum non esse in genere.
1066 2327 1776 2387 qui nec per simplicitatem dei sicut ostensum est. nec per
1060 2368 1770 2434 necessitatem dei. quia non plus potest probari deum
1069 2408 1770 2474 non habere conceptum generis per necessita
1059 2447 1767 2515 tem dei. quam deum non hahere conceptum communem
1069 2497 1775 2553 vniuocum. cum vterque sit equaliter extrinsecus
1054 2538 1764 2607 et extra essentiam dei et ideo propter conceptum talem in nullo
1053 2585 1769 2647 derogatur neccesstati divine. nec est potest sufficientur proba¬
1057 2627 1767 2687 ri per infinitatem dei quia quantumcumque deus in infitum excedat
