2252 3069
467 207 1183 295 est albus. et ita de aliis. ⁋ Per hoc respondeo
466 272 1173 338 ad comme. quod de concretr significantibus formas
474 310 1181 380 vel res accidentaliter praedicatur esse genus vel differentiam ita
467 357 1177 425 quod hec sit per accidens. animal est genus. et hec similiter. rationa
471 407 1184 464 le differentia et si ita esset de abstractis non esset contusi praedicta
484 441 1181 520 ⁋ Ad secundum principale dico quod genus non est proprie
462 489 1194 551 materia sed dicitur materia metaphorice. quia sic ma
471 535 1180 599 terie praexistenti aduenit forma et facit vnum cum ea
470 579 1192 639 ita generi aduenit differentia siue essentialis siue ac¬
474 625 1185 688 cidentalis non curo ad praesens. et facit vnam diffinitio¬
474 667 1186 724 nem cum ea proprie dictam vel per additamentum. Per
476 707 1189 773 idem patet ad consmnem. quod genus dicitur materia. quia in diffi¬
469 753 1189 814 nitione quasi recipit differentia scilicet essentiales et qualitates.
477 794 1190 866 hoc est differentias accidentales. ⁋ Ad vltimum patet prius quod sim¬
481 839 1186 906 liciter simplex potest vniuocari in aliquono obstante
477 884 1187 962 sua simplicitate. Questio tertia.
671 935 1181 1039 Irca idem secundo
687 1014 1195 1086 quero Utrum omne genus diuidatur in
687 1061 1183 1118 suas species per differentia constitutiuas spe
684 1108 1193 1160 cierum et diuisiuas ipsius generis.
485 1148 1184 1215 Quod sic. omnis species est diffinibilis. sed omnis diffinitio
483 1188 1198 1262 constat ex genere et differentia ergo omnis species constituitur per differentiam
486 1236 1189 1298 in genere ⁋ Ad oppositum. simpliciter sinplex non habet
498 1283 1196 1342 brffrentiam. sed seipso differt a quocumque differt. sed mul
483 1328 1199 1383 ta simplicia sunt in genere ex priori quaone. ergo etc. ⁋ Ad
496 1366 1199 1430 istam questionem est communis opinio modernorum. quod omnis
491 1410 1202 1479 species componitur ex genere et differentia. et quod omne genus diuiditur
485 1456 1192 1525 per differentia in suas species. ⁋ Pro ista opinione non vidi
485 1499 1192 1560 multas rationes. quia ab omnibus supponitur tamquam certa
516 1549 1195 1607 pro ista opinione potest argui et per rationes et per auctes
510 1592 1204 1644 rationem primo sic. Si non omnis species haberet differentiam
494 1634 1201 1692 essentialem. sequeretur quod conceptus speciei esset ita sim
503 1674 1210 1739 plex sicut conceptus generis. consequens est falsum. ergo
500 1720 1204 1780 et antecedens. falsitas consequentis patet. quia quanto aliquid est con
494 1766 1195 1824 us tanto est simplicius. Aliter enim posset conceptr
498 1808 1211 1872 speciei esse ita simplex sicut conceptus entis. quod
509 1854 1201 1910 videtur absurdum. consequentia patet. quia conceptus speciei non po
498 1897 1201 1961 test esse compositior conceptu generis. nisi quia includit
502 1940 1204 2008 conceptu generis et aliquid plus. sed illud non potest esse
498 1984 1208 2046 nisi differentia erg conceptus speciei includit differentiam. Secundo
501 2033 1207 2091 sic. si species aliqua non haberet differentiam. hoc non esset nisi propi
498 2072 1217 2126 simplicitatem ipsius. sed aliquod simplex habet iferentim.
501 2122 1219 2185 ergo simplicitas non impedit. et ita quaelibet habebit
498 2170 1220 2220 differentiam. Assumptum patet. quia omne genus descendens
502 2213 1214 2275 in aliquam speciem. per differentiam descedit in speciem condi¬
515 2259 1214 2318 uident est per differentiam oppositam. sed aliquod genus
508 2307 1226 2355 descendit immediate in speciem simplicem et composi¬
505 2348 1222 2398 tam. sicut patet de substantia quae immediate descen
512 2379 1220 2440 dit in corpoream quae est composita et in incorpoream
507 2425 1214 2490 quae est simplex. et in substantiam corpoream descendit per
523 2470 1229 2529 iferentim manifestum est. ergo in substantiam incorpoream descen¬
510 2521 1217 2575 det per differentiam. ergo etc. Ihaior princip alis patet. quia omnis
517 2560 1226 2616 differentia habet aliquam differentiam sibi oppositam. sicut omnis
514 2603 1229 2674 species habet aliquam speciem sibi correspondentem. ⁋ Tertio sic.
1284 206 2006 277 omne commune contrahitur ad suum inferius. ergo genus con
1285 261 1994 314 trahitur ad speciem. et non per seipsam. ergo per aliquam
1287 301 1999 361 differentiam additam. ⁋ Per auctoritatem primo sic. secundum bocti.
1289 346 2001 403 species dicit totum esse indiuiduorum. non autem genus
1287 388 2001 450 hoc non posset esse nisi indindua in que diuiditur
1285 438 1994 490 species non haberent differentia non importatas per speciem. es
1301 473 1999 540 species haberet differentiam non importatam per genus. Confir
1295 522 2008 582 matur hoc. quia aut genus dicit totam esentiam speciei aut
1289 561 2000 635 partem. si totam. ergo sicut species dicit totum esse indiui¬
1297 605 2002 667 duorum. ita genus diceret totum esse specierum. Si dicit
1296 651 2002 718 parte. ergo est aliquid in specie non importatum per ge¬
1294 696 2007 758 nus. et illud non potest esse nisi differentia ergo etc. Si autem
1296 750 2006 806 dicis quod genus non dicit totam essentiam speciei nec
1287 787 1999 851 partem. ergo non est praedicatum substantiale respectum
1302 831 2005 895 speciei. quod est contrus consequene. vii. meth ⁋ Preterea secundum por¬
1283 874 2008 940 phi. differentia est qua abundat species a genere. ergo omnis
1305 916 2007 979 species habet differentiam quae abundat a genere. ergo etc. ⁋ Item
1293 964 2009 1016 auicem. v. meth. c. vi. constat quod omnis species discrepat
1299 1005 1996 1065 ab aliis secum conuenientibus in genere per differentiam. Iste
1290 1051 2000 1109 ibidem dico quod genus praedicatur de specie. ita quod
1297 1103 1997 1150 sit pars quidditatis eius. et praedicatur de differentio
1296 1146 1993 1192 ita quod est concomitans eam ⁋ Item. iii. meth. ests no
1299 1183 1999 1246 est genus. quia caret differentia ergo omne genus diuidit
1308 1229 2011 1289 per diferentia. ⁋ Item omns auctores docent inuestigare
1308 1274 2014 1329 diffinitiones rerum per diuisiones. attribuendo semper
1299 1317 2000 1373 alterum diuidentium diffinito. quousque perueniatur ad
1307 1362 2017 1420 vltimum. sed illa diuidentia non possunt esse species. quia
1297 1414 2012 1460 tunc semper in talibus diffinitionibus esset nugatio
1299 1455 2008 1512 ponendo speciem sub genere. ergo illa diuidentia
1305 1497 2020 1548 erunt dicere et habetur propositum. ⁋ Preterea omnis diffini¬
1309 1534 2011 1593 tio componitur ex genere et differentia scundum philosophum et commem. vii
1312 1588 2008 1633 meth. commen. xliii. Sed accidentia sunt diffinibilio
1311 1622 2011 1675 diffinitione proprie dicta. et certum est quod substantie
1302 1670 2015 1726 sunt diffinibiles diffinitone proprie dicta et omnia quae
1308 1711 2018 1766 sunt in genere sunt substantie vel accidentia. ergo
1305 1760 2022 1811 omnia que sunt in genere sunt diffinibilia diffini¬
1300 1800 2021 1852 nitione proprie dicta. et per consequens componuntur ex ge
1306 1845 2051 1899 nere et differentia. ⁋ Quod aut accidentia sint diffini¬
1312 1888 2024 1948 bilia. probatur per philosophum. vii meth. quia vnumquoque sicut
1310 1932 2027 1988 se habet ad quidditatem. ita ad diffinitionem. sed ac¬
1317 1979 2027 2030 cidentia habet propriam quidditatem ibidem sine extrin¬
1311 2020 2024 2077 seco. ergo habet diffinitionem datam precise per
1311 2063 2018 2120 intrinseca. et talis est diffinitio proprie dicta
1318 2105 2033 2170 ergo etc. ⁋ Contra opinionem arguo primo sic.
1320 2155 2017 2217 omnis species est habens genus et differentiam
1321 2196 2027 2256 aliquam secum conuertibile. ergo species quae pre¬
1318 2243 2030 2302 cise est communis rebus simplicibus habet ali¬
1324 2289 2023 2346 quam differentiam secum conuertibilem. consequens est
1325 2336 2036 2396 falsum. ergo et antecedens. consequentia patet.
1330 2376 2028 2431 quia aliqua est species precise communis rebus
1326 2417 2036 2481 simplicibus. sicut patet de speciebus acciden
1324 2456 2030 2523 tium et angelorum. set alsitas consequentis pa¬
1321 2508 2030 2558 tet. quia quero. aut illa species et illa differetia
1327 2552 2036 2603 distinguuntur tantum in conceptum. ita quod nulla
1333 2597 2042 2670 distinctio eis inre correspondeat. aut eis correspondet
