2240 3091
468 208 1187 284 producere notitiam principii. vel de ratione actus
480 265 1187 317 sit generatum habitum. sed in deo est notitia prin
483 312 1189 363 cipiorum et notitia terminorum. et etiam actus
474 358 1187 414 intelligendi. et tamen secundum istos ab istis nihil
480 400 1186 456 producitur. nec aliquod istorum manet ibi sub ratio
487 451 1199 496 ne principii productiui. ergo eodem modo non potest suffici¬
474 487 1189 548 enters probari quod intellectus vel obiectum maneat
469 531 1184 593 ibi sub ratione principii productiui. ⁋ Si dicatur quod no
474 578 1183 626 est simile. quia in deo notitia principiorum et notitia con
484 620 1187 672 clusionis non differunt realiter. nec notitia termi¬
474 663 1187 716 norum et principii. nec actus et habitus. et ideo vnum non
477 713 1196 761 potest esse causa vel productiuum alterius. hoc non suf¬
480 753 1180 801 ficit. quia eadem facilitate diceretur: quod intellectus ha
480 796 1186 846 bens obiectum intelligibile sibi praesens. et notitia
477 840 1184 889 quaecumque diuina non differunt realiter. et ideo vnum non potest
484 886 1193 937 esse productiuum alterius. ⁋ Preterea secunda ratio non
475 928 1190 981 concludit. quia hec est simpliciter impossibilis. obiectum
474 974 1186 1026 vt est inimemoria producit se ipsum vt est in intelligen¬
481 1022 1186 1072 tia. quia ex hoc sequeretur: quod simpliciter idem producit se¬
483 1065 1189 1115 per rationem de qua dictum est dis ii. scilicet quod a determina
483 1110 1186 1160 bili sumpto cum determinatione non distrahente
478 1151 1187 1201 nec diminuente cuiusmodi est omnis determinnatio
474 1193 1190 1244 reduplicatiua: ad determinabile sumptum per se
474 1241 1187 1289 est bona consequentia. et ideo formaliter sequitur. obiectum vt est in
472 1289 1184 1341 memoria producit se velut est in intelligentia. ergo ob¬
474 1324 1186 1380 iectum producit se. illa tamen propositione concessa. non valet
468 1368 1190 1421 argumentum. quia sicut est imperfectionis quod obiectum habet
477 1406 1181 1466 esse secundum quid per te: ita secundum alios est imperfectionis quod ali
475 1456 1186 1511 quid producatur. et ideo dicerent quod impossibile est aliquid
474 1505 1189 1556 produci nisi sit imperfectum. sed in deo nihil est imperfe¬
468 1546 1178 1604 ctum. ideo dicerent quod nihil ad intra posset produci
468 1588 1181 1641 Unde dicerent: quod auferendo quicquid imperfectionis est non
469 1641 1184 1688 remanebit obiectum gignere aliquid. quia dicit imperfer¬
480 1683 1178 1723 ctionem: quamuis non in producente: tamen in producto neces
472 1719 1186 1769 sario dicit imperfectionem secundum eos. et huius oppositum
469 1765 1190 1814 non probatur. ⁋ Preterea tertia ratio non concludit quia
480 1814 1181 1868 per idem argumentum probaretur quod deus necessario cau
475 1849 1190 1901 sat. et necessario finit aliquid sicut causa finalis. quia
474 1896 1180 1949 causare aliquid non dicit imperfectionem. similiter etiam fi¬
469 1941 1187 1993 nire. quia si dicerent imperfectionem: non possent compe¬
472 1985 1190 2041 tere deo. ergo si necessitas in qualibet conditione
474 2020 1183 2079 entis quae non est ex ratione sua imperfecta est simpliciter perfe
480 2071 1186 2122 ctionis. ergo etiam in causatione tam causae efficientis quam fi¬
475 2111 1184 2174 nalis. quod est manifeste falsum. etiam secundum eos ⁋ Si
478 2157 1190 2215 dicatur quod non est simile: quia quamuis causare non dicat imper
468 2198 1187 2255 fectionem in causante: dicit tamen imperfectionem in cau¬
468 2245 1187 2309 sato. et ideo non potest competere deo ad intra. ⁋ hoc
468 2286 1180 2340 non sufficit. quia eadem facilitate dicerent alii. quod pro¬
474 2333 1190 2388 ducere quamuis non dicat imperfectionem in producen
472 2375 1174 2428 te. dicit tamen imperfectionem in producto. et ideo non potest con
471 2419 1189 2474 petere deo ad intra. Dicerent ergo ad rationem breuitur
469 2474 1187 2517 quod necessitas competit omni conditioni entis quaie non
474 2515 1180 2562 dicit imperfectione. et est conditio penitus absoluta et
477 2555 1189 2609 non connotatiua. vel saltem non est connotatiua neces
471 2601 1192 2669 sitanter in alio. Uerbi gratia ens diuiditur per actum et
1296 203 2002 278 potentiam et actus ibi simpliciter absolute accipitur. et ideo
1290 276 2001 327 actus erit necessario. sed ens diuiditur per creatiuum et
1302 311 2012 360 creabile. et creatiuum est extremum aliquo modo perfe¬
1300 359 2006 408 ctius. ideo creatiuo necessitas attribuitur: sic di¬
1302 399 2003 452 cendo creatiuum est necessarium vel necessario est. et
1302 443 1994 496 quando necessitas vnius connotat necessitatem in alio
1290 493 1993 542 tunc non oportet. sicut ens diuiditur per creans et creabi
1288 533 2000 582 le. causam et causatum: et sic si haec esset neccessaria. creans est
1287 577 2003 624 hec erit necessaria. creatum est. sicut si hec esset ne¬
1290 621 2005 670 cessaria. causa est. et hec est necessaria. causatum est. et ideo
1299 664 2003 716 necessitas isti conditioni entis non attribuitur. vel
1284 710 1993 759 saltem non necessario attribuitur sibi: quamuis haec poss
1285 754 2003 799 concedi. creans necessario est. vel causans neces
1290 798 2002 852 sario est. sed ista: deus creat: deus causat. non erit:
1288 843 1997 889 necessaria. sed tamen contingens. et ideo quaelibet talis. cre
1294 885 1997 931 ans necessar o creat. causans necessario causat
1287 928 2006 980 est simpliciter impossibilis. quia ponit necessitatem: non
1285 976 2006 1025 solum in illo quod est causa vel creans. sed etiam in alio.
1309 1018 2008 1069 ⁋ Preterea confirmatio non concludit. quia dice¬
1288 1063 1991 1112 rent alii quod productio naturalis non est prima: sed pre
1287 1103 1996 1152 ductio voluntaria. et illa est ad extra non ad intra¬
1290 1150 2005 1203 Similiter philosophi dicerent quod productio naturalis esset pri
1297 1201 2006 1248 ma sed non ad intra: sed ad extra. nec eius oppositum
1284 1239 1996 1293 potest probari: sicut postea ostendetur ⁋ Preterea
1284 1286 2022 1332 quarta ratio non concludit. quia in forma illius rationis est
1287 1326 1997 1380 fallacia consequentis. arguendo a superiori ad infe
1281 1369 1994 1421 rius sine distributione. Unde non sequitur relationes
1297 1412 2003 1467 secundi modi opposite possunt competere eidem. ergo iste re
1288 1457 2003 1504 lationes illius modi. scilicet relatio producentis et produ
1290 1503 1996 1547 cti possunt competere eidem. si autem accipiatur quod omnes re¬
1297 1545 1997 1604 lationes illius modi possunt competere eidem: tunc est ma¬
1294 1588 2006 1646 ior falsa. quia iste relationes causa et causatum non possunt
1285 1630 2009 1680 competere eidem. et ita de multis aliis. ⁋ Si di¬
1296 1680 2009 1730 catur quod quae ratione relationes motiui er mobilis possunt
1285 1720 2009 1772 competere eidem creato: eadem ratione relationes produ¬
1287 1770 1997 1817 centis et producti possunt competere eidem increato
1302 1808 2009 1857 ⁋ hoc non probat. quia dicerent alii quod non est simile. quia
1281 1853 1993 1909 idem simpliciter potest esse motiuum et mobile. sed impossi¬
1284 1894 1993 1944 bile est quod idem sit producens et productum. et ideo non est
1287 1941 1999 1988 simile. ⁋ Ad primam confirmationem dicerent. quod non con¬
1288 1983 2022 2040 surgit precise ex illimitatione voluntatis quod potest
1278 2027 1996 2076 fundare relationes oppositas tales. sed consurgit
1285 2079 2003 2122 ex actiuitate voluntatis respectu alicuius effectus.
1288 2111 1997 2165 etiam posito quod nullum actum posset producere. et ex
1287 2161 1997 2210 potentia passiua ad illum eudem effectum. sed omne ta¬
1290 2201 2005 2249 le et omne consimile repugnat deo. Dicerent quod ta
1291 2249 1999 2295 les relationes opposite non possent eidem compe¬
1284 2289 2003 2339 tere. ⁋ Ad aliam probatione confirmantem dico:
1296 2335 1991 2385 quod probaret quod causa et causatum non possunt com
1291 2380 2009 2433 petere eidem. quia sunt relationes opposite. et ideo
1290 2427 2005 2481 dicerent quod sicut aliqua relatiue opposita pos¬
1294 2467 2009 2516 sunt competere eidem et aliqua non. ita eodem modo
1279 2509 2000 2563 aliquem relationes correlatiue possunt compete
1279 2552 2002 2610 re et aliqua non. et ideo illa propositio quod omnes tales equaliter in¬
1279 2598 2009 2667 cludunt negationem esset neganda ab eis. nec probatur
