2251 3056
423 166 1123 231 diuinam. ⁋ Secundo potest obiici contra hoc quod dicitur quod
417 235 1130 276 non sint talia signa vel instantia originis et na¬
411 269 1130 325 ture. quia vbicumque est simultas opposita prioritati
417 309 1129 363 et posterioritati: ibi inter prius et posterius potest re
423 352 1129 404 periri praoritas et posteritas secundum aliquod signum
412 398 1118 456 sed de aliquibus dicitur quod sunt simul natura. ergo quando ali
412 453 1132 493 quid est prius natura alio: est in aliquo signo in
414 493 1133 543 quo non est posterius. maior probaturin suo con
423 533 1127 586 trario. ideo enim quia in prioritate perfectionis et causa
417 574 1130 632 litatis non sunt talia signa. non conceditur quod aliqua
412 616 1133 671 sunt simul causalitate et perfectione. ergo vbicumque
420 662 1120 710 est ponere talem simultate: ibi est ponere talia
423 706 1121 759 signa vel instantia. ⁋ Tertio potest obiic contrsi hoc
415 755 1133 811 quod dicitur quod essentia diuina est prior persona. quia vbi¬
415 796 1139 854 cumque est ordo realis ibi est relatio realis. ergo si est
422 840 1129 894 sentia diuina est realiter prior persona diuina: se¬
423 880 1127 942 quitur quod realiter refertur ad personam. ⁋ Quarto
432 926 1125 980 obiicitur contra hoc quod dicitur: quod intellectio et volitio
417 979 1126 1031 est prior persona vel proprietate personali. ⁋ Primo
428 1016 1129 1076 qui omnis actus suppositi praesupponit suppositum a
429 1067 1132 1122 quo elicitur: sed intelligere et velle sunt actus sup
423 1101 1129 1158 positi patris. ergo etc. ⁋ Confirmatur. quia pater prius
414 1145 1133 1199 intelligit quam filius. ergo si intellectio praesupponeretur
420 1190 1132 1241 in patre ante generationem filii: filius non posset
426 1237 1127 1292 intelligere. ⁋ Preterea si intellectio est prior fi¬
419 1282 1135 1332 lio. et intellectio non potest esse respectu alicuius ob
420 1332 1133 1379 iecti nisi respectu filii. ergo illa intellectio est respe¬
420 1365 1126 1426 ctu filii non existentis. ⁋ Quinto obiicitur conclusio ilud
423 1409 1139 1472 quod dicitur quod intellectio creature est prior persona. pri¬
429 1455 1141 1511 mo secundum augustinum. patet de tri. xiiii. verbum natum est
426 1497 1129 1553 de omnibus que sunt in scientia dei. ergo si notitia cre
426 1544 1130 1594 aturarum praesupponitur in patre productione verbi¬
415 1598 1126 1644 sequitur quod verbum nascitur de creaturis prius no
423 1635 1132 1684 tis a patre. ⁋ Preterea quando in aliquo sunt duo or
426 1681 1141 1733 dines. scilicet nature et originis. ordo originis potest
417 1729 1141 1771 compleri in primo gradu ordinis nature. sicut de
428 1765 1139 1825 ordine nature et durationis. sed intellectus diui¬
417 1809 1136 1858 nus comparatur in primo instanti nature ad essen¬
420 1856 1141 1901 tiam diuinam sicut ad obiectum primarium. et in secundo
430 1898 1130 1949 instanti nature comparatur ad creaturam. sicut ad
423 1938 1135 1992 obiectum secundarium. ergo prius natura est essentia
420 1985 1141 2034 diuina intellectui diuino paterno quam creature
416 2026 1139 2076 sed intellectus diuinus habens essentiam diuinam
427 2071 1130 2126 sibi praesentem potest esse productiuus verbi. ergo in illo pri¬
433 2117 1141 2173 ori produceretur verbum. et per consequens ante notitiam
429 2155 1141 2213 creature. ⁋ Preterea nullum essentiale inclu¬
432 2206 1138 2255 dens respectu ad extra est prius persona. sed no
435 2246 1136 2293 titia creature est vnum essentiale includens re¬
439 2290 1130 2351 spectum ad extra. ergo non est prior persona. ⁋ Ad
423 2346 1141 2399 primum istorum dico quod accipiendo prius natura secundum
432 2384 1133 2436 quod distinguitur ab aliis modis prioritatis. potest di¬
432 2426 1135 2472 ci quod salua reuerentia doctoris. talis modus ar¬
428 2462 1130 2524 guendi. a. est prius natura ipso. b. ergo. a. potest esse si
439 2511 1135 2566 ne. bet non probat sufficienter: sed quando consequens est
426 2554 1145 2625 pubium: deberet antecedens probari. quia intelligenti si¬
1245 151 1942 233 gnificatum termini antecedens est eque dubium sicut consequens
1230 218 1944 269 Ueruntamen in vno casu potest teneri illud argumen¬
1230 265 1936 313 tum: vt accipiatur ista propositio quando aliquid est prius
1228 311 1940 362 naturaliter aliquo. ita quod per potentiam creatam
1236 347 1936 406 potest esse sine eo. et per consequens sine quocumque eiusdem rati
1236 401 1942 443 nis vel eiusdem generis diuisim. tunc potest esse sine
1236 446 1942 492 quolibet coniunctim per potentiam diuinam. si ista
1230 491 1946 536 propositio concedatur. ex prioritate nature potest pro¬
1231 525 1943 580 bari separabilitas prioris a posteriori sine peti¬
1239 579 1948 623 tione principii. et isto modo ex prioritate nature
1225 615 1942 670 materie respectu forme. quia scilicet naturaliter hec
1230 657 1949 710 materia potest esse sine hac forma et sine illa for¬
1233 706 1937 756 ma. et sic de qualibet diuisim: sine petitione prin
1236 751 1949 802 cipii. infertur quod per potentiam diuinam materia potest
1231 790 1942 845 esse sine omni forma. Utrum tamen ista propositio sit
1239 832 1968 896 viversalis vera. alias dicetur ⁋ Ad aliam probationem conce¬
1230 879 1943 928 do. quod philosophus habet concedere. quod deus non est prior
1230 930 1946 972 natura corpore celesti. accipiedo prius natura vt
1235 974 1951 1021 distinguitur contra omnes alios modos prioritatis.
1231 1014 1949 1070 Ueruntamen prius natura accipitur pro priori digni¬
1231 1064 1949 1110 tate et perfectione. et sic est concededum quod deus est por
1230 1101 1945 1157 natura omni corpore ⁋ Ad aliam probationem dico quod
1239 1144 1939 1204 concessa illa propositione quod omne absolutum creatum
1230 1183 1948 1244 potest esse sine quocumque alio per potentiam diuinam
1236 1237 1945 1286 nihil est prius natura alio absoluto simplicitur et
1235 1275 1952 1330 absolute loquendo. nisi solus deus. quia nullum est
1234 1319 1939 1375 absolutum excepto deo. quin sine illo quodcumque aliud
1233 1362 1948 1422 poterit esse per potentiam diuinam. Ueruntamen na¬
1231 1410 1955 1463 turaliter loquendo aliquid est prior natura alio. quia
1229 1453 1942 1511 per naturam hoc potest esse sine illo. et sic loquitur
1233 1495 1948 1553 philosophus. et isto modo materia est prius natura for¬
1225 1538 1943 1601 ma. quia naturaliter hec materia potest esse sine ista
1240 1580 1957 1640 forma. et non econuerso. ⁋ Si dicatur quod secundum istum
1236 1632 1954 1686 quamuis hec materia esset prior natura hac forma.
1230 1671 1950 1730 tamen materia absolute non est prior forma absolu¬
1224 1726 1943 1774 te. quia impossibile est per naturam quod sit materia
1236 1759 1968 1819 quin sit forma. Dico quod sicut ex frequenter dictis
1224 1804 1942 1858 potest patere. hec est simplicitur concededa. materia
1231 1855 1955 1902 est prior natura forma. quia habet multas singula
1236 1891 1939 1942 res veras. et tamen hec indiffinita non potest esse vera
1242 1930 1944 1983 materia est. nisi hec indiffinita sit vera forma
1237 1986 1940 2028 est. sed ex hoc non sequitur quod materia non sit prior
1231 2028 1940 2076 forma. sed de hoc conceptu communi ad omnes materias
1237 2068 1952 2117 non potest praedicari esse existere. nisi de hoc communi ad
1242 2112 1958 2160 omnes formas praedicetur esse existere. nisi per po¬
1231 2156 1959 2210 tentiam diuinam. et ideo potest concedi. quod iste conceptus
1236 2200 1943 2256 non est prior natura illo conceptu. sed iste conceptus
1233 2241 1939 2291 non est de essentia rei. sicut frequenter dictum est
1234 2286 1940 2340 ⁋ Ad illud quod secundo obiicitur dico quod proprie loque
1243 2333 1949 2386 do nunquam est simultas aliquorum duorum nisi propter
1233 2376 1942 2429 aliquod tertium idem correspondes vtrique illorum. qua
1240 2418 1942 2473 dicutur esse simul. sicut aliqua dicuntur esse si¬
1243 2464 1940 2517 mul: quia sunt in eodem loco. aliqua quia sunt
1230 2508 1939 2556 in eodem tempore. et ideo non est proprie concedendum
1233 2551 1952 2625 quod aliqua sunt simul perfectione vel causalitate
