2245 3088
283 217 982 305 tam et coeternam. ergo stante ista productione non potest ha
288 289 979 336 bere aliam. ⁋ Contra istam opinionem arguo primo
283 333 976 393 quia non probatur sufficientur quod voluntas sit principium pro
289 377 985 437 ductium spiritus sanctus quam proposito illa accepta scilicet in quocuque
276 422 989 475 est principium aliquod quod ex ratione sua est principium produ
279 468 977 515 ctiuum. est in eo principium producendi etc. videtur esse
277 512 980 559 neganda secundum istum doc. quia si sic. sequeretur quod essent
283 548 987 610 plures persone in diuinis quam tres. probatio istius. quia
270 598 983 652 sicut intellectus est de se principium productiuum no¬
270 644 980 700 titie. ita actus amandi est de se principium productiuum
271 685 980 736 amoris habitualis. ergo cum actus amandi deum sit in
263 723 971 786 deo sine omni imperfectione: erit in deo principium pro
262 770 970 822 ducendi. sed non potest esse principium producendi spiritum
259 806 980 870 sanctum. quia secundum istum doc. voluntas et non actus volen¬
261 857 971 920 di est principium producend spiritus sanctus ergo est aliqua alia perso¬
264 906 967 954 na producta a spiritusancto. ⁋ Si dicatur quod actus
258 950 968 1007 amandi non hahet ex ratione sua quod est productiuus amo¬
262 988 971 1051 ris habitalis. sed tantum in nobis et no vniversaliter. ⁋ Contra.
258 1029 973 1090 eadem facilitate dicetur quod voluntas exratione sua non
257 1074 964 1131 habet quod sit productiua sed tantum in nobis. et ita argu¬
256 1123 974 1172 mentum illud non concludit plus de voluntate quam de
255 1170 968 1217 actu amandi. Eodem modo modo potest argui de actu intel
264 1202 964 1261 ligendi respectu sapientie. quia actus sciendi vel actus
253 1247 971 1305 speculandi est principium productiuum sapentie. Nec
268 1298 974 1348 valet dicere: quod nullum istorum est productiuum nisi ali
251 1338 966 1399 cuius imperfecti et nihil imperfectum est in deo. et ideo non potest
249 1384 968 1441 esse productiuum alicuius ad intra. hoc non valet. quia
252 1421 956 1476 sicut intelligere est perfectio simpliciter. ita ipsa
261 1463 966 1526 essentia est perfectiosimpliciter. ergo ita poterit ali
264 1518 956 1569 quis actus intelligendi esse principium productiuum sa
253 1554 953 1615 pientie in diuinis sicut intellectus est principium
252 1606 949 1664 notitie genite ⁋ Contra istum. videtur quod posito quod
259 1646 956 1699 essent principia productiua alterius rationis quod no
258 1693 957 1750 oportet producta esse alterius rationis. quia principia al
259 1730 960 1794 terius rationis possunt concurrere ad vnum productu. igitur
258 1776 953 1827 ex pluralitate tali principiorum productiuorum non
253 1812 950 1877 potest argui pluralitas productorum. Assumptum patet.
246 1863 965 1914 qui secundum istum doctorem essentia et intellectus concur¬
255 1908 949 1959 runt tanquam vnum principium totale ad productionem
249 1944 949 1998 verbi. et tamen ista sunt alterius rationis. Similiter si repugnet
251 1992 946 2045 intellectui diuino et voluntati divine facere vnum
241 2037 953 2100 totale principium respectu vnius persone producte
247 2086 955 2127 aut hoc est quia vnum est naturale et aliud libe
247 2122 953 2184 rum. aut quia vtrunque est de per se perfectum et in
252 2161 956 2222 finitum se solo sufficiens in ratione principii pro¬
255 2208 944 2271 ductiui respectu sui producti. Primum non im
250 2254 950 2308 pedit. tum quia secundum eum obiectum et voluntas in
246 2299 944 2354 nobis concurrunt: tanquam due cause partiales re
256 2338 951 2394 spectu eiusdem volitionis producende. tum quia
255 2393 947 2440 ymd eundem sicut intellectus paternus habens
247 2426 950 2488 obiectum intelligibile sibi presens est princi¬
249 2468 946 2525 pium productiuum verbi. ita voluntas habens ob
252 2514 947 2564 iectum volibile vel amabile sibi presens est prin¬
250 2552 947 2611 cipium productium spiritus sanctus ergo sicut secundum eum essentia
241 2596 948 2669 et intellectus faciunt vnum totale principium
1080 244 1796 313 verbi. ita essentia que est primum obiectum vo¬
1080 294 1793 354 luntatis et ipsa voluntas facient vnum totale
1080 345 1785 399 principium spiritus sanctus ergo nec in deo nec in nobis est re
1083 386 1793 446 pugnantia: quin principium naturale et liberum
1085 426 1786 482 faciant vnum principium totale eiusdem producti
1095 463 1792 530 Nec secundum impedit. quia sicut dictum est per eum
1080 507 1778 571 dem. essentia diuina et intellectus non obstam¬
1085 556 1773 611 te infinita perfectione tam essentie quam intelle
1074 591 1781 662 ctus faciunt vnum principium totale respectu
1086 648 1784 702 verbi. ergo eodem modo non obstante infini¬
1074 681 1777 745 tate intellectus et voluntatis poterunt face¬
1078 728 1761 794 re vnum principium totale eiusdem producti.
1119 778 1773 842 Ex isto patet quod rationes probantes quod vo¬
1077 814 1784 881 luntas non est principiunm spiritus sanctis inquantum volun¬
1074 861 1769 926 tas. et quod pater et filius non spirandi spiritus sanctus ini quam
1067 906 1771 971 tum diligunt se mutuo. per hoc scilicet quod volun¬
1062 952 1769 1010 tas sit prior actu volendi. et etiam vt prior ta¬
1065 987 1781 1059 li actu mutuo se diligendi. non sunt sufficien¬
1071 1036 1775 1100 tes. quia posito quod esset ibi talis prioritas et di
1059 1083 1766 1139 stinctio non potest probari aliquod illorum esse
1063 1127 1769 1189 principium sufficiens sine alio respectu talis
1071 1175 1768 1228 persone. sicut nec potest probari: quod natura sit
1071 1215 1760 1277 principium sufficiens cuiuscumque persone sine ¬
1067 1255 1768 1312 tellectu et voluntate. ⁋ Si dicatur quod non est
1064 1297 1769 1362 simile. quia nulla personam produci potest in diui
1063 1345 1772 1409 nis nisi per medium intellectus vel volunta¬
1068 1385 1765 1448 tis: et ideo natura se sola sine intellectu et vo¬
1065 1426 1772 1491 luntate non potest esse principiumi totale cuius¬
1069 1481 1785 1531 cunque persone. ⁋ hoc non satiffacit. de hoc enim
1056 1519 1753 1580 est questio. An scilicet ex quo essentia est principi
1057 1567 1768 1624 um actiuum perfectum et infinitum ante possit esse
1075 1607 1756 1668 rincipium sufficiens respectu alicuius persone.
1062 1656 1752 1706 non concurrente intellectu et voluntate in ratio
1055 1692 1772 1751 ne principii productiui. sicut ponis essentiam et im¬
1059 1738 1769 1800 tellectum esse principium totale persone secunde
1056 1778 1756 1846 sine voluntate. et posset eque rationabiliter pro¬
1065 1823 1771 1877 bari vnum sicut reliquum. Ita enim videtur in no¬
1067 1867 1766 1933 pis quod essentia vel natura est principium pro¬
1049 1904 1759 1978 ductiuum sine intellectu et voluntate. sicut intel
1060 1949 1754 2020 lectus sine voluntate. ⁋ Confirmatur. quia
1053 1993 1748 2065 essentia est prior intellectum secundum istos. ergo in illo pri¬
1059 2042 1760 2107 ori poterit habere personam producta. et per con
1051 2083 1747 2143 sequens esset persona aliqua producta ante fi
1045 2127 1760 2195 lium. Ita enim arguunt quod esset aliqua personam pro
1051 2169 1749 2240 ducta ante spiritumsanctum si produceretur a vo
1060 2216 1741 2279 untate inquantum voluntas. quia voluntas ha
1056 2256 1751 2326 bens obiectum diligibile sibi presens est pri¬
1050 2304 1766 2363 or actu volendi. ⁋ Si dicatur quod non est simi¬
1056 2355 1747 2410 le. quia voluntas perfecta habens obiectum diligibile
1051 2389 1748 2460 sibi presens in supposito conueniente est prin
1051 2436 1741 2493 cipium productiuum sufficiens: sed non sic
1047 2476 1761 2542 essentia vt ipsa prior est intellectu. ⁋ hoc non
1045 2523 1754 2580 sufficit. primo quia hoc deberet probari: scilicet quod essen
1049 2567 1747 2627 tia non est sic sufficiens et quod voluntas est sic sufficiens
1038 2617 1742 2677 qui eadem facilitate qua tum dicis quod essentia non est
