2286 3063
317 187 1031 256 citur actu voluntatis nisi praecognitum: potest intelli
310 241 1027 292 gi dupliciter. vel quod actus voluntatis elicitus sit
310 291 1020 345 quo voluntas producit. et sic potest concedi in creatu
307 332 1022 378 ris. quia tale productum est volitum. et nihil est volitum
316 378 1023 423 a. voluntatecreata nisi precognitum. tamen in deo est
313 413 1020 468 simpliciter falsa. quia in deo actus voluntatis et
301 460 1019 515 actus intellectus et voluntas suntomnibus mo¬
309 504 1023 562 dis idem. nec plus distinguitur actus voluntatis a
312 550 1022 607 voluntate: quam distinguitur voluntas a voluntate.
310 585 1018 646 Ueruntamen non est forte propria locutio: actus volun¬
306 634 1009 687 tatis diuine. sed magis proprie dicendus est actus
312 682 1020 738 volendi vel velle quod est voluntas diuina. et ideo si
303 723 1007 780 cut spiritus sanctus qui producitur voluntate non est prie¬
307 772 1004 828 cognitus ita nec spiritus sanctus qui producitur actu
300 815 1010 868 volendi est praecognitus. Aliter potest intelligi: quod
294 864 1007 913 quicqud producitur actu voluntatis est precogni¬
292 904 1010 966 tum. quia quicqud est a voluntate est praecognitum: et sic
291 946 1005 1005 est falsa. etiam in creaturis. quia volitio quae producitur
291 991 993 1048 a voluntate non est praecognita. ⁋ Et si dicatur: quod
307 1033 1001 1086 voluntas est prior spiritusancto. et similiter intel
297 1073 1009 1136 lectus est prior spiritusancto. et in illo priori pater
294 1117 1008 1183 intelligit spiritumsanctum. ergo prius intelligit ante¬
304 1160 1014 1230 quam producat spiritumsanctum. ⁋ Dico quod pater est pri¬
298 1215 1009 1267 or. et similiter intellectus et etiam intellectio est prior
292 1257 1006 1315 aliqua prioritat spiritus sanctus lud dictum est prius dis. ix
292 1291 1010 1346 Et potest aliquo modo concedi quod pater intelligit spi
294 1339 1010 1393 ritusanctum in illo priori. quia secundum beatum augustinum
291 1385 995 1443 iii. de trini. c. xiiii. Pater intelligit omnia in se¬
285 1431 1004 1493 ipso. igitur intelligi. spiritus sanctus in seipso. et per consequens in il¬
287 1467 1001 1531 lo pioitr spiritus sanctus et ita potest concedi aliquo modo quod pater
289 1516 999 1575 in illo priori producit spiritumsanctum. quia scilicet in se¬
282 1553 1002 1623 ipso produci spiritus sancti Uande sicut conceditur quod spirius sanctus est in
277 1609 996 1664 patre. ita potest sub bono intellectu concedi: qua spiritus sancti
285 1652 1006 1702 producitur in patre. et per consequens pater produ sci spiritus sanctus
279 1695 992 1748 seipo. et per consequens produci spiritus sanctis ni illo priori. et ex hoc non
277 1737 1001 1789 sequitur quod sit praecognitus. sed solum sequitur quod sit cogni¬
288 1780 992 1838 tus in aliquo pioir spiritus sanctus et hoc est verum: sicut est verum quod
285 1817 986 1887 est in aliquo pis spiritus sanctus ea et ipre quae est pis spiritum sanctum. Que ii.
516 1874 992 1967 di cundo quero
509 1947 988 2014 Utrum spiritussanctus libere pro¬
502 1996 1000 2059 ducatur ⁋ Quod non arguitur. quicquid li
507 2044 995 2107 bere producitur: producitur contingen¬
271 2075 979 2141 ter. sed spiritussanctus nol pducitur contingentur. quia tunc
279 2133 984 2182 esset contingens. ergo etc. ⁋ Ad oppositum. voluntas est
289 2176 980 2233 potentia libera. ergo illud cuius principium productiuum
277 2211 996 2278 est voluntas producitur libere. huiusmodi ets spiritus sanctus sicut di
275 2264 980 2324 ctum est in. q. praecedenti. igitur etc. ⁋ Ad. q. communiter re¬
272 2299 989 2368 spondetur: quod spiritus sanctus libere producitur. et hoc
270 2351 981 2413 distinguendo liberum contra naturale: vt filius pro¬
270 2392 991 2448 ducitur naturaliter non libere. econuerso spiritus¬
276 2439 991 2501 sanctus producitur libere non naturaliter. Nec ob¬
276 2481 986 2543 stat quod spiritussanctus necessario producitur. quia ne¬
275 2535 986 2593 cessitas stat cum libertate. Unde aliquae primo probant
277 2570 990 2644 quod necessitas staticum libertate respectu eiusdem.
1120 199 1838 275 Secundo ostendunt in quo consistit ratio libertatis.
1150 253 1829 316 ⁋ Primum probat per beatum augustinum in enche
1131 299 1838 357 ca. viii. lxxxiii. vel. lxxii. Sic inquit oportebat
1128 337 1838 404 fieri prius hominem. vt bene velle possit et male. nec
1126 388 1841 449 gratis sibene: nec impune si male. postea vero sic
1125 432 1832 490 erit vt male velle non possit. nec ideo libero care¬
1123 468 1835 538 bit arbitrio. quippe liberius erit quod omnino non potest
1122 513 1829 583 seruire peccato. et subdit quasi pro probatione. Ne
1122 565 1827 616 que enim culpanda est voluntas: aut voluntas non est aut
1120 599 1827 666 libera dicenda non est qua beati sic esse volumus vt esse
1119 652 1832 714 miseri non solum non velimus. sed nequaquam velle possi¬
1117 691 1843 757 mus. ⁋ Preterea anselmus de libero arbitrio.
1113 744 1821 794 c. i. qui sic habet quod decet et expedit vt hoc amit
1122 784 1833 841 tere non queat: liberior est quam ille qui sic habet hoc
1117 820 1824 888 ipsum vt possit perdere. et ex hoc concludit liberior
1116 874 1825 934 est igitur voluntas quae a rectitudine declinare ne¬
1119 915 1839 979 quit. ⁋ Preterea probatur per rationem. Primo quia vo¬
1111 953 1814 1020 luntas diuina necessario vult bonitatem suam. et tamen
1114 997 1823 1068 in volendo eam est libera. igitur etc. minor probatur. quia po
1106 1045 1814 1105 tentia operans circa vnum obiectum non absolute
1105 1085 1811 1149 sed in ordine ad aliud est operatiua circa vtrumque ob¬
1111 1129 1819 1191 iectum. sicut arguit philosophus secundo de anima de sensu communi
1111 1174 1824 1246 sed voluntas diuina refert ad finem omnia alia. ergo opera
1109 1221 1828 1287 tur circa omnia alia. sed circa illud quod est ad fine li
1106 1260 1822 1325 bere operatur et contingenter. ergo libere vult boni¬
1101 1312 1812 1371 tatem suam. ⁋ Preterea secundo probatur idem propter quid
1097 1352 1821 1414 etprimo sic. actio circa finem vltimum est perfectissima
1096 1399 1804 1461 in tali actione necessitas in agendo est perfectionis
1099 1434 1811 1505 ergo necessitas in ea non tollit. sed magis ponit quod est
1093 1490 1814 1547 perfectionis. cuiusmodi est libertas ⁋ Preterea
1105 1533 1822 1591 coditio intrinseca ipsius potentie vel absolute vel
1092 1568 1814 1639 in ordine ad actum perfectum non repugnat perfectioni
1096 1614 1814 1682 in operando. nunc autem libertas vel est conditio in¬
1096 1662 1808 1723 trinseca voluntatis absolute vel saltem in ordine
1098 1706 1817 1766 ad actum volendi. igitur ipsa libertas potest stare cum
1095 1748 1808 1807 conditione perfecta possibili in operando. talis conditio
1093 1786 1799 1855 est necessitas. et specialiter vbi ipsa est possibilis. est
1096 1831 1798 1898 autem semper possibilis vbi neutrum extremum requirit
1095 1884 1805 1936 contingentiam in operatione quae est medium inter extrema
1090 1918 1796 1986 sic est in proposito. igitur etc. ⁋ Circa secundum dicitur quod cum
1086 1968 1796 2029 dicitur voluntatem necessario velle. necessitas potest de
1086 2016 1800 2078 terminare actum volendi vt terminatur ad obie¬
1080 2062 1799 2122 ctum. et sic est verum et manifestum intelligendo de bo
1090 2100 1793 2163 nitate diuina. Aut potest necessitas determina¬
1083 2148 1797 2213 re: actum vt egreditur a voluntate. et hoc potest intelli
1081 2188 1796 2249 gi duplicitur. Uno modo vt sit necessitas prima ad
1080 2235 1799 2298 voluntatem. et voluntas intelligatur cadere sub ne¬
1089 2278 1792 2336 cessitate tamquam impellente in actum et figente in actu
1083 2315 1787 2375 si sic esset voluntas ageretur et non ageret nec staret
1074 2355 1790 2426 tin tali actu libertas alio modo intelligitur necessi
1083 2408 1784 2469 tas concomitans. ita quod ipsa intelligatur cadere sub
1084 2456 1784 2513 voluntate sic quod voluntas propter firmitatem liberta
1083 2500 1789 2561 tis sue sibiipsi necessitate imponit in eliciendo
1071 2547 1793 2601 actum. et in perseuerando siue figendo. se in
1074 2583 1790 2662 actu. et ideo concomitatur eum necessitas nature
