2286 3082
309 205 1016 265 inter se et ab omni calefactione actiua. ita tamen
306 259 1018 319 quod nulla calefactio etiam actiua distingueretur re
307 309 1016 357 aliter a quacumque calefactione actiua. concurreret
310 346 1007 396 ad constituendum diuersa supposita distincta re
310 394 1006 442 aliter: tunc nullum suppositum habens calefactio¬
307 438 1016 487 nem passiuam haberet calefactionem actiuam. et tamen
316 480 1016 531 quodlibet illorum haberet illud principium productiuum
300 524 998 576 et essent hic duo supposita immediate ab eodem
298 576 1001 623 et neutrum ab altero. quia non esset maior ratio quare
301 616 997 666 vnum esset ab alio quam econuerso. ita diceretur in propo¬
303 655 1007 708 sito quod essentia diuina cum vna productione actiua
303 700 1004 753 et duabus productionibus passiuis concurrit ad con
307 742 1010 801 stituendum tria supposita distincta realiter. et ideo
297 780 997 841 quamuis in vno producto sit essentia diuinam quae est prin
301 834 1016 878 cipium productiuum. quia tamen sibi repugnat illa produ¬
307 873 1013 927 ctio actiua. quae realiter distinguitur a productione
295 917 998 968 sua passiua. ideo non potest producere. ⁋ Et si dicatur:
298 966 994 1017 quod si sint due productiones passiue oportet quod sint due
290 1007 1001 1053 actiue. quia distinctis relationibus correspondent
301 1051 994 1096 distincte relationes correlatiue ⁋ Ad istud di
301 1092 1000 1141 cerent faciliter negantes praedictam conclusionem mul
288 1144 1000 1185 tipliciter. Primo. quia sicut sic arguentes ponunt
298 1186 1001 1235 quod relationibus distinctis realiter non correspon¬
292 1225 994 1272 dent relationes distincte realiter. sed tantum formali
279 1270 992 1317 ter. quia generatio actio. et spiratio actio. non distin¬
282 1310 998 1369 guuntur realiter sen tantum formaliter. ita equae faciliter di¬
288 1361 995 1405 cunt ipsi quod relationibus distinctis realiter corre¬
295 1398 983 1455 spondet vnica relatio realis. nec haberent hoc
290 1444 982 1500 pro inconuenienti. ⁋ Secundo dicerent: quod ille relatio
285 1494 994 1538 nes actiones formaliter distinguerentur inter se et
279 1532 976 1584 realiter a qualibet productione passiua. sicut di¬
282 1571 994 1625 cunt isti quod filiatio et spiratio passio possent di
276 1616 986 1668 stingui realiter. non obstante quod filiatio et spiratio
276 1659 997 1719 actio distinguerentur realiter. per hoc saluantes quod spi
282 1708 994 1759 ritussanctus posset distingui a filio. quamuis non pro¬
283 1755 982 1803 cederet ab eodem. et ideo quelibet productio passiua
288 1793 983 1844 distingueretur realiter a qualibet productione acti¬
280 1845 986 1886 ua. ideo nullum suppositum productum posset esse produ¬
286 1876 989 1928 cens. Ad minorem diceret leuitur per praedicta quo fi¬
277 1919 989 1970 lius prius habet voluntatem quam producatur spiritus sanctus et quo non
276 1966 980 2016 Ad probationem dicerent leuitur quod generatio non est
276 2006 988 2063 prior spiratione. Ad probationem patet quod non est ibi talits
276 2057 982 2110 ordo potentiarum. nec actus primi habent talem ordi
273 2103 977 2148 nem sicut isti ymaginantur. Ad confirmationem quod in
274 2143 976 2198 deo intellectus et voluntas non sunt potentie opera¬
274 2184 979 2235 tiue sicut isti ymaginantur. ac si haberent aliquas
284 2229 980 2274 operationes quocumque modo distinctas inter se et ab
282 2266 983 2325 intellectu et voluntate. Ueruntamen in creaturis possunt
283 2316 985 2364 concedi potentie operatiue. quia intellectio et volitio¬
276 2356 976 2415 sunt due operationes vere producte. et sunt aliquo modo
270 2412 977 2461 productiue non tantum illarum operationum sed etiam aliquo
273 2448 985 2496 rum aliorum. sed non est consimilis ordo inter producta illa et
277 2486 983 2545 istas operationes. quia iste operationes distinguuntur re¬
277 2530 988 2584 aliter et vna est effectiue ab alia. sed productum aliquod
261 2573 997 2644 sub istis est vnum et idem quod producitur ab intellectu et
1125 198 1808 267 voluntate siue mediate siue immediate non cure
1110 260 1819 310 ad praesens. ⁋ Ad exemplum posset dici quod multipli
1116 302 1817 346 citer peccat. Primo quia non potest esse talis ordo
1116 347 1822 396 quod siccitas non potest desiccare nisi prius calor ca
1111 390 1826 441 lefaciat. et hoc quando sunt in eodem. quando enim in eodem
1110 433 1816 478 sunt duo pura actiua sufficientia respectu duo¬
1110 482 1811 529 rum effectuum. ita quod neutrum illorum actiuorum est causa
1104 530 1823 576 efficiens partialis alterius. impossibile est quod sit ta¬
1113 567 1814 618 lis ordo quod actio vnius principii praesupponat actum
1114 608 1808 660 alterius. quia illud actiuum ad hoc quod agat non praesup¬
1097 650 1814 704 ponit actionem alterius quod potest agere in passum
1101 688 1811 747 suum sibi approximatum et sufficienter dispositum. etiam
1104 745 1810 792 alio circumscripto. sed circumscripto alio principio
1104 780 1811 833 actiuo. ex hoc ipso quod illud actiuum est sufficienter
1107 826 1805 876 approximatum passo sufficientur disposito. sequitur
1110 871 1807 922 actio secundum istos. igitur illud actiuum non praesupponit
1099 925 1826 969 actionem alterius. et ideo si in igne calor et siccitas
1105 958 1819 1004 sunt due cause actiue calefactionis et desiccatio
1098 1005 1811 1052 nis. et nec calor est causa partialis activa deficca¬
1102 1044 1817 1092 tionis nec siccitas causa partialis calefactionis.
1095 1092 1805 1145 impossibile est quod siccitas ad hoc quod agat praesuppo
1095 1134 1799 1185 nat actionem caloris nec econuerso. ⁋ Si dicatur quod
1107 1178 1802 1225 actio voluntatis praesupponit actionem intellectus
1098 1217 1811 1273 ergo a simili non est inconueniens siccitatem ad hoc
1098 1261 1813 1318 quod agat praesupponere actionem caloris. ⁋ Dico quod
1093 1304 1795 1354 actio voluntatis non praesupponeret actionem inte
1094 1350 1808 1396 lectus. nisi operatio intellectus esset causa saltem
1101 1398 1801 1449 partialis operationis voluntatis. non sic autem effectus
1105 1437 1805 1490 caloris est causa effectus siccitatis. et ideo non potest
1093 1480 1811 1542 esse talis praesuppositio. ⁋ Secundo dicetur quod non sunt
1104 1525 1798 1581 talia instantia nature. et ideo non potest dari aliquod in
1101 1570 1799 1614 stans nature in quo sit pater et spiritus sanctus non pro
1098 1616 1818 1666 ducatur ⁋ Ideo tenendo eandem veritatem cum deter
1104 1658 1799 1708 minatione ecculie. dico principaliter propter auc. saciorum
1102 1700 1796 1746 et determinationem ecclulaie quod spiritus sanctus producitur
1096 1741 1802 1800 a patre et filio. Ad hoc autem adduco vnam rationem
1092 1778 1796 1835 quam non credo ex falsis procedere. sicut praedicte ratio
1092 1828 1802 1881 nes falsa accipiunt. quamuis forte contra grecos non
1083 1883 1804 1922 esset omnino sufficiens si omnino vellent proteruire. ratio ta¬
1092 1915 1798 1963 lis est. quicquid competit patri est cuilibet alteri perso
1090 1957 1805 2013 ne attribuendum nisi contrarium sit expressum in sa
1080 1996 1798 2047 cra scriptura vel euidenter sequatur ex praemissis in
1086 2047 1802 2095 scriptura sacra expressis. vel per se vel medianti¬
1086 2089 1799 2141 bus propositionibus per se notis. vel sit ab ecculsia de
1090 2133 1802 2182 terminatum. sed greci sicut omnes catholici concedunt quod
1092 2175 1800 2229 spiritus suinctus procedit a patre. nec aliquo praedictorum
1089 2228 1798 2270 modorum inuenitur quod spiris sanctus non procedit a filio.
1084 2268 1793 2320 ergo greci propter quos ista quaestio pertractatur habent
1084 2317 1798 2361 cocedere quod spiritus sanctus procedit a filio. Maior
1085 2353 1789 2401 videtur esse manifesta. quia quandocunque aliqua sunt vna
1086 2403 1809 2448 res numero simplex et indiuisibilis. quicquid dicitur de
1086 2444 1808 2492 vno dicitur de alio. nisi contrarium aliquo praedictorum
1091 2483 1802 2531 modorum habeatur.  Minor est manifesta. quia ma¬
1080 2523 1786 2597 gis videtur quod scriptura sacra hoc intimat. ergo etc.
1086 2565 1806 2635 hec est ratio anselui de processione spiritus sancti. vbi
