2256 3063
437 181 1148 277 copulatiua est simpliciter impossibilis. quia altera
428 250 1138 322 pars est simpliciter impostibilis. scilicus spiritusanctum non pro¬
437 290 1138 358 cedit a filio Nec est intentio. q. quaerere vtrum sequatur
428 338 1136 409 necessario spiritus sanctus non procedit a fimili i spiritus ancti
426 390 1136 443 non distinguitur a filio. quia hoc est quaerere de verita¬
435 425 1133 491 te illius consequentie. sed principalis intentio. q. est quaere
439 468 1147 534 re. vtrum in filio praeter spirationem actiuam quae realiter
440 512 1143 581 distinguitur a spiriusancto. sit aliquid quod non est omni
444 557 1151 626 modo spiratio actiua. quod realiter distinguatur
433 598 1144 670 spiritus sanctus et per consequens quo retento omni alio amoto quod ratio
437 646 1150 712 est omnimodo ipsum ex natura rei. constitutum ex il¬
450 690 1145 752 o et essentia diuina distingueretur realitur spiritus sanctus si
446 732 1156 803 cut querere. vtrum posito quod homo non haberet
449 779 1153 845 animam intellectiuam posset homo distingui realiter
450 823 1148 885 ab angelo. est quaerere vtrum in homine praeter animam intel
446 868 1144 929 lectiua: sit aliquid realiter distinctum ab angelo. et
455 912 1140 983 per consequens si ex illo et quocumque alio quod non est anima in
441 964 1152 1025 tellectiua fieret vnum illud vnum qualecumque esset
449 1004 1165 1064 distingueretur realiter ab angelo: quia haberet ma¬
449 1044 1157 1112 teriam distinctam realiter ab angelo. et per consequens totum
449 1087 1160 1156 realiter distinguitur ab angelo. ⁋ Secundario est in¬
452 1134 1163 1195 tentio. q. querere propter grecos. An consequentia euiden¬
456 1178 1160 1236 ti. supposita pluralitate personarum diuinarum. pu
449 1220 1163 1279 ta trium. possit infer spiritus sanctus procedere a filio. et per con
450 1261 1163 1326 sequens. An supposita eadem trinitate personarum.
456 1308 1164 1367 scilicet quod pater et filius et spiritus sanctus sunt vnus deus:
453 1357 1172 1412 sequatur euidentur oppositum antecedentis ex op¬
465 1395 1159 1461 posito consequentis si spiritus sanctus n erocedit da femli s spiritus sanctus non
459 1443 1172 1506 distinguitur a filio. ⁋ Circa secundum declarabo tres
462 1488 1169 1551 conclusiones. Prima erit quod consequentia euidenter nota
455 1535 1176 1592 ex praedicta ypothesi scilicet quod pater et filiu spiritus sanctus sunt
462 1568 1179 1636 tres persone et vnus deus. non sequitum spiritus sanctus procedere
462 1615 1169 1679 a filio. et per consequens quod ex opposito consequentis non sequitur
473 1662 1181 1726 euidenter oppositum antecedentis. ⁋ Secunda erit quod vtra
477 1701 1181 1772 quod praedictarum est necessaria et formalis: quamuis hoc
480 1746 1175 1807 non sit nobis euidenter notum ⁋ Tertia erit quod in
473 1792 1181 1849 filio est aliquid quod non est omnimodo spiratio acti¬
474 1835 1180 1902 ua. ex quo et essentia diuina si constitueretur per se
480 1877 1178 1950 vnum. et illud vnum non constitueretur ex spiratione a¬
474 1920 1180 1981 ctiua. sicut secundum veritatem praecise ex essentia diui¬
489 1977 1190 2026 na et spiratione passiua constitauntur spiritus sancti ilud vnum
486 2005 1188 2079 distingueretur spiritum sanctum ⁋ Prima conclusio probatur.
484 2051 1181 2120 quod ex illa vpothesi praecise non sequitur euidenter spiritusanct
490 2098 1183 2160 habere aliquam relationem oppositam relationi fi¬
487 2140 1189 2208 lii. cum relationes non opposite sicut absoluta re
492 2189 1195 2252 aliter distincta sufficienter distinguunt constitu
489 2228 1199 2293 ta per ipsa. ergo per hoc praecise quod tres persone sunt vnus deus
484 2275 1196 2337 non potest euidenter infer quod spiritus sanctus a filio est sicut ex isto
489 2315 1197 2379 quatecedente praecise. tres puta. a. b. c. sunt vna essen
498 2359 1193 2428 tia nominando illas personas aliis modis quae non
498 2403 1195 2467 directe et determinate important originem vnius per
500 2456 1198 2509 sone ab alia. non sequitur euidenter quod biea est ab. a. nec
509 2491 1205 2566 pa. a. est. a. b. ⁋ Secundo dico quod formaliter et neces¬
505 2533 1201 2604 sario sequitur spiritus sanctus non procedit a filio. ergo non distingui
489 2577 1204 2655 tur a filio. quia sequaitur spiritus sanctus n erocedit a filio. ergo spie
1233 175 1955 250 ratio actiua non est in filio. ergo filiatio non est in fi
1230 229 1953 293 lio. et vltra. ergo filius non distinguitur realiter a spiritu sancto
1256 270 1962 345 Prima consequentia est manifesta. Secunda consequentia probatur.
1254 317 1955 387 uia quandocunque aliqua sunt idem realiter. quorum vnum vel
1250 359 1952 424 vtrumque est proprium illi in quo est. in quocunque non
1248 405 1955 466 est alterum illorum. in eodem non est illud quod est proprium
1242 450 1950 513 illi in quo est. sed spiratio actio et filiatio sunt idem
1245 498 1967 556 realiter. et filiatio est propria illi in quo est. et spira¬
1241 539 1964 601 tio actiua est propria siue communis. sicut est secundum verita¬
1248 583 1954 645 tem communis pri et filio. sequitur spiratio actio non est
1242 628 1967 690 in hoc supposito cui propria est filiatio. ergo filiatio
1254 671 1961 732 non est in hoc supposito.  Maior est manifesta.
1254 711 1965 779 quia quando aliqua sunt propria et sunt vnum realiter. manife
1253 757 1958 830 stum est quod in quocumque est vnum et reliquum. quia si non
1255 801 1960 874 cum nullum eorum ex hoc ipso quod est proprium illi in quo est
1250 844 1964 918 possit esse in pluribus. sequitur quod si vnum illorum pos¬
1260 889 1972 956 sit esse in aliquo reliquo non existente in eodem. in
1254 931 1972 1001 nullo vno sunt illa duo. et per consequens non sunt idem rea
1266 976 1973 1045 iter quod est oppositum positi. Similiter si vnum sit proprium
1268 1023 1981 1087 et reliquum commune. quamuis commune possit esse in aliquo il¬
1263 1064 1985 1128 lo proprio non exntente in eodem. tamen econuerso est impos¬
1257 1106 1988 1178 sibile quod proprium siue incommunicabile sit in aliquo communi
1260 1159 1985 1222 non existenti in eodem. sicut essentia communis et prnitas
1262 1197 1985 1274 propria vni supposito sunt in eodem patre. et ideo quamuis
1267 1243 1982 1306 essentia possit esse in aliquo supposito paternitate
1261 1283 1975 1351 non existente in eodem. tamen impossibile est paternitatem
1266 1326 1982 1394 esse in aliquo in quo non sit essentia. quia sic sequeretur
1266 1374 1988 1445 quod in nullo vno essent essentia et paternitas. et per consequens
1275 1416 1989 1489 non essent idem realiter. sic ergo patet maior. minor etiam
1266 1460 1993 1526 est manifesta. quod enim spiratio actio et filiatio non
1278 1500 1969 1568 distinguntur realiter patet. quia si sicc sicut post probabitur
1280 1547 1990 1611 essent quattuor supposita in diuinis. Alia pars patet
1273 1594 1982 1657 etiam secundum omnes. quod filiatio est tantum in vna persona¬
1281 1640 1993 1714 ⁋ Si dicatur quod ista propositio. spiratio actio et filiatio
1286 1678 1996 1743 sunt idem realiter negaretur a ponentibus contrarium.
1283 1734 1995 1796 ⁋ hoc non valet. per istud argumentum non intendo
1283 1764 2001 1833 arguere contra proteruos. nec probare contra negan¬
1279 1823 2003 1873 tes spimumsctantum a filio procedere. sed intendo probare quod
1290 1863 2005 1917 secundum veritatem est consequentia formalis et neccessaria
1290 1897 2005 1959 spiritus sanctus non procedit a filio. ergo spiritus sanctus non di¬
1284 1941 1998 2007 stinguitur a filio. et quod istam consequentiam esse formalem ha¬
1296 1986 1999 2053 bent concedere omnes tenentes veritatem fidei. sicut
1291 2028 2005 2097 expressa est in sacra scriptura. et a determinatione
1296 2074 2009 2138 ecculie. et a sanctis exponentibus scripturam. quamuis
1293 2115 2011 2182 ista consequentia ponendo praecise pro antecedente quod pater et filius
1293 2164 1999 2235 et spiritus sanctus sunt tres persone realiter distincte et
1300 2210 2011 2270 vnus deus non sit nobis euidenter nota. ⁋ Tertia
1302 2251 2005 2313 conclusio patet ex praedictis. quia filiatio distinguitur rea
1308 2296 2016 2360 iter a spiratione passiua. ergo ipsa posita quocumque
1299 2338 2018 2400 alio circumscripto. sequitur ipsam distingui a spi¬
1305 2388 2018 2446 ratione passiua. et per consequens sequitur constitutum ex spira
1305 2424 2008 2496 tione passiua et quocunque ex vna parte. et constitutum
1295 2472 2011 2534 ex filiatione et quocumque alio ex alia parte distingui
1302 2513 2027 2576 realiter. et ita in filio praeter spirationem actiuam est ali¬
1301 2559 2022 2642 quid sufficienter distinguens ipsum a spiritu sancto realiter.
