2290 3091
328 203 1029 292 ⁋ Ad primum principale dico quod persone distinguum
312 271 1013 327 tur per relationes dipratas realit distinctas. nec
306 309 1021 375 ex hoc sequitur quod sunt quatuor supposita in diui¬
306 359 1017 420 nis. quia non sunt quatuor relationes in diuinis re
298 393 1020 465 aliter distincte. quia quamuis spiratio actiua distin¬
309 451 1016 516 guatur realiter a spiratione passiua: non tamen distingui
303 495 1009 555 tur realiter a paternitate vel filiatione. et ideo quam¬
294 536 1010 591 uis faciat numerum cum spiratione passiua vt ve¬
295 579 1014 643 re dicatur. spiratio actiua et spiratio passiua sunt
294 620 1005 683 due relationes non tamen facit numerum cum paterni
291 671 998 728 tate et filiatione vt vere dicatur quod sunt tres rela¬
301 712 999 777 tiones. et ideo non sunt quatuor supposita. ⁋ Ad
284 750 1011 825 secundum dico quod non est simile de filio respectu patris et
287 800 1006 863 di spiritus sanctus espectu filii. quia nihil est in filio circumscri¬
291 842 992 911 pta filiatione quod distinguatur realiter a quocumque ex
279 890 1004 950 istente in patre. nec est aliud in patre praeter paternitatem
285 937 1002 996 quo distinguatur realiter a filiatione vel filio. et ideo so
279 970 995 1038 la paternitas et constitutum ex illo quod est realiter filius et
285 1017 1000 1084 paternitate distinguitur realiter a filio. et ideo circum¬
292 1061 989 1128 scripta paternitate nihil remanet distinctum
279 1112 999 1170 realiter a filio non sic autem est de filio t spiritus sanctus quia non tantum
279 1154 989 1211 spiratio actiua qua filius produci spiritus sanctus distinguitur re
285 1198 999 1256 aliter spiritus sanctus et ideo circumscripta spiratione actiua
282 1245 994 1299 adhuc remanet aliquid realiter distinctum a spi¬
280 1281 993 1359 titusancto. ⁋ Distinctionis. xii. Questio iest
607 1339 997 1435 Irca distin¬
598 1426 993 1482 ctione duodecimam quaero pri¬
598 1462 992 1529 mo ⁋ Utrum pater et filius
591 1508 981 1571 sint vnum principium spirans
588 1550 981 1616 tusanctus. ⁋ Quod non. quia quaelibet ter¬
595 1597 987 1657 minus suppones pro aliquo
270 1635 987 1699 in diuinis: supponit pro essentia vel pro persona vel
268 1684 978 1741 pro aliqua relatione. cum quodlibet quod est in deo vel sit
271 1729 977 1789 essentia vel persona vel relatio. et hoc formaliter: ergo
270 1762 974 1832 si hec sit vera. pri et filius sunt vnum principium spirans
276 1808 999 1876 s sactus praedicatum vel supponit pro essentia vel pro persona¬
273 1857 984 1920 vel pro relatione. Primum non potest dari. quia essentia
270 1899 971 1963 non est principium spirans spiritum sanctum Nec secundum quia quacumque
267 1946 971 2008 persona data hec est falsa. pater et filius sunt hec persona
258 1992 978 2051 spiran spiritum sanctum Nec tertium propter idem. quia quacumque re
264 2029 964 2086 latione data: hec est falsa pri et filius sunt hec relatio
264 2071 974 2139 spiran spiritum sanctum ⁋ Preterea principium ibi: aut dicit ali¬
262 2127 975 2187 quid essentiale: aut aliquid notionale. Non essen
264 2164 967 2222 tiale. quia predicatum non praedicatur de aliquo essenti
267 2208 971 2261 ali sicut dictum est. nec notionale. quia illud non pos
256 2247 967 2310 set esse nisi persona cum relatio non sit principium spi
252 2303 974 2355 rans. ⁋ Preterea multiplicato priori multipli
265 2341 962 2403 catur posterius. sed paternitas et filiatio sunt priores
253 2381 958 2437 spiratione actiua. ergo cum paternitas et filiatio sunt
264 2434 971 2492 plures relationes: spirationes actiue erunt plures
264 2477 968 2538 et per consequens pater et filius non sunt vnum principium spri¬
258 2521 970 2585 rans sed plura principia spirantia ⁋ Ad oppo
261 2556 959 2623 situm est determinatio ecclesie extra de summa
240 2607 967 2683 tri. et fi. cau. et ponitur in libro vbi dicitur sic. fatemur
1108 217 1830 305 quod spiritus sanctus eternaliter ex patre et filio. non tanquam
1111 287 1825 336 ex duobus principiis: sed tanquam ex vno princi¬
1111 327 1820 389 pio. non duabus spirationibus sed vnica spiratio¬
1107 376 1818 436 ne procedit. ⁋ In ista quaestione sunt due difficulta
1116 419 1821 472 tes. vna realis scilicet an in patre et filio precise sit
1114 462 1817 526 vna spiratio. Alia est partim realis et partim gra
1107 509 1826 568 maticalis. an scilicet tales propositiones debeant con¬
1116 554 1827 615 cedi. pater et filius sunt vnus spirator. pater et
1101 585 1814 657 filius sunt vnum principium spirans. et sic de consimi
1113 637 1828 700 libus. Primo ergo videndum est de prima diffi¬
1111 681 1826 739 cultate. secundo de secunda. ⁋ Circa primum sciendum
1098 723 1816 788 quod difficultatem facit hoc quod videtur quod quantumcunque
1099 774 1826 823 fundamentum relationis sit vnum. si tamen relata sunt
1110 817 1818 880 distincta oportet quod relationes sint distincte.
1110 856 1817 918 ita quod non tantum ex distinctione fundamenti et termi¬
1104 907 1819 964 ni sequitur distinctio relationis sed etiam ex distin
1105 948 1818 1006 ctione relati. Assumptum potest probari. ⁋ Primo
1105 994 1817 1049 qui si eadem forma secundum numerum esset similis in duo
1102 1034 1811 1100 bus subiectis distinctis localiter. illa forma pos
1094 1080 1806 1135 set esse ratio agendi vni illorum subiectorum. quamuis
1096 1123 1804 1179 non esset ratio agendi alteri propter indebitam di¬
1105 1160 1812 1232 stantiam illius alterius agentis ad omne passiuum
1100 1215 1820 1273 ergo illo casu posito respectus de genere actio¬
1090 1250 1817 1311 nis vere esset istius agentis et non illius. ergo si
1098 1296 1808 1364 aliud agens incipiat habere passum sibi appro
1090 1348 1810 1403 ximatum. et si incipiat agere. illud agens habe esn
1102 1389 1802 1454 bit nouum respectu de genere actionis. et per consequens
1087 1437 1808 1500 erunt duo respectus propter diuersitatem supposi
1086 1473 1824 1543 torum non obstante vnitate fundamenti. ⁋ Preterea.
1084 1519 1809 1584 si eadem albedo secundum numerum esset in duobus sub¬
1090 1561 1799 1624 iectis. vnum illorum esset simile alteri et non vnica
1095 1601 1807 1668 similitudine. ergo distinctis. ergo non obstante
1084 1652 1801 1716 vnitate sundamenti. respectus erit alius. Assum
1087 1695 1796 1757 ptum patet. quia si hoc album sit simile. ergo aliqua si¬
1085 1741 1795 1791 militudine que sit a. tunc arguo sic. A est rela
1087 1783 1793 1847 tio. ergo sibi correspondet aliqua relatio. igitur
1084 1823 1800 1892 sunt due similitudines et tamen fundamentum est idem
1074 1875 1815 1935 et terminus primus est idem. ⁋ Preterea. si idem corpus
1077 1911 1806 1982 esset in distinctis locis. idem corpus haberet di
1082 1953 1794 2012 stinctos respectus vbiales et tamen simpliciter idem. ⁋ Ex
1072 2005 1800 2063 istis potest argui sic. pluralitas relationis depen
1083 2043 1796 2109 det ex relatis. sed in proposito supposita relata spi¬
1068 2086 1805 2155 ratione actiua sunt plura. ergo non obstante vnitate.
1075 2127 1784 2196 fundamenti spirationes actiue erunt plures. ⁋ Sed
1065 2178 1793 2247 istis non obstantibus dico quod est vnica spiratio
1078 2216 1781 2274 activa. quamuis hoc per rationem euidenter probari non possit.
1075 2263 1790 2324 sed hoc sequitur ex veritate fidei qua dicitur. quod tantum
1071 2309 1779 2369 tres sunt persone in diuinis. pater et filius et spiritus san
1076 2358 1768 2409 ctus. quia sicut post patebit quaelibet relatio diuin
1065 2403 1777 2462 que a qualibet relatione diuina realiter distinguitur.
1059 2448 1781 2506 constituit suppositum distinctum. sed si essent due
1066 2484 1781 2541 spirationes actiue realiter distinguerentur inter se
1069 2533 1784 2594 ergo multo fortius distinguerentur a paternitate
1053 2574 1778 2635 et filiatione. et certum est quod quelibet illarum distin¬
1051 2624 1794 2696 gueretur realiter a spiratione passiua. ergo essent quinque
