2240 3087
448 196 1157 263 relationes diuine realiter distincte. et per consequens qui
453 246 1162 316 qued supposita diuina distincta realiter. ⁋ Ideo di¬
444 306 1148 360 co quod numquam relatio multiplicatur nisi ex multipli
444 353 1151 400 catione fundamenti absoluti vel ex multiplica
447 393 1157 441 tione termini. sed fundamentum spirationis actiue
454 435 1142 485 est vnicum puta diuina essentia. et terminus est vnus
439 486 1148 532 scilitus sanctus cstins spiratio actiua est vnica ⁋ Ad rationes
445 527 1142 581 in contrarium facile esset respondere si illa opinio
438 569 1148 616 esset vera quae ponit quod actio passio distantia simi
443 615 1151 662 litudo dissimilitudo et huiusmodi non important ali
442 659 1147 716 quas relationes. tales sicut ponentes eas yma
438 703 1145 757 ginantur. quia tunc non essent plures relationes. sed tantum
454 745 1154 791 plures denominationes propter diuersa signifi¬
438 791 1147 838 cata vel connotata. ⁋ Si tamen teneretur opinio con
435 834 1153 886 munis posset dici ad primum et ad tertium quod est ibi
444 880 1138 929 distinctio terminorum. et illa sufficit. ⁋ Ad secum
426 925 1151 975 dum difficilius est respondere. potest tamen dici: quod si eadem
425 968 1143 1013 albedo numero esset in diuersis subiectis: nulla es¬
430 1012 1148 1057 set ibi relatio similitudinis. Qui nec secundum vlti¬
432 1058 1141 1112 mam nec primam opinionem sentiunt. dicant sicut pla
435 1098 1145 1148 cet. ⁋ Circa secundum dicitur communiter quod pater et filius sunt
430 1145 1154 1197 vnus spirator et vnum prircipium. Unde dicitur quod quia spi¬
435 1186 1142 1238 rans est adiectiuum spirator vero substantiuum ideo pas
441 1230 1145 1284 sumus dicere quod pater et filius sunt duo spirantes pro¬
426 1273 1155 1333 pter pluralitatem suppositorum. non autem duo spira
436 1325 1141 1369 tores propter vnam spiratione. nam adiectiua non
438 1361 1148 1415 habent pluralitatem nisi secundum supposita. substanti¬
429 1404 1154 1463 ua vero a seipsis secundum formam significatam. Sed ratio
436 1452 1147 1509 ista non videtur sufficiens. quia terminus numeralis sicut
445 1498 1151 1548 et alii termini adiectiui additi aliis. semper deno¬
442 1536 1146 1592 tantur competere illis pro quibus illi termini quibus
442 1587 1151 1635 undduntur supponunt. et ideo quia respectu creatura¬
436 1627 1138 1679 rum adiectiuum et substantiuum supponunt pro diuer
437 1671 1144 1722 sis. ideo diuersimode de eis verificantur tales ter
444 1721 1147 1771 mini importantens pluralitatem Uerbi gratia. pona
437 1759 1144 1808 tur quod sortes sit musicus et gramaticus tunc hec
439 1800 1154 1856 sit vera. due scientie sunt in sorte. quia ille scientie sunt
439 1848 1141 1897 due. et huius causa est. quia hoc substantiuum scientia: siue
447 1887 1141 1941 numero singulari: siue in numero plurali suppo¬
433 1934 1151 1989 nit pro forma quae multiplicatur. et ideo vere contingit
442 1985 1148 2028 dicere quod sunt due scientie. sed sciens siue in numero
445 2021 1160 2074 singulari siue in numero plurali supponit pro sub
439 2065 1148 2115 iecto scientie quod subiectum non multiplicatur. et ideo
441 2105 1159 2162 hec est simplicitur falsa. sortes est duo scientes. sed si
444 2159 1160 2212 sciens et scientia pro eodem supponerent. non plus ve
438 2202 1151 2251 rificaretur terminus importans pluralitatem de vno
445 2245 1160 2301 quam de alio. sed in proposito spirans et spirator pro eo¬
444 2284 1157 2337 dem supponunt. ergo per istam rationem sicut vere potest conce¬
452 2328 1157 2379 di quod pater et filius sunt vnus spirator: ita potest
457 2378 1154 2434 concedi quod pater et filius sunt vnus spirans. As
450 2420 1154 2471 sumptum probo. quia quero pro quo supponit spira¬
444 2458 1150 2517 tor. non pro essentia nec pro persona. quia secundum istos pro
444 2503 1157 2565 nullo alio potest supponere. non pro essentia. quia ter
451 2554 1151 2604 minus semper verificatur de illo pro quo supponit
450 2601 1157 2661 sed hec non est vera. essentia est spirator vel spiratrix
1254 198 1960 260 ergo non supponit pro essentia. si pro persona. et pre
1248 256 1964 317 persona supponit spirans. ergo pro eodem supponunt
1257 306 1967 351 ergo etc. ⁋ Ex isto potest argui sic dicendo. pater et
1252 350 1964 401 filius sunt duo principia. praedicatum supponit pro
1249 392 1957 445 supposito. et supposita sunt duo. ergo etc. ⁋ Ad
1251 435 1969 486 istud respondetur. quod in ista pater et filius sunt vnum
1249 482 1972 534 principium. lid principium supponit pro persona.
1251 521 1960 578 sed non habet suppositionem determinata sed confi
1255 567 1974 618 sam pro duabus personis simul. et ideo sic arguendo
1255 616 1957 661 siue principium supponat pro persona patris siue
1257 651 1967 712 pro persona filii. pater et filius non sunt vnum princi
1251 696 1960 757 pium spiritus sancti. ergo pater et filius non sunt vnum sup¬
1248 752 1954 802 positum. est fallacia figure dictionis. ⁋ Sed ista
1249 796 1967 842 responsio non valet. quia terminus nunquam habet sup¬
1251 825 1975 891 positionem confusam nisi ratione alicuius signi vniversalis. vel
1249 882 1958 932 ratione alicuius sincathegoreumatis. sed hic nullum
1254 908 1961 974 tale est signum nec sincathegoreumata tale ergo
1242 962 1957 1011 non habet hic suppositionem confusam. ⁋ Preterea
1249 1008 1955 1064 quantumcunque terminus habet suppositionem confu
1243 1057 1967 1112 sam nunquam verificatur de pluribus sub compulatione
1255 1092 1967 1146 acceptis. nec de termino plurali. Unde hec est
1255 1143 1963 1188 simpliciter fula. omnes homines sunt animal. similiter hoc est fula.
1249 1182 1961 1242 sortes et plato sunt homo. etiam si homo haberet sup¬
1251 1235 1969 1284 positionem confusam. ergo eodem modo hec erit fula. pater et
1249 1273 1960 1328 filius sunt principium spiritus sancti. si praedicatum praecise
1248 1313 1958 1377 supponeret pro persona. ex quo pater non est filius
1242 1360 1967 1416 ⁋ Preterea. terminus eandem suppositionem habet in
1249 1404 1964 1465 numero singulari et in numero plurali. ergo si hec sit
1258 1458 1954 1503 vera pater et filius sunt principium spiritus sancti. quia praedica¬
1246 1482 1963 1553 tum supponit pro duabus personis confuse. ergo equaliter
1258 1535 1972 1591 vel multo fortius hec est vera. pater et filius sunt prin
1251 1580 1967 1638 cipia spiritus sancti. quia praedicatum supponit pro duabus
1251 1636 1973 1684 personis confuse ⁋ Ideo dico aliter ad quaestionem cir¬
1250 1670 1967 1720 ca quam sic est procedendum. ⁋ Primo videndum est
1252 1722 1970 1765 de talibus affirmatiuis. et pri et filius sunt vnum prin¬
1252 1758 1973 1807 cipium spirans. vnus spirator. vnus spirans. et de similibus
1255 1803 1969 1851 ⁋ Secundo de negatiuis eisdem correspondentibus.
1254 1845 1967 1902 ⁋ Tertio mouebo aliqua dubia et soluam. ⁋ Circa prim
1255 1889 1974 1940 mum dico quod omnes tales affirmatiue de virtute ser¬
1248 1934 1957 1991 modis sunt concedende. cuius ratio est. quia quando ex aliquo
1251 1983 1964 2028 vno omnino eodem et duobus oppositis. constituuntur
1257 2020 1967 2072 duo distincta realiter. si alterum oppositorum relatiue
1258 2069 1970 2126 praedicatur de vno illorum constitutorum. reliquum opposi
1248 2116 1973 2165 torum praedicabitur de reliquo. sed accipiendo praecise duo
1252 2162 1973 2210 constituta ex essentia diuina et spiratione actiua et
1263 2198 1969 2254 spiratione passiua. de constituto ex essentia et spira
1257 2244 1970 2292 tione passiua contigit vere dicere quod istud constitutum
1261 2287 1976 2342 spiratur. ergo de constituto ex esentia et spiratione activa
1257 2331 1982 2387 contigit vere dicere. istud spirat. sed illud constitutum est
1254 2376 1975 2431 vnicum et non plura. sicut essentia est vnica. et illa spi
1255 2420 1979 2478 ratio actio est vnica. ergo haec est vnum spirans. et per consequens
1260 2469 1982 2511 vnus spirator. sed tam pater quam filius est illud vnicum costi¬
1258 2515 1984 2554 tutum ex essentia et spiratione actiua. ergo pater et filius vere
1257 2552 1978 2606 sunt vnus spirator. et vnum principium spirans spictum
1249 2599 1985 2669 secantum. sed de ista. pater et filius sunt vnus spirans est magis
