2302 3071
321 204 1033 280 deus supponit primo pro hoc deo. puta pro vno ta
333 262 1035 320 li constituto ex essentia et spiratione actiua: quod non
334 307 1040 360 est formaliter nec essentia nec aliqua relatio nec
331 353 1045 404 persona. sed in ista deus creat subiectum non suppo¬
337 405 1040 455 nit primo pro aliquo quod non est formaliter essentia
327 443 1046 495 nec aliqua persona. sicut argutum est supra dis.
334 484 1037 538 iiii. ⁋ Ad secundum dico quod principium ibi dicit ali¬
330 528 1028 586 quid notionale. quia sicut spiratio actio est ali¬
339 580 1025 633 quid notionale quia non est communis tribus personis. itai
333 616 1034 673 illud constitutum ex essentia et spiratione actio
328 667 1031 719 ne est aliquid notionale. quia non est commune tribus per
330 705 1028 765 sonis. ⁋ Et quando dicitur quod illud notionale non pos
325 749 1032 809 set esse nisi persona vel. relatio. ⁋ Dico quod est rea
324 791 1033 845 liter. est relatis et persona licet non formaliter. et
327 835 1034 898 hoc sufficit ⁋ Ad tertium dico quod maior non est
321 890 1041 940 niversaliter vera. quia aliquando contingit prius multi¬
315 931 1024 979 plicari quamuis posterius non multiplicetur. quia
322 975 1019 1024 sunt instantie quasi infinite. patet quod respectu vnius
321 1019 1038 1066 effectus sunt plures cause. tam in eodem genere
316 1063 1018 1115 cause quam in diuersis generibus cause. Similiter
331 1099 1020 1162 aliquando receptibilia eiusdem accidentis secundum spe
322 1147 1029 1202 ciem distinguuntur specie. et ita est in multis tali
318 1187 1022 1252 bus. Ad minorem dico: quod paternitas et filiatio
322 1236 1032 1292 quamuis essent priores aliqua prioritate spiratione
322 1282 1022 1330 actiua. tamen alia prioritate sunt posteriores. quia prio
316 1328 1021 1379 ritate communitatis vel consequentie sicut dictum est
310 1361 1031 1420 et ideo quamuis esset aliqua prioritas paternitatis
321 1411 1025 1461 et filiationis ad spirationem actiuam. illa tamen non ob
312 1449 1019 1518 staret quin paternitas et filiatio possent esse re
309 1496 900 1555 lationes plures et spiratio actiua vna.
307 1541 1020 1613 Distinct. duodecime. Questio secunda.
517 1590 1008 1694 gcundo quero
513 1676 1023 1736 Utrum pater et filius spirant spi¬
505 1714 1022 1782 ritumsecuntum inquantum vnum an inquantum sunt di
513 1757 1007 1820 stincti. ⁋ Uidetur quod inquantum sunt vnum
303 1769 1016 1869 qui illam que producunt aliquod productum vnica produ¬
303 1850 1019 1910 ctione producunt: inquantum vnum sunt. sed pater et fi¬
304 1890 1019 1957 lius producunt spiritusanctum vnica productione. ergo
306 1939 1013 1996 etc. ⁋ Sed quod producant inquantum sunt distincti vide
306 1986 1012 2043 tur. quia qui producunt aliquod productum inquantum il
306 2021 1001 2076 lud productum est nexus illorum producunt inquantum
306 2066 1016 2125 sunt distincti. quia impossibile est quod nexus sit nisi
306 2116 1004 2164 distinctorum. sed pater et filius producunt spiritumsam
306 2155 1014 2211 ctum inquantum est nexus eorum. ergo producunt inquantum sunt
308 2199 1003 2252 distincti. minor. patet per auctoritates augustini¬
305 2248 1015 2301 pave. de trini. ⁋ In ista questione sunt due diffi¬
314 2289 1007 2345 cultates principales. quarum vna est realis. et alia
298 2337 1010 2390 magis logicalis. ⁋ Prima est. an producti spiritus sancti
300 2384 1010 2438 necessario ex se requirit distinctionem personarum
306 2427 1020 2487 producentiuum. ita quod circumscripta vna persona nul¬
301 2471 1015 2528 lo modo posset intelligi productis spiritus sanctus it a se quod
297 2507 1011 2570 hoc vocabulum productis spiritus sanctus necessario connotet
303 2554 1020 2614 distinctionem realem in personis producentibus. ⁋ Se
291 2602 1017 2669 cunda difficultas est. de veritate talium proposi¬
1142 213 1859 284 tionum. pater et filius spirant inquantum sunt
1148 275 1847 336 vnum. pater et filius spirant inquantum sunt
1136 315 1852 383 distincti. an scilicet aliqua talis de virtute ser
1150 364 1864 429 monis est concedenda. ⁋ Circa primum dici
1143 409 1864 472 tur quod sic. quia dicitur quod pater et filius spirant
1137 448 1852 503 inquantum sunt vna essentia. non mere sub ra¬
1137 495 1849 560 tione essentie. sed vt ipsa est voluntas. nec vt
1136 541 1841 602 est absolutam voluntas. sed vt est voluntas sub
1143 588 1847 643 ratione proprietatis relatiue notionalis com
1137 632 1850 691 munis. sed adhuc non vt est essentia sub tali
1138 677 1844 735 ratione penitus est vna quia tunc non habe¬
1141 714 1847 776 rent rationem nexus vel connexorum pater et fi
1122 751 1850 822 lius in spirato spiritusancto immo vt ipsa volun
1137 807 1852 870 tas est vna connotans distinctionem plurium pa¬
1125 841 1835 910 tris scilicet et filii. vt sic dicantur pater et filius spira
1132 894 1845 957 r spiritus sanctus iet sunt vnum in essentia sub ratione proprieta
1122 943 1835 999 tis relatiue communis. et vt ipsi tamquam plures sut circa
1129 977 1841 1046 illud vnum connotati. et sic spirant vt sunt plures
1135 1025 1842 1089 vniti in ratione vna spiratiua. hoc declaratur. quia
1129 1075 1837 1129 actus essentiales sunt primi ordine quodam rationis et
1125 1110 1841 1173 fundamenta actuum notionalium. sed diferentia est inter in¬
1119 1151 1835 1216 tellectum fecundum ad dicendum verbum. et voluntatem fe
1132 1204 1834 1253 cundam ad spirand spiritus sanctus quad intellectus habet perfectam fecunt
1126 1241 1843 1303 ditatem vt existit in vna sola persona. voluntas autem
1120 1293 1828 1345 non nisi vt existit in geminis personis. et hoc quia fe
1135 1340 1836 1394 cunditas intellectus consistit in plenitudine sapi
1119 1376 1835 1427 entie quae potest esse in vnico. fecunditas autem volunta¬
1128 1422 1839 1482 tis consistit in plenitudine perfecti amoris. quie non
1120 1458 1841 1517 potest esse nisi in duobus ad minus. et ideo ad hoc quod communis
1125 1515 1833 1564 voluntas patris et filii sit fecunda ad spirand spiritus sanct
1119 1557 1827 1604 non sufficit quod sit communis ambobus. et amor essentia
1122 1593 1838 1654 lis in ipsa communis quo ambo simul amant et volunt
1123 1640 1822 1693 sed oportet quod sit concors voluntas et mutua
1122 1683 1834 1750 duorum qua vnus summum amorem alteri impen
1118 1725 1837 1784 dit. et ille viceuersa eundem rependit qua exi¬
1115 1763 1828 1837 stente fecunda est vt ex ipsa necesse sit emana
1119 1819 1826 1875 re amorem qui est spiritussanctus. ⁋ Ista opi¬
1122 1858 1823 1926 nio quam diffuse recitat doctor subtilis secundum quam
1106 1902 1829 1970 eam ponentes intelligunt ipsam. reputo per eu
1113 1948 1831 2012 dem sufficienter improbatam: quamuis aliqua ac
1111 1997 1814 2043 cepta in suis rationibus et maxime in prima
1107 2035 1827 2098 principali cum suis probationibus et confir¬
1117 2088 1832 2144 mationibus non sint vera. de quibus in prio¬
1110 2115 1824 2184 ribus tactum est. ⁋ Unde contra istam opi¬
1107 2172 1826 2226 nionem arguo sic. quero de ista voluntate co¬
1107 2212 1814 2275 cordi. aut dicit precise aliquid essentiale abse
1116 2255 1816 2307 lutum in diuinis. aut aliquam personam vel re¬
1110 2295 1826 2358 lationem. vel illud constitutum ex essentia et
1106 2350 1813 2400 relatione communi scilicet spiratione actiua
1108 2387 1824 2444 de quo dictum est in precedenti questione. Si
1115 2439 1811 2492 primum. ergo dicere quod voluntas est fecunda
1107 2483 1808 2535 non vt voluntas: sed vt voluntas concors ex
1110 2518 1816 2569 mutua est dicente oppositum in adiecto. cum ni
1107 2563 1813 2617 hil sit absolutum in divinis quin sit omnimo ex natu
1102 2605 1815 2681 ra rei voluntas secundum rei veritatem. et isti concedunt
