2282 3074
292 203 1011 270 praecise amorem communem. nec precise aliquam personam
301 259 1013 304 vel relationem. nec importans aliquid a parte rei
307 305 1007 353 quocumque modo dinstinctum a praedictis siue a parte
295 347 1008 400 rei siue secundum rationem. sed importat ipsum amorem communem et
294 387 1007 447 diuinas personas amore communi mutuo se diligen
291 432 1004 476 tes. et si non mutuo se diligerent nullo modo eet
295 477 1010 537 amor iocundus. Et isto modo intelligit Rich. quando
292 517 996 578 dicit Amor non potest esse iocundus nisi cum fuerit
286 565 1001 622 mutuus. Et vt alias dicit. in amore mutuo mul
291 606 995 655 tumque feruente nihil praeclarius quam ab eo quod summe
286 651 992 710 diligis et a quo summe diligeris alium eque diligi
291 695 998 756 velis. non quod sit aliquis amor mutuus iocundus et
285 738 989 803 feruens. qui sit principium elicitiuum vel aliquo modo pre
279 787 995 841 uius. spiritus sanctus quasi superueniat amori communi et essentiali
283 834 993 889 quasi ille amor communis et essentialis non sit feruens
276 866 989 932 et iocundus. sed quasi tepidus et remissus vel imperfe
285 917 999 977 ctus. sed quod amor essentialis quo mutuo se diligunt
280 964 983 1008 pater et filius. nisi esset mutuus non esset iocundus et perfe
288 1009 989 1050 ctus. quia nisi esset mutuus non esset essentialis nec in¬
279 1045 989 1096 finitus. et ideo est impossibile ponere aliquem amorem:
283 1093 989 1143 quo pater diligat filium vel econuerso. nisi amorem
277 1141 983 1185 commnem tribus: quo amore omns tres persone mutuo
286 1185 983 1239 le diligunt. vdet spiritus sanctus quo pater et filius se diligunt. si¬
279 1227 984 1285 cut beatus augustinus. vi. tri. Qualiter tamen hoc sit in
286 1270 998 1317 telligendum postea patebit. ⁋ Et si queratur. qua
285 1317 992 1371 re tunc spiritus sanctus non producit aliquam personam. ex
292 1363 984 1408 quo mutuo et fimius spiritus sanctus se diligunt. sicut pr et fi¬
286 1404 977 1462 ius. quia mutuo se diligunt productum spiritum sanctum. ⁋ Ad hoc
282 1447 987 1503 respondeo quod causa est mihi ignota. et est mihi probabi
270 1487 978 1553 le: quod nulla est causa nisi quia deus est tres persone et vna
277 1541 989 1595 essentia. et ideo quaerere causam vbi non est causa est frustra.
277 1581 980 1636 et velle assignare rationem vbi nulla est: nisi quia natu
283 1624 982 1684 ra rei talis est: est inutiliter niti. ⁋ Sed si quaratur quare
270 1661 989 1717 ergo ponis quod pater et filius quia diligunt se mutuo pro¬
276 1712 985 1770 ducum spiritus sanctus et non ponis quod pater et filius. e spiritus sanctus quia dili¬
277 1748 974 1803 gnnt se mutuo producut aliam personam. ⁋ Ad hoc
274 1800 977 1847 respondeo non curando modo de logiea. An hec sit
271 1841 983 1895 de virtute sermonis concedenda. pater et filius quia
268 1888 980 1943 diligunt se mutuo producum spiritus sanctus quad forte de virtu¬
262 1925 978 1987 te sermonis non est concedenda. quia forte de virtute
271 1973 971 2033 sermonis ad veritatem causalis composite ex pro
264 2017 972 2077 positionibus cathegoricis pure affirmatiue re¬
277 2065 974 2118 quiritur quod praedicatum secunde propositionis praediceut vniversaliter de pri¬
265 2104 975 2161 dicato prime propositionis: quod non est verum in proposito. quia
261 2145 968 2207 hec non est vera. quecumque diligunt se mutus spiritus sanctus pro
261 2196 970 2246 ducunt. Tamen realiter loquendo sub bono intelle¬
268 2237 974 2294 ctu intelligendo propositionem istam. pri et filius quia diligunt
268 2279 969 2341 se mutuo producum spiritus sanctis dico quod istam concedo sub bo
265 2328 980 2378 non intellectu. quia expressum est a determinatione eo
271 2369 978 2425 clesie. et ex scriptura sacra. et propositionibus per se notis
265 2414 981 2475 satis potest haberi. Alia autem satis est in scriptura
262 2462 977 2511 sacra negata. quia ex scriptura sacra habetur ma¬
270 2508 982 2563 nifeste quod non sunt nisi tres persone in diuinis. Con¬
270 2549 974 2612 gruentie tamen ad hoc possunt inueniri. de quibus ad praesens
258 2599 983 2669 lupersedeo. ⁋ Sic ergo dico breuiter quantum ad istum
1122 220 1823 284 a rticulum quod voluntas in diuinis est concors et mu¬
1122 266 1832 332 tua. et est ibi amor feruens incentiuus iocundus et mu
1117 308 1828 374 tuus. et sic de aliis. sed talia nomina nihil ymagina¬
1123 355 1820 417 bile important praeter amorem communem quae non plus distingui
1114 400 1825 468 tur ab essentia diuina: quam essentia diuina distin¬
1117 443 1822 499 guitur ab essentia diuina et tres personas et relati
1111 495 1822 551 ones. et vnum constitutum ex diuina essentia et spi¬
1120 535 1826 592 ratione actiua sicut isti ymaginantur. sed talia voca¬
1111 568 1823 635 bula aliqua important amorem communem connotando ali¬
1117 625 1817 681 quas personas vel aliquid praedictorum. ⁋ Circa secum
1113 661 1817 721 dum articulum principale dico: quod de virtute sermo
1105 712 1808 767 nis vtraque istarum est simplicit falsa. pater et filius spi
1114 758 1812 807 aum spiritus sanctus en iquantum sunt vnum. pri et filius spiran spiritus sanctis in quan
1104 793 1814 863 tum sunt distincti. et hoc secundum quod hic inquantum tenetur
1104 845 1805 901 reduplicatiue. ⁋ Ad cuius intellectu consideran
1108 879 1817 946 da est natura propositionum reduplicatiuarum. Circa quod
1099 928 1809 994 sciendum quod in quaelibet reduplicatiua est aliquod sub
1107 969 1813 1037 iectum principale et aliquod praedicatum principale. et ali
1105 1022 1821 1079 quod super quod cadit reduplicatio. Uerbi gratia. homo in
1105 1068 1806 1126 quantum animal est sensibilis. homo est subiectum principale et
1105 1116 1814 1167 sensibile praedicatum principale. quia sunt subiectum et prim
1093 1145 1811 1209 dicatum in propositione praiacente. sicut in ista homo est sensi¬
1093 1189 1811 1247 bilis. quae est praeiacens dempta reduplicatione. sicut
1094 1241 1805 1293 ista homo currit in qua non est dictio exclusiua est
1107 1276 1815 1347 praiacens istius exclusiue. tantum homo currit. illud autem su
1105 1331 1824 1386 per quod cadit reduplicatio est animal. ⁋ Isto sup
1101 1378 1796 1433 posito sciendum est quod aliquando reduplicatiua est affi¬
1101 1420 1801 1482 matiua et aliquando est negatiua. et ideo primo videndum
1092 1463 1808 1525 est de propositionibus in quibus est reduplicatio affirmata
1099 1501 1814 1562 ecundo de illis in quibus est negata. Circa primum dico:
1087 1555 1809 1613 quod reduplicatione existente affirmata: aliquando pro¬
1098 1600 1796 1657 positio est pure affirmatiua: aliquando est negatiua
1087 1640 1799 1701 Exemplum primi. anima inquantum actiua est passiua. Exem¬
1090 1683 1800 1742 plum secundi. anima inquantum actiua non est passiua. Si autem
1080 1723 1800 1779 reduplicatio sit affirmata et propositio pure affirma
1084 1775 1798 1833 tiua tunc distinguendum est: quia aut potest fieri redupli
1084 1816 1789 1867 catio gratia concomitantie aut gratia causae. et siue sic si¬
1090 1859 1790 1910 ue sic. et vnum generale ad omnes tales. quia ad veri¬
1074 1895 1788 1963 tatem cuiuslibet talis requiruntur tres propositiones vere quae
1078 1944 1790 2002 possunt dici exponentes. saltem cum aliis de quibus postea
1081 1992 1794 2052 dicetur. primo requiritur veritas vnius propositionis in quae praedica¬
1074 2039 1796 2095 tum principale praedicetur vniversaliter de illo super quod cadit re¬
1075 2071 1792 2123 duplicatio. Secundo quod illud super quod cadit redu¬
1080 2123 1794 2176 plicatio verificetur de subiecto principali. tamen non
1084 2170 1781 2218 requiritur quod verificet vniversaliter nisi prima proposito reduplica
1071 2202 1784 2278 tiua fuerit vniversalis. Tertio requiritur: quod praedicatum princi
1077 2257 1782 2317 pale verificetur de subiecto principali verbi gratia.
1083 2302 1797 2360 ad hoc quod ista propositio sit vera. anima inquantum actiua est pas¬
1068 2334 1790 2396 siua. requiritur veritas istarum trium propositionum. omne acti¬
1075 2384 1777 2443 uum est passiuum. anima est actiua. anima est passiua. et quia
1081 2427 1783 2481 ista. omne actiuum est passiuum est simplicitur falsa. ideo
1068 2481 1781 2529 etiam ista anima inquantum actiua est passiua est
1071 2514 1789 2568 simpliciter falsa. eodem modo ista est falsa. ho
1077 2567 1783 2612 mo inquantum creatura est non ens. quia hoc est falsa. homo
1072 2605 1784 2680 est non ens. et hec similiter. omnis creatura est non ens
