<?xml version="1.0" encoding="UTF-8" standalone="yes"?>
<PcGts xmlns="http://schema.primaresearch.org/PAGE/gts/pagecontent/2013-07-15" xmlns:xsi="http://www.w3.org/2001/XMLSchema-instance" xsi:schemaLocation="http://schema.primaresearch.org/PAGE/gts/pagecontent/2013-07-15 http://schema.primaresearch.org/PAGE/gts/pagecontent/2013-07-15/pagecontent.xsd">
    <Metadata>
        <Creator>prov=University of Rostock/Institute of Mathematics/CITlab|PLANET AI GmbH/Gundram Leifert/gundram.leifert@planet-ai.de:name=cod-LyXLXy-m2-withbase(htr_id=25980)::::v=2.6.6
prov=University of Rostock/Institute of Mathematics/CITlab|PLANET AI GmbH/Tobias Gruening/tobias.gruening@planet-ai.de:name=de.uros.citlab.module.baseline2polygon.B2PSeamMultiOriented:v=2.6.6
prov=University of Rostock/Institute of Mathematics/CITlab|PLANET AI GmbH/Tobias Gruening/tobias.gruening@planet-ai.de:name=/net_tf/LA73_249_0mod360.pb:de.uros.citlab.segmentation.CITlab_LA_ML:v=2.6.6
Transkribus</Creator>
        <Created>2020-08-11T01:44:18.652+02:00</Created>
        <LastChange>2020-09-05T01:41:50.336+02:00</LastChange>
        <TranskribusMetadata docId="449428" pageId="18338983" pageNr="372" tsid="39291589" status="IN_PROGRESS" userId="25065" imgUrl="https://files.transkribus.eu/Get?id=BJRLOZJOLQKBHUBPXKPTPMDN&amp;fileType=view" xmlUrl="https://files.transkribus.eu/Get?id=CZNYODXOOXHXTRYZJRHJETUA" imageId="13970805"/>
    </Metadata>
    <Page imageFilename="371.jpg" imageWidth="2262" imageHeight="3085">
        <ReadingOrder>
            <OrderedGroup id="ro_1599307842879" caption="Regions reading order">
                <RegionRefIndexed index="0" regionRef="r3"/>
                <RegionRefIndexed index="1" regionRef="TextRegion_1597682044377_3383"/>
            </OrderedGroup>
        </ReadingOrder>
        <TextRegion orientation="0.0" id="r3" custom="readingOrder {index:0;}">
            <Coords points="488,210 488,2686 1211,2686 1211,210"/>
            <TextLine id="r3l2" custom="readingOrder {index:0;}">
                <Coords points="485,339 525,320 1198,306 1197,252 1134,247 484,272"/>
                <Baseline points="489,314 524,314 559,314 594,313 629,312 665,312 700,312 735,311 770,311 805,311 841,309 876,309 911,309 946,308 981,306 1017,306 1052,305 1087,303 1122,302 1157,300 1193,299"/>
                <TextEquiv>
                    <Unicode>Istud de esse ficto dicitur secundum opinionem quae ponit fi</Unicode>
                </TextEquiv>
            </TextLine>
            <TextLine id="r3l3" custom="readingOrder {index:1;}">
                <Coords points="488,368 1183,352 1207,349 1206,305 487,334"/>
                <Baseline points="492,359 527,359 563,359 598,357 634,357 669,357 705,356 740,356 776,354 811,354 847,353 882,353 918,351 953,350 989,350 1024,348 1060,347 1095,347 1131,345 1166,344 1202,344"/>
                <TextEquiv>
                    <Unicode>cta. secundum alias opiniones esset proportionabiliter di¬</Unicode>
                </TextEquiv>
            </TextLine>
            <TextLine id="r3l4" custom="readingOrder {index:2;}">
                <Coords points="493,412 1120,409 1205,394 1204,349 492,372"/>
                <Baseline points="498,405 533,404 568,402 603,401 638,401 673,400 708,399 743,399 778,398 813,398 849,396 884,396 919,396 954,395 989,395 1024,393 1059,392 1094,391 1129,390 1164,389 1200,387"/>
                <TextEquiv>
                    <Unicode>cendum de ipsa intellectione vel aliquo facto per actum</Unicode>
                </TextEquiv>
            </TextLine>
            <TextLine id="r3l5" custom="readingOrder {index:3;}">
                <Coords points="504,453 1205,438 1204,394 1171,391 676,422 503,409"/>
                <Baseline points="509,446 543,446 578,446 612,446 647,446 681,446 716,444 750,444 785,443 819,443 854,442 889,441 923,440 958,438 992,437 1027,436 1061,435 1096,434 1130,433 1165,431 1200,431"/>
                <TextEquiv>
                    <Unicode>intellectus. Ex quo patet quod intellectus noster vniversaliter</Unicode>
                </TextEquiv>
            </TextLine>
            <TextLine id="r3l6" custom="readingOrder {index:4;}">
                <Coords points="501,502 1192,486 1191,436 500,453"/>
                <Baseline points="506,489 540,489 574,489 608,488 642,488 676,486 710,486 744,486 778,485 812,485 846,483 880,483 914,483 948,482 982,481 1016,480 1050,480 1084,479 1118,477 1152,477 1187,476"/>
                <TextEquiv>
                    <Unicode>intellectus creatus praehabens actum intelligendi hab</Unicode>
                </TextEquiv>
            </TextLine>
            <TextLine id="r3l7" custom="readingOrder {index:5;}">
                <Coords points="496,543 1192,523 1191,485 1167,479 495,500"/>
                <Baseline points="501,534 535,533 569,533 603,531 638,531 672,531 706,530 741,530 775,530 809,528 844,528 878,527 912,527 946,525 981,525 1015,524 1049,524 1084,522 1118,521 1152,521 1187,519"/>
                <TextEquiv>
                    <Unicode>vim fictiuam similis. et si haberet potestatem produce</Unicode>
                </TextEquiv>
            </TextLine>
            <TextLine id="r3l8" custom="readingOrder {index:6;}">
                <Coords points="491,586 1189,574 1188,524 490,544"/>
                <Baseline points="495,576 529,576 563,576 598,575 632,575 667,575 701,573 736,573 770,573 805,572 839,572 873,572 908,570 942,570 977,569 1011,569 1046,567 1080,566 1115,565 1149,563 1184,561"/>
                <TextEquiv>
                    <Unicode>di realiter illud quod fingit. illud productum vere esse</Unicode>
                </TextEquiv>
            </TextLine>
            <TextLine id="r3l9" custom="readingOrder {index:7;}">
                <Coords points="486,631 1190,612 1189,574 1168,567 485,590"/>
                <Baseline points="491,620 525,620 560,620 595,620 629,618 664,618 699,618 733,618 768,617 803,617 838,615 872,615 907,614 942,614 976,612 1011,611 1046,611 1080,609 1115,608 1150,608 1185,606"/>
                <TextEquiv>
                    <Unicode>simile obiecto praintellecto. et nullo modo posset produ</Unicode>
                </TextEquiv>
            </TextLine>
            <TextLine id="r3l10" custom="readingOrder {index:8;}">
                <Coords points="483,672 1193,658 1200,613 891,638 855,621 482,633"/>
                <Baseline points="488,665 523,665 558,665 594,664 629,663 665,663 700,663 735,662 771,661 806,660 842,660 877,659 912,657 948,657 983,656 1019,654 1054,653 1089,653 1125,653 1160,651 1196,651"/>
                <TextEquiv>
                    <Unicode>cere nisi simile praintellecto. voluntas autem nostra</Unicode>
                </TextEquiv>
            </TextLine>
            <TextLine id="r3l11" custom="readingOrder {index:9;}">
                <Coords points="490,716 1191,704 1199,657 489,676"/>
                <Baseline points="494,707 529,707 564,708 599,708 634,707 669,707 704,707 739,706 774,705 809,705 844,704 879,702 914,702 949,701 984,699 1019,699 1054,698 1089,696 1124,696 1159,695 1194,693"/>
                <TextEquiv>
                    <Unicode>non habet vim donatiuam similis plus quam dissimilis</Unicode>
                </TextEquiv>
            </TextLine>
            <TextLine id="r3l12" custom="readingOrder {index:10;}">
                <Coords points="486,758 1119,752 1192,744 1191,700 485,717"/>
                <Baseline points="491,752 525,752 560,753 595,753 630,753 665,752 699,752 734,750 769,750 804,749 839,747 873,747 908,746 943,745 978,744 1013,743 1047,741 1082,741 1117,741 1152,740 1187,740"/>
                <TextEquiv>
                    <Unicode>immo priamato ita posset donare simile sicut dis</Unicode>
                </TextEquiv>
            </TextLine>
            <TextLine id="r3l13" custom="readingOrder {index:11;}">
                <Coords points="493,804 1180,789 1197,744 814,750 766,773 741,753 492,763"/>
                <Baseline points="497,797 531,797 566,797 601,797 636,795 671,795 705,795 740,794 775,794 810,792 845,791 879,791 914,789 949,789 984,788 1019,786 1053,785 1088,785 1123,783 1158,782 1193,782"/>
                <TextEquiv>
                    <Unicode>simile et econuerso. et si posset virtute illius amo¬</Unicode>
                </TextEquiv>
            </TextLine>
            <TextLine id="r3l14" custom="readingOrder {index:12;}">
                <Coords points="496,852 1063,847 1200,832 1201,796 495,804"/>
                <Baseline points="500,842 534,840 569,840 604,839 639,839 674,837 708,837 743,837 778,836 813,836 848,834 882,834 917,833 952,833 987,831 1022,831 1056,830 1091,830 1126,828 1161,827 1196,827"/>
                <TextEquiv>
                    <Unicode>ris amati non tantum donare aliquod donum priamato:</Unicode>
                </TextEquiv>
            </TextLine>
            <TextLine id="r3l15" custom="readingOrder {index:13;}">
                <Coords points="493,894 1195,877 1194,830 493,853"/>
                <Baseline points="498,885 532,885 567,885 601,884 636,884 671,882 705,882 740,882 774,881 809,881 844,879 878,879 913,878 947,878 982,876 1017,876 1051,875 1086,873 1120,872 1155,872 1190,870"/>
                <TextEquiv>
                    <Unicode>sed etiam producere illud donum. ex hoc quod produceretur</Unicode>
                </TextEquiv>
            </TextLine>
            <TextLine id="r3l16" custom="readingOrder {index:14;}">
                <Coords points="492,937 1069,918 1129,935 1201,924 1200,875 491,897"/>
                <Baseline points="497,929 533,929 570,927 607,927 644,927 680,927 717,926 754,926 791,924 828,924 864,923 901,922 938,921 975,920 1012,919 1048,918 1085,917 1122,915 1159,914 1196,914"/>
                <TextEquiv>
                    <Unicode>a voluntate virtute amoris praexistentis. non plus</Unicode>
                </TextEquiv>
            </TextLine>
            <TextLine id="r3l17" custom="readingOrder {index:15;}">
                <Coords points="498,984 1189,965 1173,919 1071,918 1027,941 497,936"/>
                <Baseline points="503,974 537,972 571,972 605,971 639,969 673,969 707,968 741,968 775,968 809,968 843,966 877,966 911,966 945,965 979,964 1013,963 1047,962 1081,960 1115,960 1149,959 1184,956"/>
                <TextEquiv>
                    <Unicode>esset simile obiecto amato quam dissimile. ⁋ Ex istis</Unicode>
                </TextEquiv>
            </TextLine>
            <TextLine id="r3l18" custom="readingOrder {index:16;}">
                <Coords points="499,1027 1107,1020 1204,1007 1203,962 498,983"/>
                <Baseline points="504,1017 538,1016 573,1016 608,1014 643,1014 677,1014 712,1013 747,1013 782,1011 816,1011 851,1010 886,1010 921,1008 955,1008 990,1008 1025,1007 1060,1005 1094,1004 1129,1004 1164,1002 1199,1001"/>
                <TextEquiv>
                    <Unicode>possumus aliquo modo licet imperfecte ymaginari.</Unicode>
                </TextEquiv>
            </TextLine>
            <TextLine id="r3l19" custom="readingOrder {index:17;}">
                <Coords points="496,1069 1198,1052 1198,1014 495,1031"/>
                <Baseline points="500,1061 534,1061 569,1059 603,1059 638,1059 673,1058 707,1058 742,1056 777,1056 811,1055 846,1055 881,1053 915,1052 950,1052 985,1050 1019,1049 1054,1049 1089,1048 1123,1047 1158,1047 1193,1046"/>
                <TextEquiv>
                    <Unicode>in diuinis quare spirati spiritus sanctus non sit generatio.</Unicode>
                </TextEquiv>
            </TextLine>
            <TextLine id="r3l20" custom="readingOrder {index:18;}">
                <Coords points="492,1112 1184,1096 1194,1048 491,1071"/>
                <Baseline points="497,1106 531,1104 566,1104 600,1103 635,1103 670,1101 704,1100 739,1100 774,1098 808,1098 843,1097 878,1097 912,1095 947,1095 982,1094 1016,1092 1051,1092 1086,1091 1120,1089 1155,1088 1190,1086"/>
                <TextEquiv>
                    <Unicode>quia quamuis voluntas diuina et intellectus diuinus nul</Unicode>
                </TextEquiv>
            </TextLine>
            <TextLine id="r3l21" custom="readingOrder {index:19;}">
                <Coords points="492,1157 1195,1138 1194,1096 1140,1089 950,1115 491,1111"/>
                <Baseline points="497,1148 531,1148 566,1146 600,1146 635,1145 670,1145 704,1144 739,1143 774,1143 808,1142 843,1141 878,1140 912,1140 947,1139 982,1139 1016,1137 1051,1136 1086,1135 1120,1134 1155,1133 1190,1131"/>
                <TextEquiv>
                    <Unicode>lo modo distinguantur. nec inter se nec ab essentia di</Unicode>
                </TextEquiv>
            </TextLine>
            <TextLine id="r3l22" custom="readingOrder {index:20;}">
                <Coords points="495,1202 1181,1187 1197,1137 494,1159"/>
                <Baseline points="500,1193 534,1191 569,1190 603,1188 638,1188 673,1187 707,1187 742,1186 777,1185 811,1185 846,1184 881,1184 915,1184 950,1182 985,1182 1019,1181 1054,1180 1089,1178 1123,1178 1158,1176 1193,1175"/>
                <TextEquiv>
                    <Unicode>uina. tamen essentia diuina vere et realiter est non tantum in¬</Unicode>
                </TextEquiv>
            </TextLine>
            <TextLine id="r3l23" custom="readingOrder {index:21;}">
                <Coords points="495,1243 1167,1230 1207,1225 1206,1181 494,1202"/>
                <Baseline points="500,1235 535,1235 570,1233 605,1233 640,1233 675,1232 710,1232 745,1230 780,1230 815,1229 851,1229 886,1227 921,1226 956,1226 991,1224 1026,1224 1061,1223 1096,1221 1131,1221 1166,1220 1202,1220"/>
                <TextEquiv>
                    <Unicode>tellectio et volitio. sed intelligens et volens. et vere</Unicode>
                </TextEquiv>
            </TextLine>
            <TextLine id="r3l24" custom="readingOrder {index:22;}">
                <Coords points="490,1286 1128,1280 1199,1268 1199,1225 489,1249"/>
                <Baseline points="494,1277 529,1277 564,1277 599,1277 634,1275 669,1275 704,1274 739,1274 774,1274 809,1272 844,1272 879,1271 914,1270 949,1269 984,1269 1019,1268 1054,1266 1089,1266 1124,1265 1159,1263 1194,1263"/>
                <TextEquiv>
                    <Unicode>intelligit seipsam et vult seipsam. et intelligendo</Unicode>
                </TextEquiv>
            </TextLine>
            <TextLine id="r3l25" custom="readingOrder {index:23;}">
                <Coords points="493,1335 1196,1313 1195,1271 1164,1268 492,1287"/>
                <Baseline points="498,1323 532,1322 567,1321 601,1320 636,1319 671,1319 705,1318 740,1317 774,1317 809,1316 844,1316 878,1316 913,1314 947,1314 982,1313 1017,1312 1051,1311 1086,1310 1120,1308 1155,1307 1190,1305"/>
                <TextEquiv>
                    <Unicode>seipsam vere est principiuum productiuum filii tamquam ali</Unicode>
                </TextEquiv>
            </TextLine>
            <TextLine id="r3l26" custom="readingOrder {index:24;}">
                <Coords points="489,1378 1125,1354 1166,1372 1193,1358 1192,1314 488,1337"/>
                <Baseline points="494,1367 528,1367 563,1365 598,1364 632,1364 667,1362 702,1362 736,1361 771,1361 806,1359 841,1359 875,1359 910,1358 945,1357 979,1356 1014,1355 1049,1355 1083,1353 1118,1352 1153,1350 1188,1349"/>
                <TextEquiv>
                    <Unicode>cuius quod est simillimum ipsi patri intellecto. non tamen prtes¬</Unicode>
                </TextEquiv>
            </TextLine>
            <TextLine id="r3l27" custom="readingOrder {index:25;}">
                <Coords points="486,1413 1197,1404 1206,1353 1171,1371 485,1381"/>
                <Baseline points="491,1409 526,1409 562,1409 597,1407 633,1407 668,1406 704,1406 739,1406 775,1404 810,1403 846,1403 882,1403 917,1401 953,1400 988,1400 1024,1398 1059,1398 1095,1397 1130,1396 1166,1395 1202,1394"/>
                <TextEquiv>
                    <Unicode>intellecto sicut est in nobis. et quia sicut productum est</Unicode>
                </TextEquiv>
            </TextLine>
            <TextLine id="r3l28" custom="readingOrder {index:26;}">
                <Coords points="496,1460 857,1467 889,1450 1148,1454 1190,1429 1178,1398 1059,1419 1037,1403 496,1418"/>
                <Baseline points="501,1452 535,1452 569,1452 603,1452 637,1452 672,1451 706,1451 740,1449 774,1449 808,1448 843,1448 877,1446 911,1445 945,1445 979,1443 1014,1442 1048,1442 1082,1440 1116,1440 1150,1440 1185,1440"/>
                <TextEquiv>
                    <Unicode>simillimum: oportet quod distinguatur realiter ab illo quod</Unicode>
                </TextEquiv>
            </TextLine>
            <TextLine id="r3l29" custom="readingOrder {index:27;}">
                <Coords points="498,1503 1190,1493 1188,1429 1135,1458 1052,1446 1009,1466 947,1448 898,1466 497,1460"/>
                <Baseline points="503,1499 537,1497 571,1496 605,1496 639,1494 673,1494 707,1493 741,1493 775,1491 809,1491 843,1490 877,1489 911,1488 945,1487 979,1487 1013,1485 1047,1485 1081,1484 1115,1484 1149,1482 1184,1481"/>
                <TextEquiv>
                    <Unicode>ducit. et non potest distingui in aliquo absoluto. qua</Unicode>
                </TextEquiv>
            </TextLine>
            <TextLine id="r3l30" custom="readingOrder {index:28;}">
                <Coords points="492,1552 1196,1532 1195,1489 491,1505"/>
                <Baseline points="497,1541 531,1539 566,1539 601,1538 635,1538 670,1538 705,1536 739,1536 774,1535 809,1535 844,1533 878,1533 913,1532 948,1532 982,1530 1017,1529 1052,1528 1086,1527 1121,1526 1156,1525 1191,1524"/>
                <TextEquiv>
                    <Unicode>tunc non esset simillimum. ideo oportet quod distinguatur</Unicode>
                </TextEquiv>
            </TextLine>
            <TextLine id="r3l31" custom="readingOrder {index:29;}">
                <Coords points="494,1603 1192,1578 1197,1530 492,1554"/>
                <Baseline points="498,1587 532,1586 567,1584 602,1584 637,1583 671,1582 706,1581 741,1580 776,1580 810,1578 845,1578 880,1577 915,1577 949,1575 984,1575 1019,1574 1054,1572 1088,1572 1123,1571 1158,1570 1193,1569"/>
                <TextEquiv>
                    <Unicode>ipsamet productione passiua. et ita productio illa est</Unicode>
                </TextEquiv>
            </TextLine>
            <TextLine id="r3l32" custom="readingOrder {index:30;}">
                <Coords points="492,1648 1204,1618 1184,1575 491,1605"/>
                <Baseline points="497,1629 532,1628 567,1626 602,1626 637,1625 672,1625 707,1623 742,1623 777,1622 812,1622 848,1622 883,1620 918,1620 953,1619 988,1619 1023,1617 1058,1617 1093,1616 1128,1615 1163,1614 1199,1613"/>
                <TextEquiv>
                    <Unicode>productio viuentis de viuente. quia ex hoc ipso quod pro¬</Unicode>
                </TextEquiv>
            </TextLine>
            <TextLine id="r3l33" custom="readingOrder {index:31;}">
                <Coords points="501,1681 1201,1667 1200,1618 500,1642"/>
                <Baseline points="506,1673 540,1673 575,1671 609,1670 644,1670 678,1668 713,1668 747,1667 782,1667 816,1665 851,1665 885,1664 920,1664 954,1662 989,1662 1023,1661 1058,1660 1092,1659 1127,1658 1161,1656 1196,1655"/>
                <TextEquiv>
                    <Unicode>ducitur primo et immediate virtute intellectionis ob</Unicode>
                </TextEquiv>
            </TextLine>
            <TextLine id="r3l34" custom="readingOrder {index:32;}">
                <Coords points="499,1723 1204,1709 1203,1668 1178,1660 498,1681"/>
                <Baseline points="504,1716 538,1716 573,1715 608,1715 643,1713 677,1713 712,1712 747,1712 782,1710 816,1710 851,1709 886,1709 921,1707 955,1706 990,1706 1025,1704 1060,1704 1094,1703 1129,1701 1164,1700 1199,1700"/>
                <TextEquiv>
                    <Unicode>iecti cogniti. et non est formaliter volitio nec intel¬</Unicode>
                </TextEquiv>
            </TextLine>
            <TextLine id="r3l35" custom="readingOrder {index:33;}">
                <Coords points="501,1768 992,1769 1129,1749 1204,1765 1203,1708 500,1724"/>
                <Baseline points="506,1757 540,1757 575,1758 609,1758 644,1758 679,1757 713,1757 748,1755 783,1755 817,1754 852,1754 887,1752 921,1751 956,1751 991,1749 1025,1749 1060,1748 1095,1748 1129,1748 1164,1748 1199,1748"/>
                <TextEquiv>
                    <Unicode>lectio producitur vt simile obiecto cognito. scilicet ipsi pro¬</Unicode>
                </TextEquiv>
            </TextLine>
            <TextLine id="r3l36" custom="readingOrder {index:34;}">
                <Coords points="504,1810 1211,1798 1210,1757 1130,1750 1058,1768 503,1767"/>
                <Baseline points="509,1802 543,1802 578,1802 613,1800 648,1800 683,1800 718,1799 752,1799 787,1798 822,1797 857,1797 892,1796 927,1796 962,1794 996,1793 1031,1793 1066,1791 1101,1790 1136,1789 1171,1787 1206,1785"/>
                <TextEquiv>
                    <Unicode>ducenti. et ita vere est generatio stricte accipien¬</Unicode>
                </TextEquiv>
            </TextLine>
            <TextLine id="r3l37" custom="readingOrder {index:35;}">
                <Coords points="499,1858 970,1855 1202,1828 1201,1792 498,1816"/>
                <Baseline points="504,1845 538,1845 573,1844 607,1844 642,1843 677,1842 711,1842 746,1841 781,1841 815,1839 850,1839 885,1838 919,1838 954,1836 989,1836 1023,1835 1058,1835 1093,1833 1127,1832 1162,1831 1197,1830"/>
                <TextEquiv>
                    <Unicode>do generationem. Sed aliter est de spiritus sancto. Nam</Unicode>
                </TextEquiv>
            </TextLine>
            <TextLine id="r3l38" custom="readingOrder {index:36;}">
                <Coords points="501,1897 1131,1878 1198,1894 1197,1829 984,1857 501,1856"/>
                <Baseline points="506,1889 540,1889 574,1887 609,1886 643,1886 677,1884 712,1883 746,1883 780,1883 815,1882 849,1881 883,1881 918,1881 952,1880 986,1880 1021,1878 1055,1878 1089,1877 1124,1875 1158,1875 1193,1874"/>
                <TextEquiv>
                    <Unicode>ipse spiritus sanctus producitur: virtute volitionis quae quam</Unicode>
                </TextEquiv>
            </TextLine>
            <TextLine id="r3l39" custom="readingOrder {index:37;}">
                <Coords points="505,1940 1200,1925 1207,1880 504,1905"/>
                <Baseline points="510,1932 544,1931 579,1929 613,1928 648,1928 683,1926 717,1926 752,1925 786,1925 821,1925 856,1924 890,1923 925,1923 959,1922 994,1922 1029,1921 1063,1920 1098,1919 1132,1918 1167,1917 1202,1916"/>
                <TextEquiv>
                    <Unicode>uis sit eadem formaliter cum diuina essentia et intel</Unicode>
                </TextEquiv>
            </TextLine>
            <TextLine id="r3l40" custom="readingOrder {index:38;}">
                <Coords points="504,1982 1201,1969 1200,1923 504,1941"/>
                <Baseline points="509,1973 543,1973 577,1973 612,1973 646,1971 680,1971 715,1971 749,1970 783,1970 818,1968 852,1968 886,1967 921,1967 955,1965 989,1965 1024,1964 1058,1964 1092,1964 1127,1962 1161,1962 1196,1961"/>
                <TextEquiv>
                    <Unicode>lectione. tamen vere potest esse principium donandi aliquid</Unicode>
                </TextEquiv>
            </TextLine>
            <TextLine id="r3l41" custom="readingOrder {index:39;}">
                <Coords points="508,2024 1212,2009 1211,1968 507,1981"/>
                <Baseline points="513,2019 547,2018 582,2018 616,2016 651,2015 686,2015 720,2013 755,2013 790,2012 824,2012 859,2010 894,2010 928,2010 963,2009 998,2009 1032,2009 1067,2007 1102,2007 1136,2006 1171,2006 1206,2004"/>
                <TextEquiv>
                    <Unicode>dilecto. et diuina volitio non tantum potest esse principi¬</Unicode>
                </TextEquiv>
            </TextLine>
            <TextLine id="r3l42" custom="readingOrder {index:40;}">
                <Coords points="507,2069 1181,2065 1213,2054 1212,2009 1082,2029 1046,2008 995,2028 927,2011 875,2030 767,2011 506,2026"/>
                <Baseline points="512,2063 546,2061 581,2061 616,2060 651,2058 686,2058 720,2057 755,2056 790,2055 825,2055 860,2054 894,2054 929,2053 964,2052 999,2052 1034,2051 1068,2051 1103,2051 1138,2049 1173,2049 1208,2049"/>
                <TextEquiv>
                    <Unicode>um donandi aliquid dilecto. sed etiam potest esse principit</Unicode>
                </TextEquiv>
            </TextLine>
            <TextLine id="r3l43" custom="readingOrder {index:41;}">
                <Coords points="511,2114 1205,2096 1204,2066 1142,2053 617,2065 560,2085 510,2068"/>
                <Baseline points="516,2109 550,2108 584,2106 618,2104 652,2103 687,2102 721,2100 755,2100 789,2099 823,2099 858,2097 892,2097 926,2097 960,2097 994,2096 1029,2096 1063,2095 1097,2094 1131,2093 1165,2093 1200,2091"/>
                <TextEquiv>
                    <Unicode>um producendi donum. quod quidem donum ex hoc ip¬</Unicode>
                </TextEquiv>
            </TextLine>
            <TextLine id="r3l44" custom="readingOrder {index:42;}">
                <Coords points="505,2158 1138,2153 1199,2142 1198,2096 504,2118"/>
                <Baseline points="510,2151 544,2150 578,2148 612,2147 646,2146 680,2145 714,2145 749,2144 783,2144 817,2142 851,2142 885,2141 919,2141 953,2141 988,2139 1022,2139 1056,2138 1090,2138 1124,2136 1158,2136 1193,2135"/>
                <TextEquiv>
                    <Unicode>so quod est donum non est simile. sicut declaratum est: quamuis</Unicode>
                </TextEquiv>
            </TextLine>
            <TextLine id="r3l45" custom="readingOrder {index:43;}">
                <Coords points="504,2205 1134,2192 1205,2185 1204,2142 503,2162"/>
                <Baseline points="509,2195 543,2193 578,2193 612,2192 647,2192 681,2190 716,2190 750,2189 785,2188 819,2187 854,2186 888,2186 923,2184 957,2184 992,2183 1026,2182 1061,2181 1095,2181 1130,2180 1164,2180 1199,2178"/>
                <TextEquiv>
                    <Unicode>ex hoc ipsoquod producitur in eadem essentia sit simile.</Unicode>
                </TextEquiv>
            </TextLine>
            <TextLine id="r3l46" custom="readingOrder {index:44;}">
                <Coords points="511,2245 1044,2244 1210,2230 1209,2187 510,2203"/>
                <Baseline points="516,2238 550,2237 584,2235 619,2235 653,2234 688,2233 722,2232 757,2231 791,2231 826,2229 860,2229 894,2229 929,2228 963,2228 998,2228 1032,2226 1067,2226 1101,2226 1136,2225 1170,2225 1205,2225"/>
                <TextEquiv>
                    <Unicode>ideo stricte accipiendo generationem. producti spiritus sancti</Unicode>
                </TextEquiv>
            </TextLine>
            <TextLine id="r3l47" custom="readingOrder {index:45;}">
                <Coords points="515,2292 1201,2278 1200,2231 1182,2228 762,2237 732,2255 514,2244"/>
                <Baseline points="519,2283 552,2282 586,2280 620,2279 654,2278 688,2277 722,2276 755,2276 789,2274 823,2274 857,2273 891,2273 925,2271 959,2271 992,2271 1026,2270 1060,2270 1094,2270 1128,2268 1162,2268 1196,2267"/>
                <TextEquiv>
                    <Unicode>quae est donum patris et filii non est generatio. quia non e</Unicode>
                </TextEquiv>
            </TextLine>
            <TextLine id="r3l48" custom="readingOrder {index:46;}">
                <Coords points="499,2333 1217,2320 1215,2271 498,2290"/>
                <Baseline points="504,2327 539,2325 574,2324 610,2322 645,2322 680,2321 716,2320 751,2319 786,2319 822,2318 857,2318 892,2316 928,2316 963,2315 998,2313 1034,2313 1069,2312 1104,2312 1140,2310 1175,2309 1211,2309"/>
                <TextEquiv>
                    <Unicode>hoc ipso quod est donum. productum est viuens simile viuenti</Unicode>
                </TextEquiv>
            </TextLine>
            <TextLine id="r3l49" custom="readingOrder {index:47;}">
                <Coords points="508,2375 1213,2359 1200,2314 507,2334"/>
                <Baseline points="513,2370 547,2369 582,2367 617,2366 652,2366 686,2364 721,2363 756,2363 791,2361 825,2361 860,2360 895,2360 930,2358 964,2358 999,2357 1034,2357 1069,2356 1103,2355 1138,2355 1173,2354 1208,2354"/>
                <TextEquiv>
                    <Unicode>amato. ⁋ hec sint dicta sine praeiudicio sententie</Unicode>
                </TextEquiv>
            </TextLine>
            <TextLine id="r3l50" custom="readingOrder {index:48;}">
                <Coords points="499,2420 1210,2403 1209,2369 1181,2357 498,2382"/>
                <Baseline points="504,2412 539,2412 574,2411 609,2411 644,2411 679,2409 714,2408 749,2408 784,2406 819,2406 854,2405 889,2403 924,2403 959,2402 994,2400 1029,2400 1064,2399 1099,2399 1134,2397 1169,2397 1205,2397"/>
                <TextEquiv>
                    <Unicode>melioris. quia ad inuestigandum distinctionem inter</Unicode>
                </TextEquiv>
            </TextLine>
            <TextLine id="r3l51" custom="readingOrder {index:49;}">
                <Coords points="512,2480 584,2458 1204,2448 1191,2403 511,2418"/>
                <Baseline points="516,2454 550,2454 584,2454 618,2454 652,2453 686,2453 720,2452 755,2451 789,2451 823,2450 857,2448 891,2448 925,2447 959,2446 994,2445 1028,2444 1062,2444 1096,2442 1130,2442 1164,2441 1199,2441"/>
                <TextEquiv>
                    <Unicode>generationem et spirationem. et quare spiratio non</Unicode>
                </TextEquiv>
            </TextLine>
            <TextLine id="r3l52" custom="readingOrder {index:50;}">
                <Coords points="505,2505 1195,2494 1209,2448 504,2467"/>
                <Baseline points="510,2499 544,2499 579,2498 614,2498 649,2497 683,2496 718,2496 753,2495 788,2493 822,2492 857,2492 892,2490 927,2490 961,2489 996,2489 1031,2487 1066,2487 1100,2486 1135,2486 1170,2486 1205,2486"/>
                <TextEquiv>
                    <Unicode>sit generatio. scio me totaliter insufficientem. Uerum</Unicode>
                </TextEquiv>
            </TextLine>
            <TextLine id="r3l53" custom="readingOrder {index:51;}">
                <Coords points="511,2547 1202,2536 1186,2491 709,2499 611,2520 510,2505"/>
                <Baseline points="516,2541 550,2541 584,2541 618,2540 652,2540 686,2538 720,2538 754,2537 788,2537 822,2535 856,2535 890,2535 924,2534 958,2534 992,2532 1026,2532 1060,2531 1094,2531 1128,2531 1162,2529 1196,2529"/>
                <TextEquiv>
                    <Unicode>tamen quomd spiritus sanctus si donum et cui donetur. dis. xviit</Unicode>
                </TextEquiv>
            </TextLine>
            <TextLine id="r3l54" custom="readingOrder {index:52;}">
                <Coords points="505,2594 1208,2588 1207,2532 505,2550"/>
                <Baseline points="510,2586 544,2586 579,2585 613,2585 648,2583 683,2583 717,2582 752,2581 787,2580 821,2579 856,2579 891,2578 925,2577 960,2577 995,2576 1029,2576 1064,2575 1099,2574 1133,2574 1168,2574 1203,2574"/>
                <TextEquiv>
                    <Unicode>dicetur. ⁋ Per predicta dico ad questionem: quod</Unicode>
                </TextEquiv>
            </TextLine>
            <TextLine id="r3l55" custom="readingOrder {index:53;}">
                <Coords points="510,2641 1112,2635 1213,2622 1213,2587 510,2591"/>
                <Baseline points="515,2630 549,2628 584,2627 618,2626 653,2625 688,2624 722,2624 757,2622 792,2622 826,2622 861,2622 896,2621 930,2621 965,2621 1000,2621 1034,2619 1069,2619 1104,2618 1138,2618 1173,2616 1208,2615"/>
                <TextEquiv>
                    <Unicode>spirati spiritus sanctus non est generatio filii. quia iste productio</Unicode>
                </TextEquiv>
            </TextLine>
            <TextLine id="r3l56" custom="readingOrder {index:54;}">
                <Coords points="509,2693 1209,2681 1216,2622 508,2642"/>
                <Baseline points="513,2676 547,2675 582,2672 617,2670 652,2670 687,2669 722,2669 757,2668 792,2667 827,2667 862,2667 896,2667 931,2667 966,2667 1001,2667 1036,2666 1071,2666 1106,2664 1141,2664 1176,2662 1211,2660"/>
                <TextEquiv>
                    <Unicode>nes passiue distinguuntur sicut ipsa producta. sed iste</Unicode>
                </TextEquiv>
            </TextLine>
            <TextEquiv>
                <Unicode>Istud de esse ficto dicitur secundum opinionem quae ponit fi
cta. secundum alias opiniones esset proportionabiliter di¬
cendum de ipsa intellectione vel aliquo facto per actum
intellectus. Ex quo patet quod intellectus noster vniversaliter
intellectus creatus praehabens actum intelligendi hab
vim fictiuam similis. et si haberet potestatem produce
di realiter illud quod fingit. illud productum vere esse
simile obiecto praintellecto. et nullo modo posset produ
cere nisi simile praintellecto. voluntas autem nostra
non habet vim donatiuam similis plus quam dissimilis
immo priamato ita posset donare simile sicut dis
simile et econuerso. et si posset virtute illius amo¬
ris amati non tantum donare aliquod donum priamato:
sed etiam producere illud donum. ex hoc quod produceretur
a voluntate virtute amoris praexistentis. non plus
esset simile obiecto amato quam dissimile. ⁋ Ex istis
possumus aliquo modo licet imperfecte ymaginari.
in diuinis quare spirati spiritus sanctus non sit generatio.
quia quamuis voluntas diuina et intellectus diuinus nul
lo modo distinguantur. nec inter se nec ab essentia di
uina. tamen essentia diuina vere et realiter est non tantum in¬
tellectio et volitio. sed intelligens et volens. et vere
intelligit seipsam et vult seipsam. et intelligendo
seipsam vere est principiuum productiuum filii tamquam ali
cuius quod est simillimum ipsi patri intellecto. non tamen prtes¬
intellecto sicut est in nobis. et quia sicut productum est
simillimum: oportet quod distinguatur realiter ab illo quod
ducit. et non potest distingui in aliquo absoluto. qua
tunc non esset simillimum. ideo oportet quod distinguatur
ipsamet productione passiua. et ita productio illa est
productio viuentis de viuente. quia ex hoc ipso quod pro¬
ducitur primo et immediate virtute intellectionis ob
iecti cogniti. et non est formaliter volitio nec intel¬
lectio producitur vt simile obiecto cognito. scilicet ipsi pro¬
ducenti. et ita vere est generatio stricte accipien¬
do generationem. Sed aliter est de spiritus sancto. Nam
ipse spiritus sanctus producitur: virtute volitionis quae quam
uis sit eadem formaliter cum diuina essentia et intel
lectione. tamen vere potest esse principium donandi aliquid
dilecto. et diuina volitio non tantum potest esse principi¬
um donandi aliquid dilecto. sed etiam potest esse principit
um producendi donum. quod quidem donum ex hoc ip¬
so quod est donum non est simile. sicut declaratum est: quamuis
ex hoc ipsoquod producitur in eadem essentia sit simile.
ideo stricte accipiendo generationem. producti spiritus sancti
quae est donum patris et filii non est generatio. quia non e
hoc ipso quod est donum. productum est viuens simile viuenti
amato. ⁋ hec sint dicta sine praeiudicio sententie
melioris. quia ad inuestigandum distinctionem inter
generationem et spirationem. et quare spiratio non
sit generatio. scio me totaliter insufficientem. Uerum
tamen quomd spiritus sanctus si donum et cui donetur. dis. xviit
dicetur. ⁋ Per predicta dico ad questionem: quod
spirati spiritus sanctus non est generatio filii. quia iste productio
nes passiue distinguuntur sicut ipsa producta. sed iste</Unicode>
            </TextEquiv>
        </TextRegion>
        <TextRegion orientation="0.0" id="TextRegion_1597682044377_3383" custom="readingOrder {index:1;}">
            <Coords points="1301,180 2018,180 2032,2672 1301,2672"/>
            <TextLine id="r4l3" custom="readingOrder {index:0;}">
                <Coords points="1302,309 2000,290 1999,247 1963,234 1301,256"/>
                <Baseline points="1307,294 1341,294 1375,294 1410,293 1444,293 1478,293 1513,291 1547,291 1581,290 1616,290 1650,288 1684,287 1719,287 1753,285 1787,285 1822,284 1856,284 1890,282 1925,282 1959,282 1994,282"/>
                <TextEquiv>
                    <Unicode>persone producte realiter distinguuntur. ergo et ipse pro</Unicode>
                </TextEquiv>
            </TextLine>
            <TextLine id="line_1597682044504_3386" custom="readingOrder {index:1;}">
                <Coords points="1306,345 1488,341 1511,360 1542,340 2006,336 2025,333 2024,288 1305,313"/>
                <Baseline points="1311,339 1349,339 1388,338 1427,338 1465,338 1504,336 1543,336 1581,335 1620,335 1659,333 1698,333 1736,331 1775,330 1814,329 1852,327 1891,326 1930,324 1968,322 2007,320 2019,319"/>
                <TextEquiv>
                    <Unicode>ductiones. ⁋ Ad primum principale dico quod genera</Unicode>
                </TextEquiv>
            </TextLine>
            <TextLine id="line_1597682044505_3388" custom="readingOrder {index:2;}">
                <Coords points="1315,386 1893,390 2024,366 2023,340 1910,329 1777,350 1314,347"/>
                <Baseline points="1320,381 1357,381 1395,380 1433,380 1471,380 1509,379 1546,378 1584,378 1622,377 1660,377 1698,377 1735,375 1773,374 1811,372 1849,371 1887,369 1924,367 1962,363 2000,360 2019,358"/>
                <TextEquiv>
                    <Unicode>tio et spiratio actiue sumpta non distinguuntur re¬</Unicode>
                </TextEquiv>
            </TextLine>
            <TextLine id="r4l7" custom="readingOrder {index:3;}">
                <Coords points="1297,437 1985,427 2006,424 2005,376 1296,392"/>
                <Baseline points="1302,423 1336,423 1371,423 1406,423 1441,423 1476,423 1511,423 1546,423 1581,422 1616,422 1651,420 1685,420 1720,419 1755,419 1790,417 1825,416 1860,415 1895,413 1930,412 1965,411 2000,410"/>
                <TextEquiv>
                    <Unicode>aliter. sed accipiendo generationem et spirationem</Unicode>
                </TextEquiv>
            </TextLine>
            <TextLine id="r4l8" custom="readingOrder {index:4;}">
                <Coords points="1297,487 1620,467 1696,486 2018,453 2011,418 1846,418 1819,442 1780,425 1296,436"/>
                <Baseline points="1301,471 1336,470 1372,468 1407,467 1443,467 1479,465 1514,465 1550,465 1585,465 1621,464 1657,464 1692,463 1728,462 1763,462 1799,461 1835,461 1870,459 1906,457 1941,456 1977,454 2013,452"/>
                <TextEquiv>
                    <Unicode>passiue. sic realiter distinguuntur. Et ad proba¬</Unicode>
                </TextEquiv>
            </TextLine>
            <TextLine id="r4l9" custom="readingOrder {index:5;}">
                <Coords points="1296,520 1977,510 2014,505 2014,465 1296,486"/>
                <Baseline points="1301,509 1336,510 1371,510 1407,510 1442,510 1478,510 1513,510 1548,510 1584,510 1619,509 1655,509 1690,508 1725,507 1761,506 1796,506 1832,504 1867,503 1902,501 1938,500 1973,498 2009,497"/>
                <TextEquiv>
                    <Unicode>tionem dico: quod non tantum relationis opposito inter corre</Unicode>
                </TextEquiv>
            </TextLine>
            <TextLine id="r4l10" custom="readingOrder {index:6;}">
                <Coords points="1306,562 1927,559 2012,548 2011,505 1305,520"/>
                <Baseline points="1311,555 1345,555 1380,554 1415,554 1450,554 1484,554 1519,554 1554,554 1589,554 1623,552 1658,552 1693,552 1728,551 1762,549 1797,549 1832,548 1867,546 1901,545 1936,543 1971,541 2006,539"/>
                <TextEquiv>
                    <Unicode>latiua sufficit ad distinctionem realem in diuinis</Unicode>
                </TextEquiv>
            </TextLine>
            <TextLine id="r4l11" custom="readingOrder {index:7;}">
                <Coords points="1306,607 2008,597 1995,549 1306,563"/>
                <Baseline points="1311,600 1345,599 1380,598 1414,597 1449,597 1484,597 1518,596 1553,596 1587,596 1622,596 1657,594 1691,594 1726,594 1760,593 1795,593 1830,591 1864,590 1899,588 1933,587 1968,585 2003,582"/>
                <TextEquiv>
                    <Unicode>sed etiam incompossibilitas in eadem persona sufficit</Unicode>
                </TextEquiv>
            </TextLine>
            <TextLine id="r4l12" custom="readingOrder {index:8;}">
                <Coords points="1296,647 1601,658 1699,638 1752,659 1982,643 2002,601 1296,607"/>
                <Baseline points="1301,641 1335,641 1370,642 1405,642 1440,642 1475,641 1509,641 1544,641 1579,641 1614,641 1649,639 1683,639 1718,638 1753,638 1788,636 1823,636 1857,635 1892,633 1927,631 1962,629 1997,627"/>
                <TextEquiv>
                    <Unicode>ad distinctionem realem. et ideo quia generatio actio et</Unicode>
                </TextEquiv>
            </TextLine>
            <TextLine id="r4l13" custom="readingOrder {index:9;}">
                <Coords points="1305,697 2004,680 2003,636 1736,663 1683,644 1304,648"/>
                <Baseline points="1310,686 1344,687 1378,687 1413,687 1447,686 1482,686 1516,686 1550,686 1585,684 1619,684 1654,683 1688,683 1722,681 1757,680 1791,680 1826,678 1860,677 1894,676 1929,675 1963,673 1998,672"/>
                <TextEquiv>
                    <Unicode>spiratio actiue sumpta sunt in eadem persona non</Unicode>
                </TextEquiv>
            </TextLine>
            <TextLine id="r4l14" custom="readingOrder {index:10;}">
                <Coords points="1306,742 1944,734 2008,724 2008,680 1305,698"/>
                <Baseline points="1310,729 1344,729 1379,729 1413,729 1448,729 1483,729 1517,729 1552,728 1587,728 1621,728 1656,728 1691,726 1725,726 1760,725 1795,725 1829,723 1864,722 1899,720 1933,719 1968,717 2003,716"/>
                <TextEquiv>
                    <Unicode>distinguuntur realiter. sed generatio et spiratio passi</Unicode>
                </TextEquiv>
            </TextLine>
            <TextLine id="r4l15" custom="readingOrder {index:11;}">
                <Coords points="1303,784 2006,779 2005,725 1302,740"/>
                <Baseline points="1308,774 1342,774 1377,774 1411,773 1446,773 1481,773 1515,773 1550,773 1585,771 1619,771 1654,771 1689,770 1723,770 1758,768 1793,768 1827,767 1862,766 1897,765 1931,764 1966,762 2001,762"/>
                <TextEquiv>
                    <Unicode>ue sumpta non compatiuntur se in eadem persona. quia in¬</Unicode>
                </TextEquiv>
            </TextLine>
            <TextLine id="r4l16" custom="readingOrder {index:12;}">
                <Coords points="1305,832 2009,819 2008,779 1927,769 1304,785"/>
                <Baseline points="1310,819 1344,819 1379,819 1414,819 1448,819 1483,818 1518,818 1552,818 1587,816 1622,816 1657,815 1691,815 1726,813 1761,813 1795,812 1830,810 1865,810 1899,809 1934,807 1969,806 2004,804"/>
                <TextEquiv>
                    <Unicode>possibile est quod eadem persona sit generans vel gene¬</Unicode>
                </TextEquiv>
            </TextLine>
            <TextLine id="r4l17" custom="readingOrder {index:13;}">
                <Coords points="1296,867 1586,882 2005,855 2004,820 1959,809 1742,832 1296,829"/>
                <Baseline points="1301,860 1337,860 1374,861 1411,861 1448,861 1484,861 1521,860 1558,860 1595,860 1632,860 1668,858 1705,858 1742,857 1779,857 1816,855 1852,854 1889,853 1926,851 1963,849 2000,848"/>
                <TextEquiv>
                    <Unicode>rata et spirata. ideo generatio et spiratio passiue</Unicode>
                </TextEquiv>
            </TextLine>
            <TextLine id="r4l18" custom="readingOrder {index:14;}">
                <Coords points="1313,915 2006,905 2005,855 1587,881 1312,865"/>
                <Baseline points="1317,906 1351,906 1385,905 1419,905 1453,905 1487,905 1521,905 1556,905 1590,903 1624,903 1658,903 1692,903 1726,902 1760,902 1795,900 1829,900 1863,899 1897,897 1931,896 1965,895 2000,893"/>
                <TextEquiv>
                    <Unicode>sumpta non compatiutur se in eadem persona. et quia im</Unicode>
                </TextEquiv>
            </TextLine>
            <TextLine id="r4l19" custom="readingOrder {index:15;}">
                <Coords points="1306,964 2016,947 2015,907 1982,899 1305,921"/>
                <Baseline points="1310,951 1345,951 1380,950 1415,950 1450,949 1485,948 1520,948 1555,948 1590,947 1625,947 1660,947 1695,945 1730,945 1765,944 1800,944 1835,942 1870,942 1905,941 1940,939 1975,938 2010,936"/>
                <TextEquiv>
                    <Unicode>possibile est quod eadem persona sit generans vel gene¬</Unicode>
                </TextEquiv>
            </TextLine>
            <TextLine id="r4l20" custom="readingOrder {index:16;}">
                <Coords points="1305,999 1987,994 2005,949 1305,964"/>
                <Baseline points="1310,992 1344,993 1379,993 1413,993 1448,992 1482,992 1517,992 1551,992 1586,990 1620,990 1655,989 1689,989 1724,989 1758,987 1793,987 1827,986 1862,986 1896,984 1931,984 1965,983 2000,983"/>
                <TextEquiv>
                    <Unicode>rata et spirata. ideo generatio et spiratio passiue</Unicode>
                </TextEquiv>
            </TextLine>
            <TextLine id="r4l23" custom="readingOrder {index:17;}">
                <Coords points="1299,1043 1971,1043 2008,1039 2008,996 1299,1004"/>
                <Baseline points="1304,1037 1340,1037 1377,1035 1414,1035 1451,1035 1487,1035 1524,1034 1561,1034 1598,1034 1635,1034 1671,1034 1708,1033 1745,1032 1782,1032 1819,1032 1855,1031 1892,1031 1929,1029 1966,1029 2003,1028"/>
                <TextEquiv>
                    <Unicode>sumpta realiter distinguuntur. ⁋ Ad secundum prin</Unicode>
                </TextEquiv>
            </TextLine>
            <TextLine id="r4l24" custom="readingOrder {index:18;}">
                <Coords points="1302,1092 2005,1077 2005,1044 1948,1031 1779,1052 1302,1044"/>
                <Baseline points="1307,1080 1341,1080 1376,1080 1410,1080 1445,1080 1480,1080 1514,1079 1549,1079 1584,1079 1618,1078 1653,1077 1688,1077 1722,1076 1757,1076 1792,1075 1826,1074 1861,1074 1896,1073 1930,1073 1965,1072 2000,1071"/>
                <TextEquiv>
                    <Unicode>cipale dico quod quamuis spiritussanctus vere produca</Unicode>
                </TextEquiv>
            </TextLine>
            <TextLine id="r4l25" custom="readingOrder {index:19;}">
                <Coords points="1306,1136 1929,1134 2002,1120 2002,1080 1305,1091"/>
                <Baseline points="1310,1121 1344,1122 1378,1122 1413,1122 1447,1122 1481,1122 1516,1122 1550,1122 1584,1122 1619,1121 1653,1121 1687,1121 1722,1120 1756,1119 1790,1119 1825,1118 1859,1118 1893,1116 1928,1116 1962,1115 1997,1115"/>
                <TextEquiv>
                    <Unicode>tur de substantia patris. quia tamen vere exit a patre</Unicode>
                </TextEquiv>
            </TextLine>
            <TextLine id="r4l26" custom="readingOrder {index:20;}">
                <Coords points="1314,1179 1908,1162 1969,1179 2009,1171 2008,1120 1313,1137"/>
                <Baseline points="1319,1167 1353,1167 1387,1167 1421,1167 1456,1167 1490,1167 1524,1166 1558,1166 1593,1166 1627,1164 1661,1164 1695,1163 1730,1163 1764,1163 1798,1161 1832,1161 1867,1161 1901,1160 1935,1160 1969,1160 2004,1160"/>
                <TextEquiv>
                    <Unicode>vt donum vel datus. et ideo vt sic non dicitur vere ge¬</Unicode>
                </TextEquiv>
            </TextLine>
            <TextLine id="r4l27" custom="readingOrder {index:21;}">
                <Coords points="1296,1216 2008,1210 2007,1170 1908,1162 1295,1176"/>
                <Baseline points="1301,1212 1336,1212 1371,1212 1406,1211 1441,1211 1476,1211 1511,1209 1546,1209 1581,1209 1616,1209 1652,1208 1687,1208 1722,1208 1757,1208 1792,1206 1827,1206 1862,1205 1897,1205 1932,1203 1967,1203 2003,1202"/>
                <TextEquiv>
                    <Unicode>nerari: sed produci vel spirari. quia non est de ratione</Unicode>
                </TextEquiv>
            </TextLine>
            <TextLine id="r4l28" custom="readingOrder {index:22;}">
                <Coords points="1305,1263 2005,1262 2005,1222 1942,1209 1305,1218"/>
                <Baseline points="1310,1253 1344,1254 1379,1254 1413,1254 1448,1254 1482,1254 1517,1254 1551,1253 1586,1253 1620,1253 1655,1252 1689,1251 1724,1251 1758,1251 1793,1250 1827,1250 1862,1248 1896,1248 1931,1248 1965,1248 2000,1247"/>
                <TextEquiv>
                    <Unicode>boni esse simile obiecto amato vel dilecto. et</Unicode>
                </TextEquiv>
            </TextLine>
            <TextLine id="r4l29" custom="readingOrder {index:23;}">
                <Coords points="1308,1312 2006,1297 1992,1258 1308,1263"/>
                <Baseline points="1313,1299 1347,1299 1381,1299 1416,1299 1450,1299 1485,1298 1519,1298 1553,1298 1588,1298 1622,1296 1657,1296 1691,1296 1725,1295 1760,1295 1794,1295 1829,1293 1863,1293 1897,1292 1932,1292 1966,1290 2001,1290"/>
                <TextEquiv>
                    <Unicode>hoc est quod dicit beatus augustinus. quod exit a patre</Unicode>
                </TextEquiv>
            </TextLine>
            <TextLine id="line_1597682044508_3390" custom="readingOrder {index:24;}">
                <Coords points="1302,1349 1994,1351 2029,1339 2028,1296 1301,1314"/>
                <Baseline points="1307,1343 1349,1341 1392,1341 1434,1341 1477,1340 1520,1340 1562,1340 1605,1340 1647,1340 1690,1340 1733,1340 1775,1340 1818,1338 1860,1338 1903,1337 1946,1336 1988,1334 2024,1332"/>
                <TextEquiv>
                    <Unicode>non quomodo natus sed quomodo datus. Et si dicatur quod quam</Unicode>
                </TextEquiv>
            </TextLine>
            <TextLine id="r4l31" custom="readingOrder {index:25;}">
                <Coords points="1299,1397 1557,1408 1597,1389 2009,1383 2008,1350 1932,1341 1298,1352"/>
                <Baseline points="1304,1385 1339,1385 1374,1386 1409,1386 1444,1386 1479,1386 1514,1386 1549,1385 1584,1385 1619,1385 1654,1383 1689,1383 1724,1382 1759,1382 1794,1382 1829,1380 1864,1380 1899,1379 1934,1379 1969,1377 2004,1377"/>
                <TextEquiv>
                    <Unicode>uis donum ex hoc quod donum non est simile. tamen hoc do¬</Unicode>
                </TextEquiv>
            </TextLine>
            <TextLine id="r4l32" custom="readingOrder {index:26;}">
                <Coords points="1308,1445 1976,1442 2020,1426 2020,1390 1308,1398"/>
                <Baseline points="1313,1430 1348,1430 1383,1430 1418,1429 1453,1428 1488,1428 1523,1428 1558,1428 1593,1427 1628,1427 1664,1427 1699,1427 1734,1425 1769,1425 1804,1425 1839,1425 1874,1424 1909,1424 1944,1422 1979,1422 2015,1421"/>
                <TextEquiv>
                    <Unicode>num quond spiritus sanctus vere est simile obiecto dilecto. ideo quam¬</Unicode>
                </TextEquiv>
            </TextLine>
            <TextLine id="r4l33" custom="readingOrder {index:27;}">
                <Coords points="1308,1480 2014,1484 2014,1428 1308,1445"/>
                <Baseline points="1313,1472 1347,1472 1382,1472 1417,1473 1452,1473 1487,1473 1521,1472 1556,1472 1591,1472 1626,1472 1661,1470 1695,1470 1730,1469 1765,1469 1800,1469 1835,1467 1869,1467 1904,1467 1939,1466 1974,1466 2009,1466"/>
                <TextEquiv>
                    <Unicode>uis non ratione qua donum possit dici generari. tamen</Unicode>
                </TextEquiv>
            </TextLine>
            <TextLine id="r4l34" custom="readingOrder {index:28;}">
                <Coords points="1303,1523 1916,1527 2021,1510 2021,1478 1303,1481"/>
                <Baseline points="1308,1515 1343,1515 1378,1515 1414,1515 1449,1515 1485,1515 1520,1515 1555,1515 1591,1514 1626,1514 1662,1514 1697,1514 1732,1513 1768,1512 1803,1512 1839,1511 1874,1511 1909,1509 1945,1509 1980,1508 2016,1508"/>
                <TextEquiv>
                    <Unicode>ratione qua hoc donum vere poterit dici genera¬</Unicode>
                </TextEquiv>
            </TextLine>
            <TextLine id="r4l36" custom="readingOrder {index:29;}">
                <Coords points="1300,1576 2026,1558 2015,1513 1300,1533"/>
                <Baseline points="1305,1560 1340,1560 1376,1560 1412,1560 1448,1560 1484,1560 1519,1560 1555,1559 1591,1559 1627,1558 1663,1557 1698,1557 1734,1556 1770,1556 1806,1555 1842,1554 1877,1554 1913,1553 1949,1553 1985,1553 2021,1553"/>
                <TextEquiv>
                    <Unicode>ri. ⁋ Respondeo quod non est assignare rationem suffi¬</Unicode>
                </TextEquiv>
            </TextLine>
            <TextLine id="r4l37" custom="readingOrder {index:30;}">
                <Coords points="1309,1613 1986,1614 2012,1605 2012,1560 1309,1576"/>
                <Baseline points="1314,1602 1348,1602 1383,1602 1417,1602 1452,1602 1487,1602 1521,1602 1556,1602 1591,1602 1625,1602 1660,1601 1695,1601 1729,1600 1764,1599 1799,1599 1833,1598 1868,1598 1903,1598 1937,1596 1972,1596 2007,1596"/>
                <TextEquiv>
                    <Unicode>cientem quare producti spiritus sanctus non dicatur generatio.</Unicode>
                </TextEquiv>
            </TextLine>
            <TextLine id="r4l38" custom="readingOrder {index:31;}">
                <Coords points="1312,1653 1977,1654 2018,1646 2018,1604 1312,1611"/>
                <Baseline points="1317,1644 1351,1646 1386,1646 1421,1647 1456,1647 1491,1647 1525,1647 1560,1646 1595,1646 1630,1646 1665,1646 1699,1644 1734,1644 1769,1643 1804,1643 1839,1642 1873,1641 1908,1640 1943,1640 1978,1640 2013,1638"/>
                <TextEquiv>
                    <Unicode>et hoc pro statu isto. tamen hoc est credendum et aliqua¬</Unicode>
                </TextEquiv>
            </TextLine>
            <TextLine id="r4l39" custom="readingOrder {index:32;}">
                <Coords points="1314,1698 2015,1698 2014,1644 1313,1657"/>
                <Baseline points="1319,1689 1353,1691 1388,1691 1422,1691 1457,1691 1491,1691 1526,1691 1560,1691 1595,1691 1629,1689 1664,1689 1699,1688 1733,1688 1768,1688 1802,1686 1837,1686 1871,1686 1906,1685 1940,1685 1975,1685 2010,1685"/>
                <TextEquiv>
                    <Unicode>lis ratio dicta est prius. et tenendum quod etiam ratione qua</Unicode>
                </TextEquiv>
            </TextLine>
            <TextLine id="r4l40" custom="readingOrder {index:33;}">
                <Coords points="1306,1747 1992,1747 2017,1735 2017,1698 1305,1697"/>
                <Baseline points="1310,1733 1345,1734 1380,1736 1415,1736 1450,1736 1485,1736 1520,1736 1555,1736 1590,1736 1625,1735 1661,1734 1696,1734 1731,1733 1766,1733 1801,1732 1836,1731 1871,1731 1906,1731 1941,1730 1976,1730 2012,1730"/>
                <TextEquiv>
                    <Unicode>hoc donum non poterit vere sua productio dici ge</Unicode>
                </TextEquiv>
            </TextLine>
            <TextLine id="r4l41" custom="readingOrder {index:34;}">
                <Coords points="1320,1793 2012,1775 2011,1735 1319,1741"/>
                <Baseline points="1325,1778 1359,1778 1393,1779 1427,1779 1461,1779 1495,1779 1529,1779 1563,1779 1597,1778 1631,1778 1666,1778 1700,1776 1734,1776 1768,1776 1802,1775 1836,1775 1870,1773 1904,1772 1938,1772 1972,1770 2007,1770"/>
                <TextEquiv>
                    <Unicode>neratio. et assurgendo a creaturis: non debemus</Unicode>
                </TextEquiv>
            </TextLine>
            <TextLine id="r4l42" custom="readingOrder {index:35;}">
                <Coords points="1308,1833 1989,1831 2027,1821 2026,1783 1307,1798"/>
                <Baseline points="1313,1821 1348,1821 1383,1821 1419,1821 1454,1821 1490,1821 1525,1821 1560,1821 1596,1821 1631,1821 1667,1820 1702,1820 1737,1820 1773,1820 1808,1818 1844,1818 1879,1817 1914,1817 1950,1816 1985,1815 2021,1814"/>
                <TextEquiv>
                    <Unicode>creaturam omnino excludere: quin aliquo modo pro¬</Unicode>
                </TextEquiv>
            </TextLine>
            <TextLine id="r4l43" custom="readingOrder {index:36;}">
                <Coords points="1308,1881 2021,1868 2020,1822 2000,1821 1307,1834"/>
                <Baseline points="1313,1865 1348,1865 1383,1865 1418,1863 1453,1863 1488,1863 1523,1863 1559,1863 1594,1862 1629,1862 1664,1862 1699,1862 1734,1862 1769,1862 1805,1860 1840,1860 1875,1860 1910,1859 1945,1859 1980,1857 2016,1857"/>
                <TextEquiv>
                    <Unicode>portionabiliter dicamus in deo sicut videmus in</Unicode>
                </TextEquiv>
            </TextLine>
            <TextLine id="line_1597682044510_3392" custom="readingOrder {index:37;}">
                <Coords points="1317,1920 2012,1918 2033,1914 2032,1865 1316,1876"/>
                <Baseline points="1322,1907 1363,1907 1405,1907 1446,1907 1488,1907 1529,1907 1571,1907 1612,1907 1654,1906 1695,1905 1737,1905 1779,1905 1820,1904 1862,1904 1903,1902 1945,1902 1986,1901 2028,1900 2028,1899"/>
                <TextEquiv>
                    <Unicode>creaturis. ⁋ Ad tertium dico: quod accipiendo genera</Unicode>
                </TextEquiv>
            </TextLine>
            <TextLine id="r4l45" custom="readingOrder {index:38;}">
                <Coords points="1317,1956 1993,1959 2011,1913 1317,1920"/>
                <Baseline points="1322,1949 1356,1949 1390,1950 1424,1950 1458,1950 1493,1950 1527,1950 1561,1949 1595,1949 1629,1949 1664,1947 1698,1947 1732,1946 1766,1946 1800,1945 1835,1944 1869,1944 1903,1944 1937,1943 1971,1943 2006,1943"/>
                <TextEquiv>
                    <Unicode>tionem primo modo et large habitus et actus ip¬</Unicode>
                </TextEquiv>
            </TextLine>
            <TextLine id="r4l46" custom="readingOrder {index:39;}">
                <Coords points="1314,2011 1381,1994 1944,2005 2015,1998 2015,1948 1314,1956"/>
                <Baseline points="1319,1991 1353,1992 1388,1992 1422,1992 1457,1992 1491,1992 1526,1991 1560,1991 1595,1991 1629,1991 1664,1991 1699,1991 1733,1989 1768,1989 1802,1989 1837,1989 1871,1988 1906,1988 1940,1988 1975,1986 2010,1986"/>
                <TextEquiv>
                    <Unicode>sius voluntatis vere generantur sicut habitus</Unicode>
                </TextEquiv>
            </TextLine>
            <TextLine id="r4l47" custom="readingOrder {index:40;}">
                <Coords points="1311,2043 1983,2047 2024,2041 2024,1995 1311,2011"/>
                <Baseline points="1316,2036 1351,2036 1386,2036 1421,2036 1456,2036 1491,2036 1526,2035 1562,2034 1597,2034 1632,2033 1667,2033 1702,2032 1737,2031 1772,2031 1808,2031 1843,2030 1878,2030 1913,2031 1948,2031 1983,2031 2019,2033"/>
                <TextEquiv>
                    <Unicode>et actus ipsius intellectus. sed secundo modo nec isti</Unicode>
                </TextEquiv>
            </TextLine>
            <TextLine id="r4l48" custom="readingOrder {index:41;}">
                <Coords points="1312,2091 2012,2081 2011,2037 1312,2055"/>
                <Baseline points="1317,2082 1351,2081 1386,2081 1420,2081 1455,2079 1489,2079 1524,2079 1558,2078 1593,2078 1627,2078 1662,2077 1696,2076 1731,2076 1765,2076 1800,2076 1834,2076 1869,2075 1903,2075 1938,2076 1972,2076 2007,2076"/>
                <TextEquiv>
                    <Unicode>nec illi generantur. quia non nascuntur. Unde si¬</Unicode>
                </TextEquiv>
            </TextLine>
            <TextLine id="r4l49" custom="readingOrder {index:42;}">
                <Coords points="1311,2133 1935,2134 2012,2124 2012,2087 1311,2091"/>
                <Baseline points="1316,2123 1350,2123 1385,2123 1419,2123 1454,2123 1488,2123 1523,2123 1557,2123 1592,2123 1626,2123 1661,2121 1696,2121 1730,2121 1765,2121 1799,2121 1834,2120 1868,2120 1903,2120 1937,2120 1972,2120 2007,2120"/>
                <TextEquiv>
                    <Unicode>cut non est dicendum quod ignis ab igne nascitur. ita</Unicode>
                </TextEquiv>
            </TextLine>
            <TextLine id="r4l50" custom="readingOrder {index:43;}">
                <Coords points="1318,2174 1980,2179 2024,2172 2023,2124 1317,2143"/>
                <Baseline points="1322,2166 1356,2166 1391,2168 1426,2168 1461,2168 1496,2168 1530,2168 1565,2168 1600,2168 1635,2168 1670,2166 1704,2166 1739,2166 1774,2165 1809,2165 1844,2164 1878,2163 1913,2163 1948,2163 1983,2162 2018,2162"/>
                <TextEquiv>
                    <Unicode>nec est dicendum quod ignis generatur ab igne accipien</Unicode>
                </TextEquiv>
            </TextLine>
            <TextLine id="r4l51" custom="readingOrder {index:44;}">
                <Coords points="1314,2225 2015,2220 2015,2172 1314,2177"/>
                <Baseline points="1319,2213 1353,2214 1388,2214 1422,2214 1457,2214 1491,2214 1526,2214 1560,2213 1595,2213 1629,2212 1664,2211 1699,2211 1733,2210 1768,2209 1802,2208 1837,2208 1871,2207 1906,2207 1940,2207 1975,2207 2010,2207"/>
                <TextEquiv>
                    <Unicode>do generationem secundo modo. Dis. xiiii. Questio. prima</Unicode>
                </TextEquiv>
            </TextLine>
            <TextLine id="r4l53" custom="readingOrder {index:45;}">
                <Coords points="1591,2323 1614,2309 1631,2321 1775,2310 1794,2295 1819,2310 1991,2308 2014,2298 2014,2221 1786,2220 1740,2233 1683,2218 1591,2231"/>
                <Baseline points="1596,2285 1621,2287 1647,2288 1673,2289 1699,2290 1725,2291 1750,2292 1776,2292 1802,2292 1828,2292 1854,2292 1879,2292 1905,2291 1931,2291 1957,2288 1983,2286 2009,2285"/>
                <TextEquiv>
                    <Unicode>⁋ Irca distin¬</Unicode>
                </TextEquiv>
            </TextLine>
            <TextLine id="r4l54" custom="readingOrder {index:46;}">
                <Coords points="1623,2353 1717,2358 1852,2343 2007,2356 2014,2307 1786,2308 1765,2320 1668,2311 1622,2324"/>
                <Baseline points="1628,2345 1653,2344 1678,2343 1704,2343 1729,2342 1755,2342 1780,2342 1805,2342 1831,2342 1856,2340 1882,2340 1907,2340 1932,2340 1958,2340 1983,2340 2009,2339"/>
                <TextEquiv>
                    <Unicode>ctionem decimamquartam</Unicode>
                </TextEquiv>
            </TextLine>
            <TextLine id="r4l57" custom="readingOrder {index:47;}">
                <Coords points="1623,2391 1731,2403 1816,2389 1832,2404 1857,2387 2021,2392 2020,2349 1850,2344 1755,2362 1737,2349 1622,2352"/>
                <Baseline points="1628,2390 1653,2390 1679,2388 1705,2387 1731,2386 1757,2385 1783,2385 1809,2384 1834,2384 1860,2383 1886,2382 1912,2382 1938,2382 1964,2382 1990,2382 2016,2384"/>
                <TextEquiv>
                    <Unicode>quero primo. ⁋ Utrum spiri</Unicode>
                </TextEquiv>
            </TextLine>
            <TextLine id="r4l59" custom="readingOrder {index:48;}">
                <Coords points="1626,2441 1799,2433 1839,2444 1904,2426 1951,2443 2021,2435 2021,2392 1850,2392 1831,2406 1799,2390 1732,2403 1626,2395"/>
                <Baseline points="1631,2429 1656,2430 1682,2430 1708,2429 1733,2429 1759,2429 1785,2429 1810,2427 1836,2427 1862,2427 1887,2426 1913,2426 1939,2426 1964,2426 1990,2426 2016,2427"/>
                <TextEquiv>
                    <Unicode>tuisancto competat duplex</Unicode>
                </TextEquiv>
            </TextLine>
            <TextLine id="r4l60" custom="readingOrder {index:49;}">
                <Coords points="1614,2494 1659,2480 1764,2487 1823,2470 1922,2491 1953,2477 1967,2487 2006,2478 2005,2437 1971,2432 1954,2444 1931,2431 1860,2433 1839,2446 1735,2432 1702,2447 1677,2436 1613,2441"/>
                <Baseline points="1619,2480 1644,2476 1669,2475 1695,2474 1720,2472 1746,2471 1771,2471 1796,2469 1822,2469 1847,2469 1873,2469 1898,2469 1923,2469 1949,2471 1974,2471 2000,2471"/>
                <TextEquiv>
                    <Unicode>processio: scilicet temporalis</Unicode>
                </TextEquiv>
            </TextLine>
            <TextLine id="r4l63" custom="readingOrder {index:50;}">
                <Coords points="1620,2521 1799,2532 1866,2517 2014,2523 2020,2475 1921,2491 1821,2471 1763,2487 1662,2480 1619,2494"/>
                <Baseline points="1625,2516 1651,2516 1677,2516 1703,2516 1729,2516 1755,2514 1781,2514 1807,2514 1833,2513 1859,2513 1885,2513 1911,2513 1937,2513 1963,2513 1989,2513 2016,2514"/>
                <TextEquiv>
                    <Unicode>et eterna ⁋ Quod non. quia omnis</Unicode>
                </TextEquiv>
            </TextLine>
            <TextLine id="r4l64" custom="readingOrder {index:51;}">
                <Coords points="1321,2586 2006,2567 2014,2524 1320,2525"/>
                <Baseline points="1325,2570 1359,2568 1393,2567 1427,2565 1461,2564 1496,2564 1530,2562 1564,2561 1598,2561 1632,2560 1667,2559 1701,2559 1735,2559 1769,2558 1803,2558 1838,2558 1872,2558 1906,2558 1940,2558 1974,2558 2009,2558"/>
                <TextEquiv>
                    <Unicode>procesis spirits nicus spiritus sanctus productio. sed spirituisancto</Unicode>
                </TextEquiv>
            </TextLine>
            <TextLine id="r4l65" custom="readingOrder {index:52;}">
                <Coords points="1312,2620 2011,2622 2010,2567 1981,2562 1312,2590"/>
                <Baseline points="1317,2613 1351,2612 1385,2610 1420,2610 1454,2609 1489,2609 1523,2607 1558,2607 1592,2606 1627,2606 1661,2604 1695,2604 1730,2603 1764,2603 1799,2603 1833,2601 1868,2601 1902,2601 1937,2601 1971,2600 2006,2600"/>
                <TextEquiv>
                    <Unicode>non competit duplex productio. quia tunc bis pro</Unicode>
                </TextEquiv>
            </TextLine>
            <TextLine id="r4l66" custom="readingOrder {index:53;}">
                <Coords points="1315,2667 2036,2664 2035,2623 1909,2609 1314,2620"/>
                <Baseline points="1320,2661 1355,2660 1391,2659 1426,2658 1462,2657 1497,2655 1533,2655 1568,2654 1604,2652 1639,2651 1675,2651 1710,2650 1746,2649 1781,2648 1817,2648 1852,2648 1888,2648 1923,2648 1959,2649 1994,2649 2030,2651"/>
                <TextEquiv>
                    <Unicode>duceretur: quod manifeste est falsum. ergo etc.</Unicode>
                </TextEquiv>
            </TextLine>
            <TextEquiv>
                <Unicode>persone producte realiter distinguuntur. ergo et ipse pro
ductiones. ⁋ Ad primum principale dico quod genera
tio et spiratio actiue sumpta non distinguuntur re¬
aliter. sed accipiendo generationem et spirationem
passiue. sic realiter distinguuntur. Et ad proba¬
tionem dico: quod non tantum relationis opposito inter corre
latiua sufficit ad distinctionem realem in diuinis
sed etiam incompossibilitas in eadem persona sufficit
ad distinctionem realem. et ideo quia generatio actio et
spiratio actiue sumpta sunt in eadem persona non
distinguuntur realiter. sed generatio et spiratio passi
ue sumpta non compatiuntur se in eadem persona. quia in¬
possibile est quod eadem persona sit generans vel gene¬
rata et spirata. ideo generatio et spiratio passiue
sumpta non compatiutur se in eadem persona. et quia im
possibile est quod eadem persona sit generans vel gene¬
rata et spirata. ideo generatio et spiratio passiue
sumpta realiter distinguuntur. ⁋ Ad secundum prin
cipale dico quod quamuis spiritussanctus vere produca
tur de substantia patris. quia tamen vere exit a patre
vt donum vel datus. et ideo vt sic non dicitur vere ge¬
nerari: sed produci vel spirari. quia non est de ratione
boni esse simile obiecto amato vel dilecto. et
hoc est quod dicit beatus augustinus. quod exit a patre
non quomodo natus sed quomodo datus. Et si dicatur quod quam
uis donum ex hoc quod donum non est simile. tamen hoc do¬
num quond spiritus sanctus vere est simile obiecto dilecto. ideo quam¬
uis non ratione qua donum possit dici generari. tamen
ratione qua hoc donum vere poterit dici genera¬
ri. ⁋ Respondeo quod non est assignare rationem suffi¬
cientem quare producti spiritus sanctus non dicatur generatio.
et hoc pro statu isto. tamen hoc est credendum et aliqua¬
lis ratio dicta est prius. et tenendum quod etiam ratione qua
hoc donum non poterit vere sua productio dici ge
neratio. et assurgendo a creaturis: non debemus
creaturam omnino excludere: quin aliquo modo pro¬
portionabiliter dicamus in deo sicut videmus in
creaturis. ⁋ Ad tertium dico: quod accipiendo genera
tionem primo modo et large habitus et actus ip¬
sius voluntatis vere generantur sicut habitus
et actus ipsius intellectus. sed secundo modo nec isti
nec illi generantur. quia non nascuntur. Unde si¬
cut non est dicendum quod ignis ab igne nascitur. ita
nec est dicendum quod ignis generatur ab igne accipien
do generationem secundo modo. Dis. xiiii. Questio. prima
⁋ Irca distin¬
ctionem decimamquartam
quero primo. ⁋ Utrum spiri
tuisancto competat duplex
processio: scilicet temporalis
et eterna ⁋ Quod non. quia omnis
procesis spirits nicus spiritus sanctus productio. sed spirituisancto
non competit duplex productio. quia tunc bis pro
duceretur: quod manifeste est falsum. ergo etc.</Unicode>
            </TextEquiv>
        </TextRegion>
    </Page>
</PcGts>
