2282 3068
467 211 1160 291 adducte magis probant. quia actualis dilectio etiam
450 280 1169 338 ex puris naturalibus possibilis esset forma qua anima
456 324 1172 380 necessario esset grata deo. et ita ex puris natura
459 359 1166 423 libus posset aliquas esse gratus deo. Probatur. quia si
452 408 1167 469 amor et dilectio habitualis meretur redamationem
450 448 1155 512 eque vel magis dilectio actualis meretur redama
450 496 1169 556 tionem. similiter sicut diligit se diligentes amore habi
458 539 1164 599 tuali: ita actuali. Et eodem modo est de alia auc. sal
459 580 1170 643 uatoris. Dico quod meretur redamationem aliqualem quam¬
459 628 1166 692 uis non talem de qua conclusio: nisi ex mera ordi¬
458 670 1178 733 natione diuina. et ita posset ordinari quod meretur
465 715 1166 776 talem etiam ex actu possibili ex meris naturalibus
510 763 1180 819 Ad aliud dico quod deus de necessitate nature
459 805 1166 868 diligit iusticiam. charitatem. et cetera dilectione
471 847 1175 914 vel complacentia primo dcam et non tantum sic diligit virtu
468 894 1184 952 tes sed omnes creaturas. et maxime creaturam rationa¬
465 938 1170 996 lem. alia dilectione non necessario diligit quamcumque
465 981 1180 1051 virtutem non plus quam angelum. nec est ymaginandum quod deus
459 1029 1182 1080 aliter diligit charitatem quam iusticiam vel fidem. nisi for
462 1075 1180 1126 te quia charitas est nobilior fide. et isto modo aliter dili
473 1116 1175 1184 git quam vnam notitiam de creatura. et ideo sicut ex dile¬
469 1153 1181 1227 ctione qua diligit fidem non sequitur acceptatio haben
467 1197 1186 1257 tis fidem: quamuis aliqualis acceptatio sequatur. ita for
466 1254 1186 1304 maliter et ex necessitate rei quod eius oppositum inclu¬
474 1287 1190 1354 dat contradictionem ex dilectione qua deus diligit chari¬
478 1334 1192 1396 tate non sequitur acceptatio illa specialis ipsius haben
475 1386 1189 1435 tis charitatem. ⁋ Ad aliud per idem. quod deo est acce¬
477 1429 1192 1489 ptum acceptatione generali quicquid est delectabile:
468 1465 1187 1521 et acceptabile et placitum non tamen oportet quod sit ac ceptum
483 1512 1195 1566 acceptatione spaciali de qua est quaestio quia tunc necessario
480 1553 1190 1612 natura angelica esset accepta. quia est pulchra et de¬
492 1595 1190 1665 ectabilis. ⁋ Ad argumenta pro alia propositione. si in
493 1638 1196 1711 celligant: quod nullo modo possit forma supernaturaliter
496 1684 1196 1759 pfluere ex acceptatione. ita quod nullo modo posset
492 1732 1196 1792 pus tempore deus acceptare creaturam rationalem quam dare
489 1769 1205 1840 sibi talem formam. sic dico quod non concludunt. ⁋ Ad
486 1817 1195 1885 primum quod tunc non foret talis acceptatio per partici
492 1857 1207 1926 pationemillius forme: sic declaratum est prius. ⁋ Ad
489 1905 1207 1963 aliam rationem patet quod maior est fla quando aliquid tale quod trans
486 1943 1192 2006 sit demouo potest immediate terminare illum actum
498 1994 1199 2049 sicut in proposito. ⁋ Ad aliam rationem dico quod accipit
487 2037 1197 2099 endo complacentiam pro actu diuino quae est realiter diui¬
491 2075 1189 2144 na essentia. sic dico quod omns creature profluunt ex
486 2124 1208 2185 illa generali complacentia. sed ex hoc non sequitur quod immuta¬
486 2166 1205 2227 biliter et necessario profluant. quia ex causa immutabili
494 2210 1201 2279 potest effectus contingens vel contingenter prouenire. si
491 2255 1196 2329 autem per illam complacentiam non tantum importetur aliquid intrin
495 2300 1198 2366 secum deo. sed etiam aliquid extrinsecum. Puta creatu
492 2344 1205 2402 ra. tunc vel potest connotare creatum inesse reali vel pose
504 2385 1211 2458 sibili. si primo modo. sic non necessario complacet.
510 2430 1204 2488 lisecundo modo sic complancet. sed ex illa complacentia non
510 2472 1219 2534 sequitur aliquem esse charum. sed de ista complacentia non est
525 2516 1211 2589 stio. ⁋ Ad argumentum principale dico: quod acci
509 2569 1216 2631 piendo charitate pro aliqua charitate absoluta for
507 2610 1222 2678 maliter inherente. et charum pro omni illo cui praeparatur vi¬
1266 204 1971 269 ta eterna. sic de potentia dei absoluta potest aliquis
1264 262 1975 308 esse charus deo sine charitate. Unde charitas du
1271 293 1984 366 plicitur accipitur. Uno modo praecise pro quodam habitu
1269 340 1982 401 absoluto infuso. et sic non est nomen connotatiuum.
1281 383 1991 448 Aliter accipitur charitas vt est abstractum respectu
1272 428 1985 493 istius concreti charum. connotando aliquem cui ille est
1276 471 1982 536 charus. Sine charitate primo modo potest aliquis de
1284 517 1990 576 potentia dei absoluta esse charus: non sine chari
1285 560 2002 637 cate secundo modo dicta. Questio secunda.
1478 612 1976 712 gcundo quero
1494 696 1981 762 Utrum aliquis actus voluntatis pos
1482 741 1988 798 sit esse meritorius sine charitate for
1491 780 1981 846 maliter animam informante. ⁋ Quod non
1264 833 1991 882 quia plures circumstantie requiruntur ad dilectionem dei
1279 870 1991 934 meritoriam quam ad bonitatem et perfectionem moralem
1287 914 1996 974 sed circumstantias quas actus moralis exigit nullus per
1278 958 1990 1022 fecte et integre potest coaceruare ex habitu virtuter
1286 1004 1999 1063 acquisite. quia secundum philosophum i ethi. medium circumstantia¬
1285 1046 1997 1104 rum attigere est summe difficile. immo forsam impossibi¬
1289 1091 2009 1148 le. ergo multo fortius ex puris naturalibus non pote¬
1296 1145 2000 1193 rit homo attingere ad circumstantiarum integritatem
1293 1182 2005 1237 quam exigit actus diuine dilectionis. potissime cum
1290 1225 1993 1284 inter circumstantias cadat hoc: quod omnia diuina volita
1283 1271 2013 1326 adimpleantur ⁋ Preterea impossibile est actum attigere
1298 1311 1999 1372 ex puris naturalibus ex quo impletur vniversaliter vniuersa
1296 1357 2008 1412 lex diuina et omne dei mandatu. quia impossibile est
1290 1395 1999 1460 mentem actu omnia illa comprehendere et voluntatem in omnia
1291 1447 1993 1502 simul dirigere. sed actu charitatis omnia diuina mar
1299 1487 2019 1547 data implentur. ergo etc. ⁋ Ad oppositum quae potest sine cha
1290 1532 2008 1598 ritate esse acceptus deo potest sine charitate facere
1306 1583 2011 1638 ppus meritorium. sed probatum est prius quod aliquis potest si¬
1296 1619 2004 1679 ne charitate esse acceptus deo. ergo etc. ⁋ Ad. q. di¬
1310 1672 2008 1722 citur quod non possit esse actus meritorius sine charitate
1305 1708 2015 1765 formaliter informante. ⁋ hoc probatur sic. actus chari
1306 1761 2002 1812 tatis excedit totam facultatem nature humane. se
1302 1793 2021 1855 non potest esse praecise ab aliquo principio quod est infra fa
1304 1840 2014 1899 cultatem nature humane. sed non potest esse praecise ab ali
1298 1884 2012 1947 quo principio exteriori puta si spirits ct om oportet quod sit ab
1302 1928 2009 1988 aliquo habitum superaddito ipsi voluntati. minor patet
1301 1967 2012 2043 quod sicut motus naturalis est ab aliquo principio intrinse¬
1311 2017 2018 2076 co. ita motus voluntarius est ab aliquo intrinseco. ergo si
1299 2065 2007 2119 actus charitatis esset totaliter ab exteriori mouente
1311 2103 2021 2167 non esset voluntarius. ⁋ Similiter sequeretur quod non esset meri¬
1309 2159 2024 2207 torius. quia illa meritoria sunt quae aliquo modo in nobis
1302 2189 2015 2252 sunt. sed si esset totaliter ex exteriori mouente non esset in
1302 2236 2033 2298 nob agere vel non agere. ⁋ Tertium inconueniens se
1305 2279 2027 2350 quitur: quod homo quae esset in charitate non esset promptus ad a¬
1303 2328 2021 2387 ctum charitatis neque ipsum deleci abiliter ageret. quia
1308 2368 2021 2425 ex hoc actus virtitutum sunt in nob delectabiles. quia secundum
1305 2409 2014 2477 habitus conformamur ad illos et inclinamur in illos
1311 2454 2015 2530 per modum inclinationis naturalis. sed actus charitatis
1320 2505 2015 2558 et maxime delectabilis. et per eum omnia alia quae agimus et pa
1319 2545 2020 2604 timur delectabilia redduntur ergo est aliquias talis habitus cire
1318 2588 2040 2659 atus in nob Ista opinios sicut patet ipsam inspicienti ponit quod
