2242 3089
275 216 989 280 non distinguitur secundum speciem. quia illa est penes oppo¬
267 260 983 325 sita. sed vtriusque charitas est idem obiectum. nec distin¬
265 306 983 366 guuntur secundum numerum. quia distinctio numeralis in
267 351 964 413 formis non est nisi secundum distinctionem subiectorum. se
262 393 967 457 idem numero est subiectum vtriusque. Ex ista ratione patet
261 441 959 498 manifeste quod secundum istum nullo modo est additio formi
248 480 977 538 ad formam in augmentatione charitatis. ⁋ Con¬
246 528 968 588 tra istam opinionem. Uidetur sibiipsi contradicere. quia
261 575 974 635 per idem argumentum per quod probat charitatem non au
262 621 965 672 gmentari per additionem. probo nullam aliam forma¬
248 666 973 720 augmentari per additione. quia si scientia addatur sci¬
253 703 974 763 entie sicut ipse dicit. igitur scientia addita disti¬
248 749 978 809 guitur ab illa cui additur aut distinguitur ab ea secundum
253 803 966 853 speciem. et tunc non est augmentatio. nec ipse hoc ponit
252 837 958 892 quod distinguitur specie. Aut numeraliter. sed hoc est im
244 883 963 936 possibile quia distinctio numeralis forme secundum eum
237 924 962 984 non est nisi per distinctionem subiecti sed subiectum hoc
236 966 953 1030 est vnum et idem. igitur etc. ⁋ hoc confirmatur. quia secundum eum
251 1005 951 1067 prius vbi loquitur de habitibus dicit quod distinctio
236 1058 953 1110 in formis est duplex. quedam enim est secundum specien
234 1098 959 1159 alia secundum numerum. Distinctio quidem secundum speciem. in
240 1137 961 1198 habitibus est secundum distinctinonem obiectorum. Distinctio
234 1188 952 1248 vero secundum numerum est secundum distinctionem subiecti.
235 1226 960 1293 ⁋ Ex isto arguo sic. si scientia addita distiguitur.
244 1277 961 1325 a scientia cui additur. aut ergo distinguitur secundum diuer
228 1316 961 1375 sitatem subiectorum. et per consequens specie. et per consequens esset au¬
230 1356 957 1424 gmentatio. Aut distinguitur secundum distinctionem sub
232 1411 965 1473 iecti. et tunc vna mens rationalis adderetur alteri.
232 1453 949 1514 quod est impossibile. ⁋ Preterea non est maior ratio quod
235 1496 955 1555 vna forma augmentetur per additionem quam alia. ergo vel
238 1536 950 1596 quelibet augmentabitur per additione vel nulla
237 1579 940 1644 sed non nulla. ergo quaelibet Ad istud dicitur quod non est se
232 1623 951 1684 mile de omni forma. propter quod dicitur: quod illud secundum
229 1678 942 1724 quod sortitur aliquid specie oportet esse fixum et stans et quasi
234 1714 947 1768 indiuisibile. quecumque enim ad illud attingunt sub
225 1759 950 1817 specie continentur. quecumque autem recedunt ab illo vel
230 1795 953 1863 in plues vel minus pertinent ad aliam speciem vel perfecti
225 1842 934 1908 orem vel imperfectiorem. Unde dicit philosophus. viii. metha. quod
238 1884 937 1942 species rerum sunt sicut numeri. in quibus additio
233 1935 940 1994 vel diminutio variat speciem. si ergo aliqua forma
237 1976 934 2031 vel quaecumque res secundum seipsam vel aliquid sui sortiatur
231 2017 943 2082 ratione speciei: necesse est quod secundum se considerata habet ratio¬
225 2071 937 2125 nem determinatam quae neque in plus excedere neque in
238 2106 926 2166 minus deficere possit. et huiusmodi sunt qualitates qust
231 2155 938 2214 non dicuntur in ordine ad aliud. Alia sunt quae reci
237 2193 932 2249 piunt speciem ex aliquo ad quod ordinantur. et illa
220 2233 926 2301 possunt secundum seipsa diuersificari in plus vel in mi
225 2287 929 2340 nus. et nihilominus sunt eadem specie propter vni¬
221 2334 928 2382 tatem eius ad quod ordinantur. sicut est de motu et
223 2370 925 2427 sanitate Contra quando dicitur quod aliquid sortitur specien
231 2408 931 2470 secundum se vel aliquid et aliquid sui in ordine ad aliud
216 2455 929 2514 aut intelligit quod sortitur speciem ab illo intrinse¬
225 2507 938 2561 ce. vel extrinsece. si primo modo. sic quelibet res
216 2542 929 2603 sortitur speciem secundum seipsam vel aliquid sui intrin
211 2597 928 2652 scum. et no secundum aliquid extrinsece. si secundo modo
1074 217 1799 292 sic nulla res sortiretur specieciem secundum aliquid sui. quia non
1067 272 1804 337 est aliqua res creata: quin ab aliquo dependeat et
1081 324 1792 382 ad aliquid ordinatur. ⁋ Preterea. tanta est distinctio
1082 360 1790 425 inter scientiam et obiectum quanta est inter aliquam qua
1080 406 1800 466 litatem et suam causam. ergo non plus sortitur scientia spe
1071 447 1787 515 ciem ab obiecto: quam qualitas a sua causa extrinse¬
1065 503 1789 559 ca. ⁋ Confirmat. quia scientia minus dependet ab ob
1064 531 1800 601 iecto quam albedo a sua causa. ergo minus sortitur
1073 584 1797 639 ab obiecto suo speciem. Atecedens patet. quia obiectum scientie
1074 625 1793 685 frequenter est ens rationis. vel non est ens reale. si¬
1060 666 1799 731 cut saltem scientia de rosa non existente. ergo illud ob¬
1059 712 1789 783 iectum non est causa ipsius. et per consequens scientia non depen¬
1070 753 1790 817 det ab eo totaliter. ⁋ Confirmatur. quia notitia sim¬
1074 803 1781 867 plex non sic specificatur a suo obiecto. tum quia potest
1065 855 1779 909 esse sine eo. tum quia de eodem subiecto possunt esse
1077 893 1793 956 distincte notitie secundum speciem. sicut probatum est prius
1076 933 1781 994 ⁋ Preterea. quando aliqua sic se habet quod vtrumque est
1064 977 1787 1041 secundum se in specie sua. scilicet non plus vnum fortitur spe
1065 1029 1781 1083 ciem ab aliquo totaliter extrinseco quam aliud. sed scientia
1053 1074 1775 1125 est per se in specie sicut albedo. et obiectum est sibi
1062 1113 1786 1166 totaliter extrinsecum. sicut subiectum albi est ex¬
1058 1154 1771 1219 trinsecum albedini. ergo non plus scientia sortitur spe
1059 1199 1781 1260 ciem suam ab obiecto quam albedo a suo subiecto vel
1063 1244 1775 1305 ab aliqua causa extrinseca. ⁋ Si dicatur. quod scien¬
1062 1285 1766 1344 tia non est per se in specie sicut nec motus est ma
1060 1331 1778 1388 nifeste falsum. quia quandocumque aliqua vna res non est
1065 1377 1769 1427 per se in specie. oportet quod sit in specie per reductio:
1053 1423 1772 1477 nem. sed quicquid est in specie per reductionem est
1047 1463 1778 1526 intrinsecum alicui existenti per se in specie. sine
1059 1506 1772 1570 quo illud per se existens in specie esse non potest. ergo
1048 1557 1780 1604 cum scientia sit vna res. et si non sit per se in genere vel
1048 1593 1769 1655 in specie: sed per reductionem oportet quod sit intrin
1054 1636 1770 1698 seca alicui quod non possit esse sine scientia. quod patet in¬
1043 1681 1775 1740 ductiue esse falsum. Et eodem modo potest argui de
1052 1726 1763 1786 motu si sit vna res totaliter alia a termino motus
1044 1769 1760 1830 et econuerso. ⁋ Confirmatur ista ratio. quia quando sunt
1050 1818 1762 1873 aliqua res realiter distincte. quarum vtraque potest in
1047 1853 1750 1912 differenter esse sine alia. non est maior ratio quare
1048 1904 1756 1961 vna sit per se in genere quam alia. nisi alia propter ali
1045 1943 1762 1993 quid aliud per reductionem sit in genere. sed sic se ha¬
1044 1986 1754 2049 hbent scientia et obiectum. ergo etc. ⁋ Ex istis patet. quod inconue
1041 2030 1756 2084 nienter est dictum quod aliquid sortitur speciem secundum se vel
1047 2078 1756 2130 aliquid sui: et aliquid sortitur speciem ab alio. Et eodem
1041 2119 1748 2177 modo patet. quod est male dictu quod propter praedictam dissi
1036 2169 1758 2219 militudinem aliquid augmentatur per additionem et
1033 2206 1747 2269 aliquid non. ⁋ Preterea. quod ibi accipit quod scientia au¬
1031 2246 1739 2313 gmentatur propter additionem et non charitas. quis
1036 2299 1746 2358 scilicet scientia augmentatur per hoc quod est plurium conclu¬
1029 2341 1750 2397 sionum. et hoc improbatum est prius. vbi probatum est
1035 2386 1759 2434 quod scita vna conclusione et postea discatur alia scientia
1033 2433 1750 2483 addita est alterius speciei a prima. nec possunt facere
1032 2474 1755 2531 vnam scientiam numero. ⁋ hoc confirmatur per istum. quia
1029 2518 1752 2572 dicit quod scientia specificatur ab obiecto. sed istarum
1034 2558 1735 2617 scientiarum sunt distincta obiecta secundum speciem secundum
1035 2611 1758 2669 eum. igitur ille scientie distinguntur specie. Si dicatur
