2288 3086
213 346 917 437 sua absoluta conseruare notitiam intuitiuam in in
213 401 914 473 tellectu michaelis respectu charitatis mee prte
219 457 914 520 cedentis. sine notitia intuitiua charitatis vl
217 498 923 565 realitatis sequentis quacumque mutatione facta
217 536 919 615 circa me qui sum distinctus loco et subiecto a
227 583 894 647 michaele. ergo quamuis charitati mee addatur not
223 641 367 695 realitas per
220 668 898 735 tiuam preuiam respectu charitatis prime sine no
218 715 935 779 tia intuitiua illius additi ⁋ Confirmatur. quia
223 755 937 823 ex hoc quod aliquod absolutum producit in me non
221 797 943 871 necessitatur ad producendum vel corrumpendum
220 841 936 908 aliquod absolutum in angelo. ergo potest deus augmen¬
232 888 937 955 tare in me charitatem: nulla facta mutatione
229 930 921 1003 in angelo. et per consequens. retinebit eandem notitie
227 974 900 1047 intuitiuam quam prius. et ita nihil intelliget int
240 1019 902 1085 tiue nisi quod prius intellexit. ⁋ Si dicatur
233 1057 944 1133 eadem notitia intuitiua intelligetur illud ad
238 1103 950 1177 ditum. ex quo facit per se vnum cum illo quod illa
237 1159 949 1229 notitia intuitiua intelligitur. hoc non valet.
238 1191 949 1271 quia stante eadem notitia intuitiua non vari
248 1243 801 1305 ata impossibile est aliquid primo inte
235 1286 801 1350 tellectione. et postea non intelligi. no
247 1325 942 1394 so. sed illud additum prius non intelligebatur il¬
241 1367 939 1437 la notitia intuitiua. ergo nec modo intelligitur il
244 1412 936 1486 la. ergo si modo intelligitur intuitiue oportet quod sit ali
245 1461 846 1527 notitia intuitiua de nouo causata. ⁋
254 1502 939 1569 mum argumentum alterius opinio dico quod quantum ad
250 1546 906 1615 aliquid est simile de augmenntatione curui
254 1590 946 1660 tis. raritatis. densitatis. et talium que ponuntur
257 1635 941 1704 esse de quarta specie qualitatis. et quantum a¬
256 1678 944 1747 aliquid est dissimile. Quantum ad hoc est simi
259 1724 965 1791 le: quia in augmentatione talium non additur pre
264 1764 971 1833 existens alicui de nouo. nec etiam aliquid po
264 1810 964 1876 nitur iuxta aliud. nec aliquid praexistens segre¬
267 1855 971 1927 gatur ab alio. sicut quidam antiqui ponebant
274 1895 972 1961 condensationem propter compressione pororum
262 1936 972 2006 in corpore condensato. sed dissimile est de istis
261 1982 972 2065 quantum ad aliqua alia. Unde si tenetur illa
274 2027 969 2093 opinione que tenet quantitatem non esset aliam rem ab
270 2069 979 2140 solutam a substantia et qualitate sicut homi¬
273 2116 982 2193 nes communiter ymaginantur dicetur quod in au
273 2157 970 2235 gmentatione talium nulla res absoluta noua ad
276 2206 987 2275 uenit. nec in diminutione aliqua res absolu¬
273 2247 985 2312 ta deperditur. sed talis augmentatio fit precise
282 2287 981 2365 per motum localem sicut patet de curuitate lines
286 2337 981 2408 quia per hoc solum quod partes extreme linee ma¬
292 2380 983 2460 gis sibi approximantur fit ipsa curuior. Unde
286 2420 982 2489 sic ponendo opiniones quod quantitas sit aliqua res ab
282 2469 997 2537 soluta. oportet ponere quod si aliqua esset quantitas
286 2512 992 2580 separata ab omni substantia et ab omni accidente
283 2553 989 2627 absoluto. adhuc possent partes extreme illius
295 2600 1001 2667 quantitatis magis approximari. et per consequens fie¬
299 2642 1001 2707 ret curuior. et tamen nihil absolutum sibi adueniret.
304 2683 1005 2759 ita dicerent alii: quod quando aliqua res fit curuior quam
291 2735 1003 2808 prius nulla res absoluta aduenit sibi de nouo
1024 327 1723 398 sed tantum partes sue localiter sibi magis approxi¬
1019 376 1727 445 mantur. Consimiliter dicerent quod ignis vel aer ra¬
1019 421 1730 480 refit per hoc solum: quod eedem res coexistunt circum¬
1018 461 1725 531 scriptiue maiori loco nunc quam prius. Unde sicut
1021 508 1727 568 substantia eadem secundum omnes non variata coexi¬
1024 549 1738 624 stit sub maiori quantitate nunc quam prius. ita di¬
1026 585 1726 666 cerent illi quod eadem res in nullo variata nisi lo
1025 643 1736 706 caliter coexistit maiori loco nunc quam prius. et hoc
1025 681 1743 744 est rarefieri Et sicut dicerent de rarefactione
1031 723 1737 790 ita dicerent de omnibus talibus proportiona
1028 769 1738 832 biliter quod nulla res noua absoluta distincta re
1030 807 1747 880 aliter a realitate precedente acquiritur nisi for
1031 855 1743 920 te locus. Sed in augmentatione aliarum qua¬
1030 900 1735 967 litatum. cum non sit sic nec possit esse motus lo
1022 940 1731 1018 calis oportet quod aliqua res absoluta de noue
1039 994 1743 1058 addita adueniat. ⁋ Qui autem dicunt quantita
1043 1041 1737 1098 tem esse aliam rem absolutam distinctam realiter a
1044 1072 1744 1147 substantia et qualitate habent ponereUt dide
1041 1115 1744 1193 tur in rarefactione totam quantitatem preceden
1044 1170 1749 1231 tem corrumpi. quia si quantitas precedens ma
1050 1209 1747 1271 neret. aut maneret precise in eodem subiecto
1045 1252 1759 1313 in quo prius et secundum quanlibet sui partem aut non.
1048 1300 1748 1372 si sic et certum est quod illa realitas in aduentum re
1052 1342 1758 1403 cipitur in subiecto. ergo in eodem subiecto erunt
1056 1377 1750 1451 due quantitates. quod est impossibile. Si non
1051 1425 1760 1491 manet precise in eodem subiecto. ergo secundum aliquid
1051 1468 1770 1536 sui recipitur in alio subiecto. et ita accidens mi
1057 1514 1757 1585 graret de subiecto in subiectum. vel secundum aliquid
1084 1564 1770 1627 li manebit sine subiecto: quod est impossibi¬
1057 1601 1776 1677 le ⁋ Si dicatur quod realitas precedens et reali¬
1064 1643 1779 1713 tas addita non sunt due quantitates. sed vna
1060 1693 1770 1762 quantitas. Contra. realitas precedens vere
1073 1739 1778 1807 fuit quantitas. quia res a qua scilicet res augmenta¬
1070 1781 1767 1853 ta vere ipsa fuit quanta. sed impossibile est quod
1060 1831 1775 1888 quantitas fiat nonquantitas nisi per corruptio
1072 1869 1782 1932 nem vel destructionem. ergo adhuc est quantitas. et
1070 1911 1782 1984 eadem ratione quantitas addita erit quantitas
1066 1951 1781 2024 et ita erunt ibi due quantitates in eodem ⁋ Pre
1078 2004 1772 2071 terea. quandocunque alique due realitates eiusdem
1069 2042 1779 2116 rationis possunt esse in eodem subiecto primo.
1076 2085 1786 2151 numquam per additionem vnius realitatis ad aliam
1085 2133 1780 2192 fit eadem res maior extensiue. sed tantum intensi¬
1075 2174 1789 2238 ue. quia dicitur magis tale et non maius tale
1087 2215 1790 2288 sicut patet quod quia vna realitas charitatis potest
1082 2264 1785 2325 esse in eodem subiecto primo cum alia realita
1081 2313 1797 2371 te charitatis. ideo per additionem vnius rea
1090 2351 1803 2417 litatis ad aliam. illud causatum non fit maius cau¬
1084 2390 1794 2469 satum extensiue et dimensionaliter. sed tantum di¬
1090 2438 1794 2501 citur magis quantum intensiue. ergo si due realita¬
1083 2481 1800 2552 tes quantitatis compatiuntur se in eodem sub
1090 2528 1803 2597 iecto primo. illud subiectum non dicetur ma¬
1090 2565 1802 2636 ius quantum extensiue et dimensionaliter. sed tantum
1099 2611 1798 2679 dicetur magis quantum intensiue. quod est manifeste
1090 2657 1806 2724 falsum. Et sicut arguo de duabus realitatibus
1089 2697 1809 2779 quantitatum. ita arguo de duabus realitatibus rari
1989 152 2114 255 ISI¬
