2292 3073
304 207 1001 276 ad probationem quod natura in tali gradu non praedica¬
307 270 1001 326 tur inquid de illis pluribus. ⁋ Et si dicatur quod duo
295 320 998 370 albedines eque intense plus conneniunt quam due al
298 356 1010 405 bedines quarum vna est intensa et alia remissa.
301 394 1004 449 ergo ab eis potest abstrahi aliquis conceptus communis albe¬
297 450 999 497 dinibus eque intensis qui non erit communis albedini
289 490 1010 537 intense et remisse. ⁋ Confirmatur. quia dictum est prius
298 533 1001 586 quod conceptus specieispalissime est simillimus inesse
301 580 1001 637 obiectiuo ipsi indiuiduorinessm subiectiuo. ita qua¬
288 618 1008 675 le est ipsum indiuiduum extra. tale fingitur in anima. et
289 669 1001 718 illud sic fictum non potest esse simillimum duobus non si
298 707 996 767 millimis. ergo duobus non simillimis non erit aliqua
304 752 995 804 pesspanlissima communis. ⁋ Ad istud dico quamuis ali
297 804 1008 855 quo modo plus conueniant et plus assimilentur due
295 846 995 892 albedines eque intense quam albedo intensa et re
292 890 995 933 missa. hoc tamen non sufficit ad conceptum habendum
288 931 999 985 praecise communem illis et non aliis. quia quando habetur conceptus
295 971 998 1021 proprius aliquibus et non aliis. oportet quod illa alia sic se ha
285 1021 992 1069 beant quod in quolibetillorum sit aliquid cui nihil si
286 1066 989 1121 millimum inueniatur in alio. sicut in sorte est aliquid
287 1106 988 1155 et nihil sibi simillimum est in quocumque alio. sed in al
294 1150 992 1202 bedine remissa nihil potest inueniri quin sit ibi si¬
286 1196 1001 1251 millimum in albedine intensa. quia quocumque demon¬
286 1236 990 1294 strato in albedine remissa aliquid est ibi similli¬
283 1279 995 1336 mum in albedine intensa et ideo non continentur sub di
276 1327 987 1381 stinctis speciebusspanlissimis. ⁋ Ad confirmatio
280 1373 989 1428 nem. quod si ponatur opiniones prius posita quod conceptus est tale
277 1415 991 1473 quid fictum et sic secundum illam opinionem est dicendum quod ta
282 1454 990 1518 lis conceptus communis omnibus indiuiduis intensis et re
279 1498 997 1548 missis est simillimus eis. hoc est ita similis quan¬
276 1551 986 1598 tum possibile est conceptum vnum naturaliter abstra¬
280 1587 988 1636 hibilem ab eis esse similem eis in esse ficto. et talis
274 1637 983 1685 non est nisi conceptus communis omnibus. qui non est simplicier
274 1674 986 1735 simillimus eis. quia ipsa inter se non sunt sibi simil¬
286 1718 995 1777 lima Et si dicatur quod possum fingere vnum simillimum
288 1769 988 1820 albedini intense quam video. Dico secundum istam opinio
276 1808 987 1866 quod non est possibile nisi consignificando vel addendo
271 1851 992 1899 aliquid quod non praedicatur in quid de illa albedine. sicut
276 1894 978 1949 sic dicendo. albedo habens tot gradus vel al
285 1935 988 1987 bedo ita intensa. hic ponitur aliquid quod non pri¬
289 1979 976 2037 dicatur in quid de albedine. et ideo non est conceptus
283 2023 982 2078 quidditatiuus. Si autem teneatur alia opinioe de conce¬
276 2074 977 2128 ptu quod sit qualitas mentis siue intetio siue ali
289 2110 974 2164 quid aliud. potest proportionabiliter responderi.
298 2158 980 2217 ⁋ Ad primum principale dico quod intentio philosophi est quod
274 2210 977 2264 ex duobus in actu alterius et alterius rationis non fit
277 2252 981 2304 vnum. et ideo quando illa componibilia sunt alterius et
270 2297 986 2351 alterius rationis non fit ex eis vnum nisi vnum sit actus et
279 2337 989 2392 aliud potentia. quando autem sunt eiusdem rationis non oportet
264 2383 983 2434 patet de partibus aque et ignis. ita est in proposito.
277 2428 987 2482 ⁋ Ad secundum dico quod diuidi in partes quarum vna
270 2468 985 2512 est extra aliam et distincta ab ea situ conuenit so
266 2508 988 2571 li quanto. sed charitas non est sic diuisibilis. quia
276 2562 970 2608 nulla pars charitatis distat etc. ideo charitas
270 2598 984 2663 non est quanta. Ad tertium patet prius. Questio. viii.
1260 244 1829 333 neterea quero de
1255 325 1817 378 sterminis augmenti charitatis. Utrum
1275 359 1806 425 sit dare. summam cui repugnet au¬
1104 396 1817 464 gramentari: ⁋ Quod sic. quia secundum philosophum primo de anima. omnium
1098 457 1805 502 natura constantium determinata est ratio magnitu¬
1098 501 1819 544 dinis et augmenti. ergo in omni augmentabili est dare
1101 539 1835 601 statum vltra quem non poest augmentari. ⁋ Preterea.
1107 577 1814 640 ecundum commen. iii. phi. comen. lc. vbi est processus ad for
1095 629 1814 678 mam tamen contingit esse in actu quantum contingit esse
1105 671 1811 729 in potentia. ergo contingit dare summam charitatem
1103 722 1795 774 vltra quam non est alia potentia. quia ibi est processus ad
1093 757 1803 819 formam. ergo etc. ⁋ Ad oppositum secundum philosophum i de anima
1104 801 1796 854 si apponerentur combustibilia. ignis cresceret in
1093 848 1805 901 infinitum. sed qua ratione ignis potest crescere in infi¬
1099 898 1805 951 nitum. charitas potest crescere in infinitum. ergo non est da¬
1087 942 1796 986 re charitatem summam qua non possit fieri maior
1102 982 1796 1033 ⁋ Ad. q. dicitur a multis doctoribus: quod potest fieri
1093 1031 1803 1085 charitas sumna qua non potest deus facere ma¬
1085 1072 1787 1128 iorem. ⁋ Ista conclusio probatur ab aliquibus prime
1092 1113 1796 1173 sic. accepta aliqua gratia determinata. puta
1093 1158 1804 1208 a. quero ascendendo. aut est status ad aliquam supre
1105 1203 1810 1255 nam et haber propositum. aut non. sed procedi poterit in in¬
1093 1240 1799 1305 finitum. et tunc sequitur quod quanto aliqua magis exce¬
1093 1283 1804 1347 dit a tanto est perfectior et per consequens aliqua quae in infinitum
1096 1339 1800 1391 excedit est in infinitum perfectior. et ita erit in se in¬
1093 1378 1796 1426 tensiue infinita. et cum ipsa ab intellectu diuino
1096 1416 1790 1470 videatur sicut vnum creabile potest vna creatione crea
1090 1466 1801 1510 ri. ⁋ Ab ista ratione habent euidentiam due alie quarum
1083 1510 1801 1569 vna accipitur a philosopho. iii. phi. c. de infinito. quod quantum
1090 1554 1796 1610 contingit esse in potentia. tantum contingit esse in actu. et ita
1090 1603 1791 1652 eundo ad formam non est procedere in infinitum. et ideo ne
1099 1644 1792 1695 cesse fuit in forma quacunque perfecta ponere termi¬
1093 1686 1791 1743 num qualitercunque possibilem. ⁋ Secundo arguitur sic.
1087 1731 1791 1788 quantamcumque realitatem potest deus creare tantam potest
1093 1775 1799 1828 creare subiectum includit praedicatum. ponatur ergo in esse
1096 1822 1797 1873 quod tantam creet quantam potest creare. ergo non potest maio
1081 1865 1791 1919 rem creare haber ergo propositum quod summa creabilis potest
1080 1906 1781 1963 creari. ⁋ Ad eandem conclusionem arguunt alii sic pri
1087 1951 1782 2002 mo secundum philosophum. iii de anima. omnium natura constantium etc
1086 1994 1781 2051 ⁋ Secundo sic. quantacumque perfectio potest fieri succer
1081 2034 1785 2091 siue in eadem charitate tanta potest fieri simul. sed
1087 2077 1788 2140 non est possibile simul esse aliquam charitatem perfecti
1078 2125 1781 2186 onis infinite. ergo nec successiue. maior patet. quia si no
1081 2176 1790 2228 aut hoc est ex parte recipientis. aut ex parte dei. aut ex
1076 2211 1777 2272 parte charitatis. Non ex parte dei. quia deus simul totam
1083 2256 1781 2318 virtutem suam habet. nec ex parte recipientis. quia tota cha
1083 2303 1788 2363 ritas que necessaria est respectu dei ex parte dei
1083 2346 1785 2400 potest esse simul in quacumque creatura spirituali.
1084 2389 1783 2436 licet ea que est per cognitionem et meritum non si¬
1078 2436 1787 2486 mul sit que respectu deinon est necessaria licet
1086 2484 1781 2534 quandoque sit congrua ⁋ Nec est ex parte ipsius cha¬
1081 2523 1783 2568 ritatis. quia ei quod importat infinitatem graduum in sua
1068 2568 1771 2613 natura non repugnat posse esse secundum talem infinitatem
1053 2609 1793 2678 in actu. sed charitas si est augmentabilis: in infinitum¬.
