2272 3059
452 208 1178 289 modo datur nisi solus spiritus sanctus. quia nulla res est
450 255 1179 325 ab eterno et neccessario data. Primo modo non est
455 299 1165 375 proprietas spiritus sancti. quia large accipiendo dari fil
457 343 1171 409 us est datus. Ueruntmen quamuis dari vno modo dictum
452 387 1172 460 sit proprietas spiritus sancti. hoc est soli spiritusisacto conueniens.
455 432 1165 498 non est tamen proprietas constitutiua spiritus scit. quia nihil est
462 480 1166 545 constitutiuum spiritus sancti nisi reale dari et sic dictum.
458 521 1166 593 quamuis praedicetur de solo spiritu sancto. non est tamen aliquid re
460 563 1177 632 aliter conueniens spirituisco nec intrinsecum spuisco.
456 609 1174 670 et ideo illa proprietas non est constitutiua spiritus saci. ⁋ Et
458 654 1163 725 si dicatur quod proprietas persone non distinguitur realiter a
456 697 1174 769 persona divina. sed illud quod praedicatur vere de persona di¬
457 743 1169 804 uina et non distinguitur ab ea. nec conuenit alicui
455 794 1168 855 alii. vere est proprietas constitutiua ipsius. ergo omnis
455 831 1168 899 proprietas persone est constitutiua eiusdem. ⁋ Ad istud
453 873 1165 945 dico quod secundum opinionem quae ponit quod conceptus non habet
457 932 1162 983 esse nisi esse obiectiuum vel fictum in anima. sic talis pro
450 963 1174 1035 prietas cuiusmodi est dari. nec est idem realiter cum
446 1011 1168 1074 persona. nec distinguitur realiter ab eadem. quia non est res
455 1059 1170 1114 sed tantum ens rationis potens significare et suppone
452 1106 1168 1166 re pro re extra animam. Si teneatur opinio quod conce
462 1151 1171 1209 ptus est aliqua vera qualitas mentis. sic illa proprietas
465 1183 1175 1256 distinguitur realiter a persona. quamuis importet personas
474 1229 1184 1293 et supponat pro eadem. ratione cuius dicitur proprietas. quia tamen
465 1273 1180 1335 non est res intrinseca persone cuius est proprietas. ideo
462 1317 1171 1389 non est proprietas constitutiua ipsius. ⁋ Ad auctoritatem
466 1364 1168 1429 dico et similiter ad magistrum quod accipiunt dari secundem
468 1404 1177 1471 modo. quod ex hoc patet. quia accipiunt dari secundum quod
463 1450 1178 1515 aliquid est donabile anteque detur. sed spiritus sanctus non
471 1491 1174 1556 est donabilis patri vel filio anteque donetur. sed
472 1537 1181 1607 donabilis est creature anteque det. Et ideo acci¬
464 1591 1183 1658 piunt dari secundo modo. et sic concedo quod non datur patri ne
475 1630 1181 1697 que filio ⁋ Et si queratur an donum importem aliquem
478 1681 1192 1733 respectum rei vel rationis ad creaturam proprium
465 1729 1187 1779 siunitus ⁋ Dico quod nullum respectum realem dei ad creatu
474 1764 1191 1825 ram importat. quia nullus est respectus realis dei ad creatu
469 1807 1192 1863 ram. nec est respectum rationis propim spiritus sanctus portat. quia nul
474 1847 1189 1906 lus est respectus rationis. sicut commniter homines imaginantur
483 1889 1192 1960 dei ad creaturam. Ueruntamen propter auctoritate sactorum loquen
480 1941 1187 1995 tium deum referri ad creaturam. sicut magitr allegat
477 1992 1192 2044 augu. in littera. est aduertendum quod scienti frequenter vo¬
486 2017 1195 2085 causat nomina respectiua nomina connotatiua. et similiter philosophus
477 2063 1192 2129 sic accipit. volens quod aliqua nomina sunt ad aliquid e co
485 2110 1187 2180 notant aliquid praeter id quod principaliter significant.
487 2155 1195 2221 ideo dicunt aliquid referri quando tale nome connotatiuum
483 2201 1195 2263 de eo praedicatur. quamuis talenomen nihil nisi abso
492 2244 1195 2303 lutum significet. et per consequens non significet aliquem re
498 2283 1192 2358 spectu qui quocumque modo differt ab omnibus abso
486 2328 1193 2393 lutis. Et ideo quia haoc est vera. deus est refugium. de
496 2374 1196 2433 us est domins et sic de aliis. dicit beatus augustinus
477 2421 1194 2490 referri. et refugium relatiue dici. hoc est. hoc nomen
483 2464 1195 2529 refugium est nomen relatiuum. hoc est connotatiuum
504 2509 1195 2569 Et si quaer tur vlterius. an aliquod nomen tale relatiui
494 2557 1204 2615 seu connotatiuum vere dicatur de spiritu sancto et non de alia
488 2600 1201 2674 persona. sic vere dicitur quod filius est incarnatus et nulla alia
1275 188 1988 267 persona est incarnata ⁋ Dico quod nullum nomen di
1263 249 1975 301 cens praecise deum et connotans creaturam vel econue
1263 292 1990 347 so et non connotans proprietatem personalem spiritus sancti
1275 333 1979 400 scilicet spirationem passiuam est proprium illo modo spirituisco
1278 383 1991 439 Ueruntamen aliquod tale nome connotans etiam proprie
1267 429 1979 485 tatem spiritus sancti potest esse proprium sibi. Et hoc modo
1265 473 1988 528 donum est nomen proprium spiritus sancti secundum modum supra
1281 512 1981 569 expositum. ⁋ Per praedicta respondeo ad formam quae
1287 557 1976 611 stionis quando queritur. an donum dicat proprietatem per
1276 600 1984 654 sonalem spiritus sancti. Quod donum triplicitur accipi pos
1275 654 1988 706 vel significatiue et personaliter. vel materialiter pro
1272 692 2001 749 isto nomine donum. vel simplicitur pro conceptu cor¬
1278 736 1989 795 respondente nomini. siue conceptus sit subiecti¬
1270 781 1991 842 ue in anima siue solum obiectiue. Similiter proprietas
1278 827 1991 885 personalis dupliciter potest accipi. Uel pro aliquo
1279 874 1987 922 solum vni persone conuenienti. siue per praedicationem
1274 910 2000 969 siue per realem inexistentiam. Uel pro aliquo proprio
1278 953 1991 1018 persone intrinseco. Accipiendo donum primo et per
1284 996 1990 1060 sonaliter. hoc est pro re que est donum. sic donum no
1288 1043 1993 1103 dicit proprietate personalem. sed est ipsa persona spiritus sci
1284 1088 1990 1148 nec plus dicit. vel est propretas personalis spiritus snctit
1287 1132 2006 1195 quam spiritus sanctus. Accipiendo autem donum secundo modo vel
1279 1184 2000 1236 tertio et proprietate personalem primo modo. sic ma¬
1285 1221 1999 1283 gis debet dici quod donum est proprietas personalis
1288 1261 2008 1328 spiritus sancti. non tamen constitutiua quam quod dicat proprietatem
1291 1318 1997 1370 personalem. Sed accipiendo proprietate personalem
1282 1360 2012 1414 secundo modo. et donum secundo modo vel tertio. sic do¬
1293 1404 2012 1457 num non dicit proprietatem personalem nec est proprie¬
1281 1443 2002 1505 tas personalis. quia donum nec secundo modo nec tertio
1288 1493 2003 1539 est intrinsecum nec idem realiter cum propraetate
1293 1526 2003 1596 spiritus sancti. quamuis vere praedicatur de spiritu sancto: non
1290 1581 2012 1640 pro se sed pro spiritu sancto. ⁋ Ad primum principale
1293 1614 2008 1682 patet. quod quando dicitur Esa. ix. quod filius datus est nobis
1300 1664 2020 1719 ibi accipitur dari large. non stricte pro illo quod est
1293 1704 2010 1761 necessario et ab eterno datum primo modo. et ideo
1301 1743 2008 1804 sic large sumptum nullo modo est proprium spiritui sancto
1298 1789 2031 1851 ⁋ Ad secundum patet. quod donum non importat respectum
1301 1837 2027 1898 sed vno modo acceptum est nome relatiuum vel
1296 1880 2011 1936 connotatiuum. et tale potest esse proprietas perso
1296 1920 2008 1981 nalis primo modo accipiendo proprietatem person¬
1303 1973 2015 2034 lem. non tamen potest esse proprietas constitutiua. nec
1294 2012 2012 2076 proprietas personalis secundo modo accipiendo pro
1302 2062 2015 2118 prietatem personalem. ⁋ Et si dicatur. quod secundum dicta plu
1305 2099 2024 2157 res sint proprietates personales in diuinis quam tres.
1310 2157 2008 2204 qui spiritus sanctus habebit tres proprietates personales
1316 2187 2021 2241 Respodeo et dico quod accipiedo proprietatem perso¬
1296 2233 2017 2287 nalem pro aliquo intrinseco. persone diuine. sic non
1303 2283 2015 2334 sunt nisi tres proprietates personales. quia sicut pate
1296 2326 2021 2387 bit postea. etia isto modo accipiendo proprietatem
1316 2363 2012 2418 personalem. innascibilitas non est proprietas persona
1302 2411 2014 2466 lis patris. quocumque modo distincta a paternitate
1309 2458 2029 2510 sed accipiendo proprietatem personalem pro omni proprio pri¬
1303 2504 2030 2550 dicabili de aliqua persona plures sunt quam tres. Nec
1299 2543 2027 2605 hoc sancti negat. sed magis in suis auctorita¬
1299 2590 1573 2657 tibus concedut.
