2290 3070
345 212 917 287 Distinctionis. xix. Questio prima
576 281 1022 381 Irca distinctio
592 366 1016 421 nem. xix. quero Utrum persone
585 408 1021 459 diuine sint secundum magnitudinem
591 449 1019 509 perfecte equales. ⁋ Quod non. quia op¬
582 497 1019 551 posita sunt nata fieri circa idem
583 540 1016 598 sed equalitas et inequalitas sunt
304 586 1009 639 opposita. et inequalitas non est nec esse potest in diui
300 630 1007 677 nis. ergo nec est ibi equalitas. ⁋ Preterea aliqua magni
303 677 1007 731 tudo est in vna persona quae non est in alia. ergo non sunt
296 722 1010 775 equales secundum magnitudinem. Atecedens patet. quia quaelibet
304 763 1014 817 relatio ex quo est perfectior quaecumque creatura est quae
291 807 1018 861 dam magnitudo. et certum est quod aliqua relatio est in
303 848 1010 898 vna persona quae non est in alia. Similiter in vna persona
291 899 1001 943 sunt plures relationes quam in alia. sicut in patre et
295 935 1001 983 filio sunt due. scilicet spiratio actio et paternitas in pre
295 983 1014 1038 et spiratio actio et filiatio in filio et in spiritu sancto
294 1030 1000 1074 est tantum vna. ⁋ Preterea magnitudo persone nullo
304 1073 1013 1120 modo distinguitur ab essentia. sed essentie patris ad
301 1117 998 1160 essentiam filii et spiritus sancti est identitas. et nullo
286 1157 1010 1212 modo equalitas. ergo persone divine non sunt equales secundum
298 1201 998 1264 magnitudinem sed idem. ⁋ Preterea in deo non est quanti¬
288 1247 1010 1290 tas. et per consequens nec magnitudo. cum magnitudo
285 1287 1010 1343 sit species quantitatis. et per consequens non est ibi equalitas secundum
286 1337 1007 1387 magnitudinem ⁋ Ad questionem dicitur secundum philosophum
293 1380 997 1433 quod vnum in substantia facit idem. vnum in quantitate fa
288 1424 992 1476 cit equale. vnum in qualitate facit simile. quamuis autem
280 1466 1002 1520 in diuinis non sit qualitas vel quantitas secundum communem
282 1508 989 1563 rationem generis. sunt tamen aliqua species qualitatis secundum pro
285 1550 998 1600 prias rationes suas. quantum ad differentia constitutiuas.
286 1598 988 1650 similiter aliquem species quantitatis secundum id quod est proprium
280 1638 1004 1694 eis. vt magnitudo et duratio. et ratione earum dicitur
280 1681 998 1727 in divinis equlitas et similitudo. Sicut autem ea que
289 1724 995 1778 significant per modum qualitatis. vt sapientia et huiusmodi non
282 1767 986 1825 sunt aliud ab essentia et inter se secundum rem sed solum secundum
280 1814 992 1871 rationem. ita similitudo et identitas in divinis differunt solum
276 1857 985 1915 secundum rationem non secundum rem. et similiter est de equalitate.
273 1895 989 1959 ⁋ Quamuis conclusio sit vera. tamen ille modus ponem
286 1944 993 1997 di accipit aliqua falsa. ⁋ Primo enim falsum est quod
285 1992 982 2037 accipit quod communis ratio generis non est in deo. quamuis
283 2034 990 2085 sit ibi propria ratio speciei. Cuius ratio est. quia impossibile est
283 2077 983 2125 rationem speciei de aliquo verificari nisi ratio generis
286 2120 986 2171 etiam de eodem verificetur. quia quando termini non suppo¬
277 2162 987 2219 nunt pro se sed pro suis inferioribus. seper affirmatiue
283 2212 987 2265 pure et sine distributione ab inferiori ad superius
277 2248 994 2306 est bona consequentia. sicut sequitur formaliter. a est homo.
276 2294 993 2353 ergo a est animal. si homo et animal supponunt personaliter et pro re¬
285 2346 993 2398 bus. ergo si species qualitatis vel quantitatis verificatur de
274 2380 986 2430 deo. cum non possit verificari de deo nisi fiat pro re
275 2426 990 2482 et non pro conceptu vel voce. sequitur neccessario quod quali
276 2479 992 2516 tas qui genus est. et similiter quantitas vificabitur de deo. et
279 2515 996 2565 ita erit hoc formalis consequentia deus est magnitudo. ergo deus est
280 2556 989 2618 quantitas. si magnitudo in antecedente sit species quantitatis.
277 2610 992 2678 Et eodem modo deus est sapientia. ergo deus est qualitas.
1120 223 1835 290 si sapientia sit species qualitatis. Unde ponens istam positi¬
1132 277 1841 336 vnem logicam ignorauit. quia omnibus scientibus logi¬
1119 317 1835 369 causa iste regule sunt note Ab inferiori ad superius
1119 369 1838 418 affirmatiue et sine distributione est formalis con
1122 407 1825 468 sequentia. De quocumque praedicatur species de eodem praedi¬
1120 454 1826 504 catur genus Aquocumque negatur genus ab eo negatur quam
1122 496 1831 550 libet eius species. A superiori ad inferius cum distribu
1118 542 1829 599 tione est bona consequentia. et multe alie tales. quae omnes per
1121 582 1822 630 praedictam positionem negantur: quae tamen omnibus scientibus
1113 625 1846 687 logicam sunt manifeste. ⁋ Aliud falsum accipitur
1123 675 1832 725 quod aliqua in diuinis possunt differre secundum rationem. quamuis
1111 722 1826 769 non differentiant secundum rem. quia sicut probatum est impossibile
1117 760 1823 819 est aliquid quod est in deo differre ratione a quocumque
1105 806 1823 856 quod est in deo. Et si dicatur quod equalitas et similitu
1113 847 1818 890 do et similiter sapientia et bonitas et huiusmodi differunt secundum rationem
1116 892 1828 946 et non secundum rem. nec sunt secundum rem idem. quia non sunt res
1105 933 1826 995 sed rationes tantum. hoc non valet quia dicit quod non differunt secundum
1108 983 1826 1037 rem ab essentia sed secundum rationem tantum. quero tunc. Aut
1107 1026 1826 1080 vult quod sapientia quae est realiter diuina essentia et diui
1105 1069 1815 1121 na essentia differunt secundum rationem et non secundum rem. Aut quod sa¬
1113 1108 1812 1169 pientia quae est ratio tantum et non est realiter diuina essentia
1113 1158 1820 1203 et diuina essentia differunt secundum rationem tantum et non secundum rem
1102 1201 1819 1247 Si detur primum. hoc est impossibile. illud probatum
1105 1245 1822 1291 est prius. quia illa sapientia quae est realiter diuina essentia
1102 1289 1829 1333 et diuina essentia nullo modo differunt secundum rationem. Si
1095 1326 1820 1376 detur secundum hoc etiam patet esse falsum. quia illa sapientia
1102 1375 1819 1423 et essentia se habent sicut res et ratio. sed res et ratio non plus
1108 1417 1815 1470 ifferunt secundum rationem quam secundum rem. quia sicut ratione vnius extre
1102 1463 1810 1522 mi quod est ratio differunt ratione. ita eadem ratione: ratione alterius
1101 1501 1817 1561 extremi quod est res debent differre realiter ⁋ Aliter
1099 1548 1816 1595 dicitur ad quaestionem. et primo dicitur de equalitate proprie
1102 1592 1811 1648 sumpta. secundo de ipsa generaliter sumpta. tertio qua
1095 1632 1807 1699 lis est equalitas in proposito. quarto de conclusione prin
1108 1684 1811 1739 cipali. ⁋ De primo dicitur quod secundum philosophum. v. metha. ca.
1096 1723 1799 1772 de relatione distinguit tres relationes fundatas
1095 1768 1811 1820 super vnum scilicet idem. simile. equale. loquendo de istis stricte
1092 1814 1808 1862 et proprie appropriantur distinctis generibus. vt
1093 1847 1818 1912 identitas substanti. equalitas quantitati. et similitudo qualitati
1093 1894 1811 1954 Dicitur tamen quod fundamentum remotum istarum relatio.
1096 1944 1799 2003 num est res generis illius. puta equalitatis fun¬
1092 1981 1810 2035 damentum est res de genere quantitatis. et sic de aliis.
1097 2028 1807 2082 Proximum tamen fundamentum vel proxima ratio fundandi
1092 2079 1811 2130 est vnitas talis rei. quia super rem talis generis vt di¬
1089 2119 1801 2167 uersa est fundantur relationes disquiprantie. et non
1090 2162 1825 2210 communes. ⁋ De secundo dicitur. quod quodcumque ens est in se quid: et
1092 2199 1799 2262 habet in se aliquem determinatum gradum iu entibus. et
1096 2252 1816 2302 est forma vel habens formam. et secundum hoc sicut potest tri
1099 2287 1798 2341 pliciter considerari. ita super ipsum potest fundari tri
1091 2342 1809 2392 plex relatio communiter sumpta. quia identitas super quod¬
1090 2382 1800 2439 libet ens inquantum est quid. equalitas inquantum habet ma
1090 2430 1807 2479 gnitudinem aliquam perfectionis. similitudo inquantum est
1089 2470 1802 2524 equale et qualitas quadam. et hoc modo indiuidua eiusdem speciei
1082 2507 1801 2558 sunt essentialiter simila. Sicut ergo fundamentum identita
1083 2553 1801 2612 tis equalitatis similitudinis hoc modo communiter sumpte est
1083 2601 1806 2656 ens in communi. ita et ille relationes sunt transcendentes.
