2289 3069
315 248 1032 326 auc. saluatoris. Iohis. xvi. omnia quae habet pater. mea
308 295 1022 368 sunt. sed omipotentiam habet pater. ergo omnipotentiam habet filius. et per
309 337 1013 415 consequens est patri equalis secundum potentiam. Secundo arguit
305 392 1029 455 per rationem. si piater non genuit filium sibi equalem. aut hoc
307 435 1017 492 fuit quia noluit. vel quia non potuit. si detur primum fuit
316 469 1023 537 inuidus. si detur secundum ergo fuit impotens. quorum vtrum
309 520 1011 591 que est inconueniens. ⁋ Tertio arguit per simile. quia pat
315 566 1009 623 carnalis si posset generaret filium sibi equalem. ergo mul¬
299 603 1013 678 tomagis pater eternus si posset generaret filium sibi equa
297 643 1010 727 lem. sed hominem non generare filium sibi equalem argum
310 691 1010 771 it impotentiam. ergo et deum illud non posse argu
304 738 1019 809 it impotentiam in eodem. ⁋ Iste rationes partim
298 794 1013 853 tenent per auctoritatem. partim per propositiones
295 836 1005 901 naturaliter notas. partim simpliciter fundantur in
295 878 1004 945 auctoritate que sic est intelligenda. quod omnia quae habet pater
294 915 1010 986 quae non habere ponit imperfectionem in non habente habet
292 959 1005 1033 filius. et ideo quia non habere omipotentiam de qua loquitur
290 1007 998 1072 beatus Aug. ponit in non habente imperfectionem. ideo
298 1058 1004 1111 eam habet filius. Unde Augu. non intendit aliud probare
294 1094 1003 1161 de filio. nisi cuius caretia non potest esse sine imperfectione
297 1147 1001 1206 et ideo quia carentia potentie generandi non ponitin ca
291 1190 1001 1253 rente imperfectionem non potest ex auctoritate saluatoris
292 1225 999 1293 potentia generandi concludi de filio. Secunda ratio et
279 1280 998 1334 tertia fundantur in auctoritate quam concessit maximinus
288 1312 996 1386 scilicet quod deus pater genuit filium naturalem et in propositione
278 1358 988 1429 naturaliter nota. quia numquam tanta perfectio repugnat
289 1402 996 1471 formaliter filio naturali quamn ta est in patre naturali.
280 1445 993 1516 sed quod filius naturalis est imperfectior patre. vel est ex
273 1489 985 1562 impotentia patris. quia non potest statim deducere filium
280 1544 993 1596 ad perfectionem equalem quam habet vel ex nolitione qua
280 1579 983 1645 non vult habere filium sibi equalem vel parem. et ideo non
277 1629 998 1687 adhibet omnem diligentiam et virtutem quam potvt fili¬
273 1673 991 1726 us perfectus producatur. Ex istis arguit beatus aug.
283 1716 995 1779 qui ex quo etiam secundum maximinum. pater genuit filium na
286 1758 987 1824 turalem. ideo filio non repugnat formaliter tanta perfe
274 1804 977 1866 ctio quanta est in patre. et per consequens carentia tante perfectio
271 1848 978 1915 nis non potest competere ex se. ergo aliunde. et certum est
276 1888 984 1954 quod non nisi ex patre. sed ex patre non potuit sibi competere
273 1936 974 1997 nisi vel propter impotentiam patris. quia non fuit potens
260 1973 976 2038 sibi dare perfectionem sibi non repugnantem ex natu¬
274 2020 978 2084 ra. Uel propter inuidiam patris. quia noluit habere filium
267 2056 983 2131 sibi equalem. cui tamen non repugnat equalis perfectio.
270 2108 980 2176 Et ita ex dictis patet quod scient solum loquebantur de equali¬
265 2153 977 2213 tate secundum potentiam quam consequitur equalitas secundum perfe¬
265 2199 980 2268 ctionem. et talis est equalitas secundum potentiam quae respi
256 2237 972 2307 cit factibilia exra et eodem modo de tali omipotentia lo
268 2282 977 2350 quebantur et non de alia. Et ratio ad hoc mouit eos. quia
261 2323 974 2401 de tali potentia et omnipotentia loquebantur tam philosophi quam
264 2369 968 2438 heretici contra quos sancti disputabant. ⁋ Sed
253 2405 971 2480 praedicta sunt aliqua dubia. Primum quid sit ista equali¬
249 2457 977 2525 tas. an sit aliquod absolutum vel respectus quidam
265 2503 962 2563 ⁋ Secudum quia videtur quod potentia generandi sit secundum se
249 2532 962 2611 quedam potentia. et per consequens quicumque caret illa poten¬
248 2590 960 2650 tia. aliqua potentia caret. et ita filius non haberet omipo
247 2636 966 2706 tentiam. Assumptum patet quia omnipotentia est ad omne id
1135 240 1857 347 quod non includit contradictionem. ergo etc. ⁋ Tertium du¬
1134 318 1850 386 bium est cum sit haec quedam distributio cum dicitur oimpo¬
1126 361 1839 428 tentia quid distribuitur. et pro quo fit distributio.
1144 407 1836 477 ⁋ Ad primum istorum dico quod ista equalitas non est aliquod
1131 454 1842 511 tale absolutum vel respectus. sicut hominis communiter yma
1134 498 1830 555 ginantur. immo stricte et de virtute serumonis loquen
1119 548 1829 607 do equalitatem potentie esse in diuinis personis non
1129 585 1841 655 debet aliter intelligi quam quod concretum equalitatis vere praedi¬
1122 618 1829 689 catur de divinis personis. vt haec sit simpliciter vera. persone
1129 668 1841 740 sunt equales. et ita dico proportionabiliter quod sub tali
1122 714 1830 786 intellectu potentiam esse in deo hoc est quod hoc sit sim¬
1126 757 1827 828 pliciter vera. deus poest creare vel producere.
1123 809 1824 871 et sic intelligunt sancti quando dicunt equalitatem esse in
1113 843 1833 910 divinis. et potentiam et etnitatem et incorruptibilita
1106 889 1826 955 tem et huiusmodi. quia deus vere est eternus creatiuus.
1120 928 1827 1000 et sic de aliis. ⁋ Ad secundum dico quod accipiendo po
1108 987 1821 1047 tentiam sicut sci accipiunt. sic potentia generandi non
1108 1021 1818 1095 est potentia. sicut nec potentia generandi est perfectio
1117 1068 1832 1141 Et si dicatur quod secundum bieatum Aug. sequitur si pater non po¬
1107 1113 1820 1177 test generare filium sibi equalem. ergo est impotens. ergo posse
1113 1155 1826 1225 generare est simpliciter posse. Dico quod consequentia est bona. quod
1107 1201 1817 1273 si piater non potest generare filium sibi equalem. ergo est impo¬
1117 1245 1817 1312 tens. sed ex hoc non sequitur quod posse generare est posse.
1108 1280 1812 1366 sicut modo loquimur. sicut bene sequitur. pater non est deus. ergo
1116 1327 1813 1403 est impotens. vel ergo non est omipotens. et tamen ex hoc no
1108 1371 1820 1446 sequitur quod deus est quoddam posse. ⁋ Ad probationem
1102 1420 1826 1491 dico quod omipotentia sicut modo loquimur non respicit
1108 1469 1826 1534 omne illud quod non includit contradictionem. hoc est di¬
1102 1508 1823 1576 ctum quod omnipotens non potest efficere omne illud quod non in
1108 1551 1826 1621 cludit contradictionem. quia non potest efficere deum. omnipo¬
1107 1594 1808 1664 tens tamen potest efficere omne factibile quod non includit
1109 1637 1804 1717 contradictionem. et omne aliud a deo quod non includit contra
1094 1692 1814 1746 dictionem. ⁋ Ad tertium dicitur quod fit haec distributio pri
1097 1733 1817 1798 mo pro potentia per equiualentiam. quia primum distributum
1098 1769 1808 1840 hic est potentia. quae est terminus vniversalis secundum equiualenu
1092 1815 1790 1879 tiam. Et secundario fit distributio pro obiecto
1101 1863 1796 1929 possibili. Sed quia hoc non est logice dictum. nolo
1086 1907 1813 1966 insistere ad improbandum. Sed dico quod omnipo¬
1090 1951 1797 2011 tentia est vnum nomen equiualens vni signo distri
1084 1987 1792 2059 butiuo et suo distribuibili cum vno alio termino
1090 2034 1789 2101 in recto. quia omnipotens idem est quod potens fa¬
1093 2085 1804 2142 cere omnia factibilia. ita quod hoc factibile vel factibi¬
1084 2121 1794 2193 lia distribuuntur. et non potentia. nec secundum potentiam vniversalis
1083 2171 1803 2236 nec secundum praedicationem nec secundum causalitatem. nec secundum perfe
1081 2210 1800 2284 ctionem. quia si essent duo dii omipotentes de vtroque di¬
1086 2256 1791 2324 ceretur quod esset omipotens. et tamen neutrius potentia.
1077 2297 1789 2376 contineret potentiam alterius per talem superequiua
1076 2343 1782 2411 lentiam perfectionalem. ⁋ Ad primum principale dico
1070 2400 1797 2461 quod accipiendo potentiam illo modo quo loqui¬
1081 2444 1787 2506 mur ad presens posse producere diuinam per¬
1074 2476 1790 2538 sonam nec est minoris potentie. nec maioris.
1065 2518 1787 2589 nec equalis quam posse producere creaturam. quia
1071 2566 1780 2626 non est posse. sicut nec posse esse deum est pos¬
1065 2606 1779 2673 se. ⁋ hoc est posse producere diuinam personam non
1059 2660 1784 2728 est posse efficere aliquod factibile. tamen tale
