2269 3066
446 229 1159 307 sequitur non potest aliquid cognosci sine conceptu
446 282 1156 348 mentis et imponens cognoscit. ergo imponens impo
450 329 1166 391 nit conceptum. sicut non sequitur nihil potest primo
450 364 1160 437 cognosci sine notitia sensitiua. et impon es non
449 410 1156 479 imponit nisi cognoscendo. ergo tunc imponit noti¬
456 456 1158 532 tie sensitiue. ⁋ Preterea secundum philosophum in diuersis loqu
450 500 1170 568 diffinitio significat quidditatem rei. sed quidditas
452 542 1162 616 rei non est conceptus mentis. ergo talis vox non primo
450 580 1176 654 significat conceptum mentis. Si dicis quod philosophus loquitur
456 641 1162 704 de diffinitone in mente quod illa sgnificat quiddita
456 676 1165 747 tem. non sic autem diffinitio in voce. Contra. dicit quod
468 725 1171 787 est oro vel sermo indicans quid est esse rei. ergo ipsa
464 766 1179 836 vox secundum eum significat quidditatem rei. ⁋ Ideo dico
468 811 1171 894 quod quedam nomina primo significant res ex. et quedam
465 852 1178 921 significant primo conceptus mentis. et quedam si¬
460 895 1172 978 gnificant primo ipsas voces significatiuas. et
467 947 1173 1008 est antiqua distinctio quod nomina quadam sunt prime impo¬
468 983 1169 1053 sitionis. quedam sunt nomina secunde impositionis. No
467 1030 1171 1102 mina secundeimpositionis sunt nomina illa quae imponunt
465 1071 1185 1148 ad significandum nomina ipsa vel voces significa¬
468 1114 1184 1183 tiuas. vel proprietates et conditiones vocum signifi¬
470 1162 1175 1227 catiuarum cuiusmodi sunt ista. nomen. verbum. par¬
477 1208 1183 1272 ticipium. casus. figura. numerus etc. Nomina prime
468 1256 1168 1315 imponis quedam sunt nomina prime intentionis. et est
474 1294 1189 1357 dam nomina secunde intentionis. Prima sunt illa quod
471 1339 1183 1418 significant veras res. sicut homo animal albedo.
471 1385 1189 1448 nigredo linea et huiusmodi. Secunda sunt illa quae signi¬
468 1423 1187 1491 ficant conceptus mentis. sicut genus species vniversale et
474 1475 1193 1544 huiusmodi. hoc patet illud primo significatur per vocem pro¬
482 1515 1190 1583 quo vox primo ratione institutonis supponit. sed no¬
482 1554 1187 1626 mina prime intentionis ex ratione institutionis sup¬
479 1605 1187 1675 ponunt pro rebus. et nomina secunde impositionis pro nominibus
480 1645 1192 1713 vel vocibus. sicut patet inductiue. et nomina secunde inten
485 1694 1190 1755 tionis pro conceptibus. ergo instituuntur ad illa primo
492 1736 1205 1805 significandum. Maior patet. quia illud primo signifi¬
491 1790 1192 1839 catur per vocem pro quo imponens vtitur illa voce. sed ma
479 1826 1193 1894 nifestum est quod hoc est illud pro quo vox primo suppo¬
489 1870 1207 1928 nit. Unde vtimur illa voce homo principaliter pro hominibus
497 1910 1204 1971 Ex isto oritur quod vox quecumque ratione institutionis habet
482 1953 1205 2025 primo supponem personalem. quia ratione institutionis sup¬
485 1992 1206 2068 ponit primo pro suis significatur. tamen ratione alicuius ad
497 2045 1210 2105 iuncti potest supponere pro aliquibus aliis. Et ideo
485 2082 1211 2154 dictum aliquorum sophistarum dicentium quod supposi¬
495 2132 1201 2192 tio personalis est pro suppositum. et suppositio simplex
498 2173 1204 2235 est pro primo significato est simpliciter falsum. quia sup¬
502 2218 1195 2277 posito personalis est pro primo significato. quia eadem
493 2261 1210 2327 sunt singularia et significata. nec potest aliqua ratio
489 2310 1209 2372 dari. quare terminus non supponit primo et semper quantum
494 2347 1208 2414 est ex institutionis ratione pro suo significato. cum in¬
495 2400 1200 2457 tentio principalis imponentium sit vti terminis pro
504 2439 1206 2503 suis significatis. et ideo dicit Ari. primo Elencorum.
506 2480 1207 2549 quod quia non possumus nobiscum portare res ad dispu
507 2524 1207 2585 tationem. ideo vtimur vocibus pro rebus quas signi¬
510 2571 1219 2629 ficant ⁋ Ad primum alterius opinionis dico quod non est
516 2613 1222 2685 intentio philosophi quod voces primo significant passiones
1271 206 1977 273 anime sed quod passiones anime et voces sunt quadam signa¬
1266 256 1975 319 ordinata. ita quod voces instituuntur ad significam
1278 302 1985 361 dum non ipsas passiones anime. sed res ipsas quarum
1266 345 1984 409 sunt ille passiones. et aliquo modo ille passiones
1277 388 1982 447 sunt signa illarum rerum. Quare autem vox sic signi¬
1269 436 1978 496 ficans plura eque primo non sit equiuoca sicut alia. di
1273 475 1995 541 ctum est prius ⁋ Ad secundum dico quod voces sunt inuem
1266 527 1995 587 te ad exprimendum res. et ad exprmendum conceptus
1277 567 1981 630 et passiones mentis. et ideo aliqua significant res et
1278 617 1982 668 aliqua conceptus mentis. sicut iste voces. homo animal et
1277 659 1984 717 huiusmodi sunt inuente ad exprimendum res. Alie autem
1284 703 1984 768 sunt inuente ad exprimendum ipsum mentis conceptum
1282 741 1988 804 et non tantum intellectiones et obiecta talium intelle¬
1278 788 1991 855 ctionum. sed aliqua sunt inuente ad exprimendum men
1277 830 1985 892 tis affectiones tristitias et delectationes et huiusmodi
1286 874 1994 946 quae sunt actus voluntatis et passiones consequentes. ⁋ Ad
1290 917 1987 983 tertium dico quod mentis conceptus aliquando vocatur omne
1278 962 1990 1027 coguitum ab intellectu. isto modo omnis pars oronis¬
1275 1005 1998 1077 significat mentis conceptum. hoc est significat aliquid
1289 1051 1988 1120 quod mens concipit. ⁋ Ad quartum dico quod non est vniversali
1293 1095 1984 1161 verum quod illud primo per vocem significatur quod primo
1289 1141 1990 1202 apphenditur ipsa voce prolata. sed illud pro quo ipsa
1287 1182 2006 1254 vox profertur primo ex ratione institutionis. et hoc est pro
1286 1230 1996 1294 quo supponit quantum est ex se. quamuis ratione adium
1283 1272 1996 1343 cti possit supponere pro aliquo alio. et huiusmodi pro
1298 1316 2009 1387 quo terminus prolatus quantum est vox ex ratione insti
1289 1364 1999 1420 tutionis semper supponit. est res et non conceptus
1298 1403 2012 1467 Quare autem conceptus primo appreheditur. ratio est
1296 1445 2010 1512 ista. quia terminus non instituitur ad significandum
1287 1495 2006 1550 res quarum est conceptus. et ideo quia quacumque re intel
1302 1535 2012 1605 ecta potest haberi conceptus. et habito conceptu. non propter
1296 1581 2008 1640 hoc potest statim et faciliter haberi cognitio rei¬
1293 1623 2017 1685 ideo primo et communius habetur conceptus prolata voce
1298 1667 2008 1737 quam quecumque res singularis. Ueruntamen a quocumque ap
1292 1718 2012 1782 prehendente conceptum ad prolationem vocis prmo
1292 1758 2020 1821 aliqua res singularis intelligebatur ante cognitionem
1302 1799 2014 1858 illius conceptus. ⁋ Circa secundum principale dicunt
1299 1841 2017 1904 aliqua quod secundum philosophum voces sunt signa intentionum. et
1298 1888 2023 1949 intetiones sunt similitudines rerum. ideo voces re¬
1299 1928 2019 1990 feruntur ad res significandas mediante conceptione
1297 1980 2030 2034 intellectus. et ideo secundum quod aliquid a nobis intelle¬
1308 2019 2031 2088 ctu cognosci potest. sic a nobis significari potest et
1305 2070 2021 2125 nominari. sed deus in hac vita non potest a nobis vi¬
1300 2107 2024 2169 deri per suam esentiam. sed cognoscitur a nobis ex creaturis
1307 2156 2027 2210 secundum habitudinem principii et per modum excellentie et
1307 2198 2018 2258 remotionis. et ideo potest nominari a nobis ex crea
1314 2241 2017 2300 turis. non tamen nome significans ipsum exprimet divinam
1308 2287 2021 2346 essentiam secundum quod est. sicut hoc nomen homo expremit
1303 2329 2026 2386 sua significatione essentiam hominis secundum quod est. signifi¬
1307 2373 2023 2433 ficat enim eius diffinitionem declarantem eius essen
1305 2417 2030 2477 tiam. ratio enim quam significat nomen est eius dif¬
1302 2473 2041 2528 finitio. vt dicitur. iii. metha ⁋ Contra istam opi¬
1314 2504 2026 2571 nionem primo quomodo intelligat philosophus quod vo¬
1309 2559 2030 2608 ces sunt note passionum non intentionum dictum.
1320 2595 2044 2665 est prius. secundo quod dicit quod non cognoscitur nisi¬
