2278 3078
282 234 1006 307 secundum habitudinem principii et per modum excellentie et
288 299 1002 352 remotionis. et quod eodem modo potest nominari a no
281 333 1003 395 bis. ergo nullum nomen imponimus deo nisi quod si
283 392 995 440 gnificat habitudinem dei tanquam principii ad crea
273 430 998 490 turam vel per modum excellentie et remotionis. sed
282 474 997 523 consequens est falsum. ergo et antecedens. falsitas consequentis patet. quia
288 513 996 576 si sic. deus non diceretur bonus. nisi quia principium
277 555 982 609 bonitatis creature vel excellentior bonitate cre¬
273 609 997 661 ata. vel quia non est bonitas creata. Sed hoc posi¬
273 642 986 704 to non esset aliqua ratio quare aliqua nomina diceren¬
280 691 981 752 tur de deo. et aliqua non. quia possum dicere quod deus
280 738 992 791 est bonus. quia principium bonitatis create. vel ex¬
273 778 988 836 cellentior ea. vet quia non est ea. ita dicam quod deus est an
268 827 989 881 gelus. quia est principium angeli vel excellentior an
268 868 973 917 gelo. vel quia non est angelus. et eodem modo de asino.
264 913 974 973 ⁋ Preterea quod dicit quod nomen significans deum non
261 956 974 1013 expermit diuinam esentiam secundum quod est ⁋ Contra hoc ap
262 1004 983 1064 guo ex dictis suis. postea dicit quod nomina signifi¬
265 1046 982 1100 cant deum secundum quod intellectus noster cognoscit ipsum.
261 1081 971 1138 intellectus aut noitr cum cognoscat deum ex creatu
265 1129 984 1188 ris sic cognoscit secundum quod creature ipsum repraesentant
270 1172 984 1233 Ex illo arguo sic. illud per nomen exprimitur secundum istum
259 1219 980 1268 quod per creaturam repraesentatur. sed per creaturam repraesen¬
259 1259 979 1324 tatur diuina essentia. vt est hec diuina essentia
259 1300 978 1365 ergo essentia diuina sic per nomen exprimitur. Sed ad
250 1350 983 1402 illud videtur respondere ibidem quod creatura imperfecte
250 1394 964 1446 deum repraesentat. et quod non repraesentat omnem rationem in deo.
251 1440 965 1501 nec rationem absolutam divine essentie secundum ipsam perfe
259 1485 973 1531 ctionem nature in diuina essentia perfectionaliter¬
252 1530 959 1581 contentam. Sed illud nihil valet. tum quia non
250 1563 960 1635 sequitur repraesentat diuinam essentiam imperfecte. ergo
259 1619 962 1666 non repraesentat diuinam esentiam distincte. sicut non se
250 1661 960 1713 quitur. aliquis cognoscit aliquod simplex imperfecte.
253 1696 972 1756 ergo non videt istud distincte. sicut alibi onsum est.
244 1749 957 1795 Et huius ratio est. quia cognoscere vel repraesentare aliquid
244 1783 972 1849 distincte non est aliud quam cognoscere vel repraesentare quodli¬
253 1830 961 1885 libet intrinsecum illi. Tum quia omnis ratio quae est realis in
243 1872 963 1929 diuina essentia est illa vnica essentia absolute
256 1924 952 1978 vel persona vel relatio. et ita impossibile est aliquid
252 1964 953 2019 assimilari vel repraesentare aliquam rationem existentem
246 2005 956 2070 in deo nisi assimiletur vel repraesntet diuinam esentiam
249 2047 946 2102 secundum quod est. vel personam vel relationem. ⁋ Et si dicas
243 2093 953 2146 sicut dicit alibi quod in deo est inuenire distinctio
243 2134 950 2197 nem rationum. quae realiter et vere in ipso sunt que quiden¬
250 2176 952 2240 sunt vnum re. et differunt ratione. et ideo potest vna
244 2224 951 2289 ratio repraesentari alia non repraesentata. Istud non valet.
244 2265 956 2330 qui supra ostensum est quod illud principium illius est
246 2319 957 2369 manifeste falsum. scilicet quod aliqua possunt esse vnum re
247 2361 944 2405 aliter et differre ratione ⁋ Preterea quod postea di
243 2401 959 2461 cit quod hoc nomen homo expromit sua significatione
244 2443 950 2499 essentiam hominis secundum quod est. significat enim eius diffi¬
237 2493 946 2542 nitionem declarantem essentiam eius. Istud non
238 2536 950 2592 est verum. quia hoc nomen homo significat primo
243 2574 944 2636 essentiam hominis et non diffinitionem. sed hoc nomen
243 2615 953 2687 homo et diffinitio hominis idem significant.
1110 245 1816 319 et neutrum est significatiuum alterius ⁋ Ideo ali
1102 307 1816 359 ter ad istum articulum dico quod viator potest im¬
1102 346 1824 404 ponere nomen ad distincte significandum deum vel
1099 394 1805 452 diuinam essentiam. hoc patet. quia quicumque potest
1114 438 1807 484 vere intelligere aliquid esse distinctum ab alio. po¬
1101 482 1819 527 test instituere nomen ad illud distincte signifi¬
1095 531 1808 587 candum. sed viator potest vere intelligere et scire
1087 567 1813 627 deum esse distinctum ab omni alio ergo etc ⁋ Preterea
1094 608 1802 673 si viator non posset instituere nomen ad distincte
1084 657 1814 712 significandum diuinam essentiam. hoc non esset nis¬
1102 699 1805 757 qui non potest deum distincte intelligere. Sed hoc
1079 743 1800 805 non obstat quia vox aliqua potest aliquid distincte
1093 784 1811 845 significare quod nunquam fuit distincte intelle¬
1083 834 1798 885 ctum. patet de hac voce homo. que distincte
1080 876 1806 931 significat hominem futurum etiam sine noua imposi
1076 915 1799 979 tione ⁋ Si dicatur quod non precise significat illum
1090 959 1797 1022 homine. hoc non obstat. quia distincte significat
1083 1011 1790 1074 ipsum et omns alios ⁋ Preterea sicut tactum est in
1071 1058 1798 1108 arguendo ad oppositum. illud per nomen distincte
1076 1091 1799 1160 significatur quod praecise significatur et nihil aliud si
1087 1142 1798 1197 gnificatur nec per ipsum connotatur. sed hoc est possi¬
1087 1186 1787 1235 bile viatori. quia potest imponere a ad significam
1084 1224 1798 1290 dum diuinam essentiam. et nihil aliud nec aliquid aliud
1083 1277 1790 1326 connotando. sicut hoc nomen deitas non connotat
1084 1312 1796 1376 aliquid in creaturis. ⁋ Preterea potest aliquis im
1083 1363 1799 1416 ponere hoc nomen a ad significandum quodcum
1081 1410 1800 1462 que animal quod occurrit sibi cras hoc facto di
1083 1447 1781 1502 stincte significat illud animal. et significabit
1087 1500 1788 1553 apud omns volentes vti voce sicut imposita est
1084 1532 1791 1591 quantuncumque illud imponens non distincte intelli¬
1072 1586 1784 1641 gat. nec forte distincte intelliget quando sibi
1071 1630 1782 1684 occurret. Dico ergo quod aliquod nomen distincte
1071 1673 1785 1733 aliquid significare potest intelligi. vno modo quod
1075 1717 1785 1771 non significet aliquid aliud nec connotet. nec det
1071 1753 1776 1816 intelligere ex vi institutionis aliquid aliud. et
1069 1803 1766 1867 isto modo potest deus distincte significari quam
1060 1844 1777 1900 tumcumque deus non sic concipiatur a nobis. Secundo mo
1060 1892 1775 1946 potest aliquid intelligi significare aliquid di¬
1065 1933 1776 1991 stincte. quia significat illud et non aliud siue conno
1072 1973 1777 2038 tet aliud siue non. et sic similiter potest distincte signifi¬
1065 2024 1773 2073 cari. Tertio modo potest intelligi aliquid distincte
1069 2058 1769 2120 significari quando ex vi institutionis et communi vsu vtenti¬
1072 2109 1766 2170 am nihil aliud ad prolationem vocis occurrit rea
1062 2150 1768 2207 liter. et sic non potest aliqua vox distincte deum
1060 2190 1772 2254 significare viatori. quia prolata quacumque voce si
1066 2238 1772 2304 gnificatiua intelligenti significationem vodali¬
1059 2289 1771 2342 quid aliud occurrit scilicet conceptus communis deo et
1059 2330 1759 2383 aliis. ⁋ Sed isto modo non intelligitur questio proposita
1059 2365 1783 2430 Si dicatur quod nomen non expremit rem nisi intelligen¬
1050 2420 1766 2479 ti. ergo sicut res intelligitur ita per vocem expremitur. sed
1060 2460 1763 2516 res que deus est non distincte intelligitur. er¬
1044 2508 1780 2561 go etc ⁋ Preterea omns quod alicui significa¬
1041 2547 1760 2605 tur sub eadem ratione intelligi potest ab eo¬
1050 2587 1777 2643 dem. ergo si vox potest deum sub ratione dei¬
1047 2636 1766 2705 tatis significare viatori. viator poterit deum
