2283 3085
292 220 1010 285 idem excluditur quaelibet relatio et vnum constitutum
292 272 996 336 ex essentia et spiratione actiua. per tertiam partiulam
298 319 1005 378 excluditur quodlibet accidens. quia quodlibet accidens
286 359 995 424 siue inhereat siue non natum est inherere. Per
283 413 1005 470 quartam particulam excluditur natura assumpta a
292 450 1004 504 verbo. quia illa est a verbo sustentata. Diffinitio autem
289 498 995 549 exprimens quid nominis persone potest esse ista. Personam est
282 541 1009 586 suppositum intellectuale. Et differunt ista sicut su¬
288 586 998 648 perius et inferius. Et potest dici quod ista descripto
283 634 1005 693 persone est eadem tam cum diffinitione Boetii quam Ri
282 678 989 726 chardi. quia Boetius sic describit personam. Perso
283 717 983 778 na est rationalis nature indiuidua substantia volens in
280 762 999 816 telligere per indiuiduam substantiam suppositum substam
276 801 991 864 tiale. et per rationalem naturam intellectualem. et ideo non
271 855 990 909 intellexit per indiuiduam substantiam. tantum substantiam existentem
274 895 989 951 in praedicamento. sed omnem substantiam completam non na¬
267 938 989 997 tam constituere aliquod vnum ens. Per rationalem cre¬
271 980 993 1043 aturam intelligens naturam intellectualem. Diffini¬
280 1025 996 1083 tio autem richardi est ista quod persona est intellectu
265 1071 990 1126 alis nature incommunicabilis existentia intelligens per
268 1113 987 1173 incomnnicabilem existentiam omne illud quod non commu
262 1159 981 1220 nicatur alteri nec sicut pars. nec sicut constituti
271 1208 976 1258 uum. nec sicut accidens. nec sicut sustentatum. et ita
267 1241 980 1305 per incommunicabilem existentiam intelligitur suppositum. et ideo
267 1298 981 1347 addendo sibi quod est in tellectualis nature vult ha
262 1330 980 1398 bere quod natura est suppositum intellectuale. Ex
268 1380 989 1438 quo patet quod opinio aliorum non est conueniens quando di
268 1422 990 1487 cunt quod persona vltra naturam vel entitatem positiuam
261 1467 979 1522 nihil dicit nisi duplicem negationem duplid communi¬
268 1515 980 1573 cabilitatis. quia vt dicunt communicabile dicitur dupliciter. Uno
259 1560 977 1616 modo dicitur communicabile pluribus quod est idem cuilibet eorum.
261 1596 989 1660 ita quod quodlibet sit ipsum. sicut vniversale dicitur communicari su¬
256 1636 977 1704 is inferioribus. Alio modo communicatur aliquid vt for¬
258 1685 975 1745 ma qua aliquid est. sed non est ipsum. vt anima communicatur
265 1732 984 1790 corpori. et vtroque modo deitas est communicabilis. et
256 1770 974 1837 neutro modo est persona communicabilis. Et duplex est
265 1812 974 1879 inconicabilitas quae pertinet ad rationem persone. propter
261 1865 967 1921 quod anima separata licet habeat primam incommunicabilita
255 1905 965 1972 tem. non tamen est persona. quia non habet secundam. ⁋ Ex ista
262 1952 967 2013 opinione sequitur quod materia esset suppositum non
256 1997 971 2052 persona. quia sibi competit ista duplex incommunicabilitas
259 2042 959 2098 qui nec est communicabilis vt vniversale. nec vt forma mate
246 2085 971 2145 rie. Similiter sequeretur quod natura assumpta esset perso¬
250 2131 965 2181 na. quia neutro modo est communicabilis. quia non potest esse
246 2165 956 2229 forma alicuius nec est vnum vniversale commune multis. Simulr
250 2208 972 2274 prius ostensum est quod nihil nisi sola divina essentia est
256 2262 959 2321 communicabilis per identitatem. quia in omnibus aliis eoip¬
253 2298 957 2361 so quod aliquid communicatur alteri. non est ipsum nec econuer
244 2345 957 2411 so. et ita non communicatur sibi vt sit ipsum. Similiter sequeretur quod
249 2382 957 2453 paternitas esset suppositum vel persona formaliter. quia
243 2437 956 2490 nec est communicabilis vt vniversale nec vt forma. quia secundum istum
247 2473 960 2544 alibi. relatio nec est actus nec forma essentie.
242 2520 959 2578 ⁋ Si dicatur. sicut dicit iste alibi quod negatio du¬
244 2571 955 2622 plicis dependentie est formale in ratione persone vel
234 2613 957 2681 suppositi. scilicet negatio dependentie actualis et ne
1111 238 1818 296 gatio dependentie aptitudinalis. et ideo quod iste
1102 284 1820 345 negationes non competunt illis de quibus argutum est
1102 320 1815 390 ideo non sunt persone. Nam anime separate non potest compe¬
1105 376 1814 429 rere negatio dependentie aptitudinalis nec ma
1105 417 1815 482 terie. nec nature assumpte competit negatio de¬
1107 463 1811 518 pendentie actualis. Istud non sufficit. quia concedit
1111 505 1809 569 quod negatio duplicis incommunicabilitatis praedicte non
1096 553 1806 611 sufficit ad rationem persone. Similiter ex isto sequeretur quod
1095 589 1815 658 essentia diuina esset persona. quia sibi competit negatio
1089 645 1815 695 duplicis dependentie praedicte. quia nec essentia divina
1090 681 1814 747 dependet nec est nata dependere. et eodem modo po¬
1098 724 1809 789 test argui de qualibet relatione in diuinis. ideo
1093 766 1818 836 dico sicut prius quod persona est suppositum intelle¬
1096 816 1826 874 ctuale. et suppositum est ens completum etc. ⁋ Circa
1098 852 1826 918 secundum dico quod intentio prima vocatur res realiter ex¬
1090 900 1824 970 istens. Intentio autem secunda vocatur aliquid in anima rebus
1090 949 1809 1013 applicabile praedicale de nominibus rerum quando non habent
1089 986 1809 1052 supponem personalem sed simplicem. sicut sunt species.
1089 1037 1812 1099 genus. quae verificantur de istis terminis homo. animal
1086 1082 1803 1139 asinus lapis et huiusmodi. non quando supponunt personalit
1090 1131 1807 1187 et pro suis significatis. sed quando supponunt simpliciter
1096 1172 1802 1228 et a quolibet significato per tale terminum vere
1093 1210 1798 1276 remouetur. Utrum autem talia sint realiter et subiective
1077 1255 1799 1323 in anima. an obiectiue tantum non refert ad propositum
1093 1300 1808 1363 nec hoc spectat determinare ad logicum. quae tamen princi¬
1089 1346 1805 1403 paliter distinctionem inter nomina prime et secunde in¬
1087 1392 1798 1456 tentionis habet considerare. quia logicus praecise habet
1077 1438 1807 1499 dicere quod in ista propositione homo est species. subiectum
1090 1472 1812 1546 supponit pro vno communi et non pro aliquo significato
1081 1520 1797 1589 suo. Utrum autem illud commune sit reale vel non sit reale.
1081 1571 1802 1634 nihil ad eum. sed ad metaphisicum. Ex istis patet
1071 1612 1796 1680 quod nomen secunde intentionis est illud quod imponitur
1083 1660 1793 1712 ad significandum talia de nominibus rerum praedicabi
1084 1693 1794 1768 lia quando supponunt simpliciter et non pro suis significatur.
1086 1737 1787 1804 Ex quo patet vlterius quod nomen quod non ex ratione in¬
1084 1782 1797 1853 stitutionis pro talibus supponit sed pro aliquibus aliis
1084 1834 1794 1906 non est nomen secunde intentionis sed prime. et ideo talia
1080 1878 1800 1940 nomina. suppositum. indiuiduum. singulare. persona.
1084 1917 1797 1984 cum quantum est ex ratione institutionis semper supponunt pro¬
1077 1964 1785 2026 rebus. nec possunt pro aliis supponere quantum est ex
1072 2012 1786 2075 ratione institutionis. licet aliquando ratione alicuius adiuncti
1074 2056 1787 2119 propter quod adiunctum tota propositio est distinguenda
1078 2099 1785 2166 penes tertium modum equiuocationis. sequitur quod ta
1072 2140 1795 2208 lia nomina sunt nomina prime intentionis et non secunde.
1075 2178 1778 2245 Assumptum patet. quia in talibus propositionibus
1066 2231 1778 2293 omne suppositum est res omne singulare est substam
1067 2270 1784 2331 tia vel accidens. omnis persona est natura intellectua
1070 2311 1784 2379 lis. et in talibus vere est supposon pro rebus. quia ista
1066 2354 1782 2423 omnis persona est natura intellectualis non verifi¬
1065 2398 1785 2471 catur nisi pro rebus. et non pro quabuscumque aliis. sed ista
1065 2446 1778 2509 omnis species praedicatur de pluribus differuntibus numero.
1057 2495 1775 2550 non verificatur pro aliqua re tali. sed precise pro ali¬
1050 2542 1767 2604 quo communi predicabili de termino significante rel
1056 2592 1795 2638 quando supponit non pro rebus sed pro se. ⁋ Per predi¬
1060 2631 1775 2691 cta patet ad rationem prime opinionis quod assumptum
