2245 3077
264 201 961 272 videndum est de numero in communi quid sit. secundo de pro
262 262 952 305 posito principali. Circa primum dicitur de numero.
252 308 961 359 qui quidam est numerus consequens diuisionem continui
248 342 968 397 et quidam est numerus quae est tantum multitudo quedam
249 388 964 447 essentialis. Primus numerus ponitur certa species
254 425 958 492 quantitatis. et dicit aliquid reale additum. Secundus
250 470 970 531 numerus non est species quantitatis. Unde dicitur quod omnis
249 516 971 577 pluralitas consequitur aliquam diuisionem. Est autem
256 563 971 614 duplex diuisio. Una materialis. quae fit secundum diui¬
250 614 968 669 sionem continui. et hanc sequitur numerus qui est species
251 647 968 709 quantitatis. Unde talis numerus non est nisi in rebus
251 695 958 753 materialibus habentibus quantitatem. Alia diuisio
253 740 974 792 formalis quae per oppositas formas fit. et hanc diuis¬
245 783 965 838 sionem sequitur multitudo quae non est in aliquo gene
243 827 963 880 re: sed est de transcendentibus secundum quod esse diuiditur per
253 876 962 934 vnum et multa. et non significat aliquid super res. sicut
251 919 962 966 nec vnum quod non est principium numeri. numerus autem
243 959 961 1015 quae est species quantitatis ponit quoddam additum super
243 1012 967 1057 res. et similiter vnum quod est principium numeri. Sic
243 1043 969 1101 ergo ponitur quod est quadam numerus cosequens diuisio
239 1091 958 1154 nem cotinui. qui est quedam species quantitatis differns ab
242 1136 967 1197 aliis speciebus tam aliorum generum quam quantitatis. ⁋ Pro
243 1181 968 1240 ista opinione potest argui primo per philosophum in praedica¬
252 1216 974 1285 mentis qui ponit numerum esse speciem quantitatis dis¬
253 1266 971 1328 crete. et ex isto potest argui vltra sic. quando aliquod commune
245 1315 965 1366 diuiditur in aliqua inferiora. vbi vnumquoque inferiorum
252 1357 962 1409 diuiditur in sua inferiora. duo contenta quaecumque sub
243 1400 968 1462 praemis diuidentibus plus differunt quam quecumque duo
255 1444 968 1503 contenta sub secundis diuidentibus. sicut substantia primo
250 1499 970 1550 ma diuiditur in subiectam corpoream et in incorpoream. et
246 1535 968 1588 tam subiecta corporea quam incorporea diuiditur in sua in¬
251 1579 965 1631 feriora. et ideo quecumque duo. quorum vnum sit substantia cor¬
247 1631 965 1678 porea. et aliud substantia incorporea plius differunt quam due
256 1664 967 1715 substantiae corporee vel due incorporee. Sed quantitas
257 1706 962 1767 primo diuiditur in quantitatem continuam et discretam.
250 1749 955 1810 et vtraque subdiuiditur. ergo numerus qui est quantitas
246 1803 959 1851 discreta. et quecumque quantitas continua plus differunt
248 1839 966 1900 quam due quantitates continue. sed due quantitates con
256 1880 957 1941 tinue differunt realiter. ergo numerus et quaelibet quantitas con
252 1935 965 1991 tinua different realiter. ⁋ Secundo sic secundum philosophum. viii. me¬
253 1964 964 2027 tha. forme se habent sicut numeri. ita quod sicut addi
252 2016 965 2066 ta et subtracta quaecumque vnitate variatur species nume¬
258 2064 964 2109 ri. ita est de formis ergo numerus vere est vnum commune
249 2103 964 2159 ad multas species sub se. quod esse non posset si non dif
252 2150 965 2196 ferrent a quantitate continua. ⁋ Tertio sic. scientiae rea
252 2188 961 2250 les distincte habent subiecta realia distincta. sed
249 2235 965 2298 geometria et arithmetica sunt scientiae reales distin¬
255 2283 955 2336 cte. et subiectum arithmetice est numerus. et subie
250 2327 961 2380 ctum geometrie est quantitas continua. ergo ista realiter
261 2367 964 2419 distinguntur ⁋ Preterea. sicut scientia ad scientiam ita sub¬
259 2415 961 2469 iectum ad subiectum scientie. sed secundum philosohum id est metha. arith
264 2464 967 2509 metica est prior geometria. et secundum philosophum id est poste.
255 2502 962 2553 arithmetica demonstratio descendit in geome
258 2554 970 2602 triam. ergo subiectum est prius. Similiter secundu philosophum 1 metha.
252 2587 976 2666 arithmetica est de priori et simpliciori. ergo numerus
1060 197 1769 260 be quo est arithmetica est prior et simplicior quan¬
1072 259 1784 310 titate continua.  ⁋ Preterea illud quod habet passio¬
1065 297 1778 349 nes et proprietates et accidentia de eo demonstrabilia est
1059 339 1775 398 aliquod reale. sed numerus habet passiones proprietates et
1072 385 1778 441 accidentia et huiusmodi secundum philosophum iiii meth. et primo poste.
1068 429 1772 484 in diuersis locis. ergo numerus est aliquod vere reale.
1072 471 1766 521 Sic ergo concorditer dicitur fere ab omnibus quod numerus est
1071 513 1784 569 species quantitatis et alia a quantitate continua. et ex hoc
1062 560 1784 620 sequitur secundum aliquos quod numerus sit ens absolutum
1068 607 1781 656 quia quantitas est praedicamentum absolutum. et vlterius
1067 646 1772 704 quod sit ens reale. quia ens absolutum aliud a continuo
1067 690 1783 741 Sed difficultas apud eos in qua discordant est de
1067 735 1784 792 vnitate et forma specifica numeri. nam omnis species
1056 772 1787 828 habet aliquam formam per quam est vna specifice. Et di¬
1061 821 1787 877 cunt aliqui quod numerus habet vnitatem suam specificam
1068 873 1784 927 ab vltima vnitate. non autem absolute ab vltima
1067 910 1774 964 vnitate inquantum vnitas est. sed secundum quod habet deter
1066 951 1787 1009 minatam distantiam ad primam vnitatem. et secundum talem
1066 1001 1780 1051 distantiam ad primam vnitatem distinguuntur numeri
1068 1050 1786 1100 specifice secundum diuersas distantias. Unde talis
1059 1090 1781 1142 distantia distinguit specifice numeros. Alia
1062 1137 1780 1188 est opinio quod sicut continuitas est vnitas continui.
1062 1175 1774 1230 ita discretio est vnitas discreti. et sicut per aliam
1072 1218 1787 1269 et aliam continuitatem est alia et alia species continui.
1063 1260 1783 1322 sicut patet de linea superficie et corpore. ita secundum aliam
1061 1314 1789 1363 et aliam discretionem est alia et alia species numeri.
1071 1347 1782 1400 et sicut partes sunt materiales respectu continui
1086 1391 1774 1450 quarum omnium continuitas est forma. sic vnitates hoc
1060 1435 1793 1502 est illa sunt partes tantum materiales numeri. quarum
1066 1478 1789 1543 discretio est forma. et per talem discretionem habet nu¬
1066 1526 1772 1579 merus esse in determinata specie. et ideo numerus non
1070 1570 1783 1633 componitur ex numeris. quia vna species completa non est
1068 1612 1780 1675 pars potentionalis alterius speciei. et ideo numerus non est
1067 1657 1778 1717 pars numeri. quia discretiones sunt opposite. et per
1074 1706 1775 1760 consequens non possunt esse in eodem. et ideo numerus precise
1062 1748 1777 1805 componitur ex vnitatibus cui consonat dictum philosophi
1068 1793 1775 1843 v. meth quod sex sunt semel sex et non sunt bis tria.
1055 1832 1775 1890 ⁋ Alia est opinio quod numerus accidentalis de genere quan¬
1058 1879 1778 1932 titatis est multitudo ex vnitate profusa per diuisio
1065 1929 1777 1979 nem continui. et hoc vel aliquando extitit sub vna for
1074 1973 1784 2024 ma. vel quod natum est existere quantum est de natura
1062 2009 1785 2069 materie et forme continuitatis. Et ideo dicit quod
1071 2063 1780 2111 partium numeri siue vnitatum eius non est alia for
1062 2099 1778 2153 ma essentialis quam continuitatis in prima vnitate a qua
1074 2152 1772 2199 descinduntur siue nate sunt descindi. ⁋ Alia est opi
1071 2183 1775 2234 nio quod de quantitate nihil est extra animam. nisi quan
1063 2233 1777 2277 titas continua cuius partes diuise extra animam non
1080 2275 1789 2326 possunt habere vnitatem numeri nec vnum constituere. sed
1071 2319 1784 2369 tantum sunt hoc hoc hoc non habentia aliquam formam
1063 2370 1783 2421 numeralem. sed habent suam vnitatem ab anima. nam anima potest
1065 2411 1790 2460 accipere aliquam multitudinem et negociari circa
1079 2447 1790 2504 eam per actum suum. tota enim multitudo extra animam potest
1081 2501 1793 2547 accipi ab intellectu vt vnum intelligibile. et in¬
1075 2547 1781 2593 tellectus per actum suum accipiens vnam partem illius
1066 2574 1790 2651 multitudinis potest mensurare totam multitudinem
