2247 3054
417 175 1141 266 inteliectam illa vnitate illius intellecti. et sic co
426 251 1134 307 gnoscere totam quantitatem illius magnitudinis
422 295 1136 360 Istam autem magnitudinem intellectualem sic cogni
430 333 1129 394 tam et mensuratam potest applicare ad multitu
417 377 1145 435 dinem quae est extra. quae tantum est hoc hoc hoc. et per illam
434 421 1135 483 magnitudinem intellectualem mensurare illam extra
434 479 1132 529 quae sic mensurata extra potest denominari a multitudine
435 513 1131 570 intellectu mensurata. et sic dicitur numerus denominat
426 559 1132 612 ue a numero in anima. Et secundum hoc saluatur intentio
428 600 1136 657 Aristo. quod sicut duplex est relatio. vna realis et
422 644 1142 704 alia rationis. ita duplex est quantitas. vna realis
434 683 1142 748 quae est continua extra animam. et alia rationis quae est discreta
428 733 1136 788 in anima. quam anima mensurat per aliquid sui. et illi potest
420 782 1141 834 anima nomen imponere quod primo significabit illam
429 818 1141 875 quantiratem cuius partes sunt hoc hoc hoc. et potest anima vti il
423 865 1148 922 la quantitate intellectuali ad mensurandum aliam
424 922 1145 973 extra animam. sicut si esset omnino realis. vt sic quantum
435 950 1135 1009 ad actum mensurandi tante efficacie sit vel maio
430 1003 1144 1057 ris. sicut si esset extra animam. et secundum hoc illa quae sunt extra
438 1054 1151 1098 animam realiter possunt mensurari per illam. ⁋ Contra istas
433 1087 1141 1154 opiniones arguo primo in generali contra opinionem
432 1128 1147 1187 communem. in qua omns homines concordant communiter. Et osten
436 1177 1141 1230 do quod numerus non est aliqua res absoluta vna per se
435 1218 1150 1280 in genere distincta realiter a rebus numeratur. Pri¬
432 1264 1141 1327 mo sic. acceptis quantitatibus a bc. nullo alio
433 1318 1154 1365 addito. sed omni reali alio circumscripto. vere sunt
429 1349 1135 1411 tres quantitates sed non possunt esse tres quantitates
432 1392 1138 1454 sine numero ternario. ergo istis puta a bc. positum or
435 1443 1131 1500 alio circumscripto ponitur numerus. Si dicatur quod
441 1481 1146 1543 ille quantitates a bc. non possunt esse sine numero quae est
426 1524 1145 1586 aliquid reale. Contra. quandocumque aliqua multa in se ha¬
429 1570 1135 1628 bent quod quodlibet illorum potest esse omni alio alicuius
434 1618 1148 1679 generis determinati circumscripto. illa poterunt
432 1664 1148 1716 simul esse omni alio illius generis determinati
438 1710 1142 1759 circumscripto. sicut si quaelibet homo potest esse sine omni
434 1750 1147 1802 colore. non est impossibile istos homines esse sine omni
435 1791 1150 1843 colore. et ita vniversaliter de omnibus. sed hec quantitas po¬
438 1831 1162 1886 test esse sine forma tali absoluta. et similiter b. et similiter c.
435 1882 1147 1941 ergo a et b et c poterunt per diuinam potentiam esse sine
430 1918 1156 1975 omni tali forma. et tamen impossibile est quod sint quin sint
444 1959 1148 2018 tres. ergo vere erunt tres sine tali forma absoluta
429 2001 1147 2061 addita. ⁋ Si dicatur quod haec quantitas non potest esse si¬
432 2058 1153 2105 ne vnitate quae est aliqua forma absoluta addita. et
445 2091 1154 2155 ideo iste tres quantitates non possunt esse sine tribus
449 2136 1148 2200 vnitatibus additis ex quibus resultat forma
432 2189 1151 2247 absoluta quae est numerus ternarius. hoc non valet.
436 2224 1152 2286 Tum quia probatum est primo quod vnitas non est forma
433 2275 1151 2332 absoluta addita. Tum quia eodem modo arguo de ipsis
442 2322 1151 2372 vnitatibus si ponantur quod quaelibet illarum potest sine ta
441 2358 1148 2415 li forma absoluta addita quae sit numerus. ergo ille
446 2401 1147 2455 tres simul poterunt esse sine forma absoluta addita
434 2444 1150 2504 quae sit numerus. Si dicatur quod assumptum non est verum. quando
442 2483 1148 2542 ex ill positum nata est resultare forma aliqua. hoc n
446 2530 1153 2591 valet. tum quia alias probabitur quod etiam in compositum ex
434 2571 1154 2639 materia et forma vbi maxime videtur. non est aliqua
1239 184 1949 250 talis forma resultans. tum quia etiam in illis est assum
1248 238 1964 296 ptum verum. sicut materia potest esse sine forma tali
1239 287 1949 344 resultante secundum ponentes eam et similiter forma. et ideo per po
1244 328 1952 375 tentiam dei absolutam potest esse tam materia quam forma
1248 373 1958 421 sine tali forma resultante. sicut patet quando anima ratioalis se
1248 418 1956 469 paratur a materia sua quod vtrumque manet sine tali
1244 461 1963 515 forma absoluta. ⁋ Ex hoc arguo. maior et essentia¬
1249 503 1952 563 lior ordo est inter materiam et formam substectalem quancumque
1242 547 1952 604 quam inter vnitates accidentales. sed tam matria quam for
1247 594 1948 642 ma substantialis potest esse: et hoc simul sine tali forma resultam
1236 637 1957 685 te. ergo multo magis due vnitates possunt esse sine ta¬
1245 683 1957 737 li forma resultate. et ita sine numero. quod est impos¬
1242 724 1960 780 sibile. scilicet quod sint due sine dualitate. ⁋ Preterea.
1240 769 1955 820 numquam ex aliquibus resultat forma absoluta alterius
1239 804 1967 860 rationis ab aliquo illorum. nisi vnum illorum sit actus et re¬
1241 854 1961 905 liquum potentia. sicut patet inductiue. sed vna vnitas non
1252 899 1959 949 est potentia respectu alterius. nec econuerso. quia
1251 946 1955 997 sunt eiusdem rationis sicut et earum subiecta. ergo nullo modo
1244 987 1967 1036 ex eis resultat forma absoluta alterius rationis qualis
1244 1030 1957 1095 ponitur numerus. Nec potest dici quod numerus sit eius¬
1248 1075 1954 1128 dem rationis cum vnitatibus. quia tunc ita essent vnitates
1245 1120 1963 1183 per se in genere sic numerus. et per consequens ita vera esset
1245 1170 1967 1217 ista vnitas est quantitas sicut illa numerus est quanti¬
1252 1210 1967 1263 tas. et certum est quod vnitas non est quantitas discre
1249 1255 1964 1302 ta. ergo est quantitas continua. et per consequens numerus esset
1239 1297 1967 1342 quantitas continua. si essent eiusdem rationis cum vnita¬
1245 1348 1964 1395 ta quae est quantitas. ⁋ Preterea. numquam vna res contenta
1239 1383 1964 1437 sub vna specie est pars essentialis alicuius per se contenti
1242 1435 1961 1482 sub genere condiuisi contra eam. sed quantitas continua
1252 1472 1958 1529 est pars essentialis numeri si numerus sit per se vnum ergo etc.
1251 1513 1961 1567 Ilaaior patet. quia hoc est causa quare quaelibet forma substantialis et
1252 1563 1964 1618 etiam materia non est per se in genere. quia est pars essentia
1251 1604 1961 1656 lis alicuius existentis per se in genere. nec potest alia ratio
1252 1648 1972 1706 assignari. ergo multo magis nullum indiuiduum per se
1246 1692 1955 1745 in gene potest esse pars essentialis alterius indiuidui per
1254 1736 1974 1787 se in genere. TMinor patet. quia vnitas est pars essentialiter
1254 1786 1963 1831 numeri. si numerus sit per se vnum. sed probatum est in praece
1251 1830 1960 1875 denti quaetione. quod vnitas non est alia forma absoluta
1246 1872 1970 1921 a quantitate continua. ergo quantitas continua est pars
1260 1913 1964 1966 essentialis numeri. secundum istos. ⁋ Si dicatur quod vnitas
1255 1957 1967 2012 est forma absoluta alia a quodtitate continua. ⁋ Con¬
1251 1999 1976 2051 tra. tunc erit vnitas accidens. quaero ergo de subiecto il¬
1251 2040 1970 2097 lius vnitatis quae est forma absoluta. illud subiectum
1249 2087 1960 2137 non potest esse nisi quantitas quae est vna. et tunc quaero. aut i
1250 2131 1968 2190 la vnitas est tota in illa quanotitate et in qualibet parte il
1248 2170 1967 2227 lius quantitatis. aut tota in toto et pars in parte ⁋ Primum
1250 2219 1972 2266 non potest dari. quia nulla est forma absoluta in istis infe
1256 2259 1967 2315 rioribus indiuisibilis. et non extensa nisi sola anima intel
1258 2305 1964 2360 lectiua. Similiter tunc posset deus de potentia sua abso
1260 2353 1972 2401 luta destruere vnam partem illius quantitatis continue. et
1255 2398 1970 2443 consuare aliam partem cum suo accidente absoluto. et sic
1255 2439 1970 2490 illa pars esset vnitate totius quod est impossibile. Si autem
1252 2479 1976 2530 illa vnitas non sit tota in toto et in qualibet eius parte
1250 2527 1966 2589 ergo erit extensa et habebit partes realiter distinctas. et illa
1245 2573 1971 2635 vnitas erit vere continua: et erunt due quantitates con¬
