<?xml version="1.0" encoding="UTF-8" standalone="yes"?>
<PcGts xmlns="http://schema.primaresearch.org/PAGE/gts/pagecontent/2013-07-15" xmlns:xsi="http://www.w3.org/2001/XMLSchema-instance" xsi:schemaLocation="http://schema.primaresearch.org/PAGE/gts/pagecontent/2013-07-15 http://schema.primaresearch.org/PAGE/gts/pagecontent/2013-07-15/pagecontent.xsd">
    <Metadata>
        <Creator>prov=University of Rostock/Institute of Mathematics/CITlab|PLANET AI GmbH/Gundram Leifert/gundram.leifert@planet-ai.de:name=cod-LyXLXy-m2-withbase(htr_id=25980)::::v=2.6.6
prov=University of Rostock/Institute of Mathematics/CITlab|PLANET AI GmbH/Tobias Gruening/tobias.gruening@planet-ai.de:name=de.uros.citlab.module.baseline2polygon.B2PSeamMultiOriented:v=2.6.6
prov=University of Rostock/Institute of Mathematics/CITlab|PLANET AI GmbH/Tobias Gruening/tobias.gruening@planet-ai.de:name=/net_tf/LA73_249_0mod360.pb:de.uros.citlab.segmentation.CITlab_LA_ML:v=2.6.6
Transkribus</Creator>
        <Created>2020-08-11T01:44:34.974+02:00</Created>
        <LastChange>2020-09-05T02:10:06.733+02:00</LastChange>
        <TranskribusMetadata docId="449428" pageId="18339039" pageNr="428" tsid="39291946" status="IN_PROGRESS" userId="25065" imgUrl="https://files.transkribus.eu/Get?id=ILGOCLMBMZBQKFJJWQTNHRTI&amp;fileType=view" xmlUrl="https://files.transkribus.eu/Get?id=IMDCIMUMBFFGHWSQEXNEEDMK" imageId="13970861"/>
    </Metadata>
    <Page imageFilename="427.jpg" imageWidth="2261" imageHeight="3055">
        <ReadingOrder>
            <OrderedGroup id="ro_1599307852774" caption="Regions reading order">
                <RegionRefIndexed index="0" regionRef="r2"/>
                <RegionRefIndexed index="1" regionRef="r3"/>
            </OrderedGroup>
        </ReadingOrder>
        <TextRegion orientation="0.0" id="r2" custom="readingOrder {index:0;}">
            <Coords points="423,189 423,2694 1191,2694 1191,189"/>
            <TextLine id="r2l2" custom="readingOrder {index:0;}">
                <Coords points="418,299 724,312 1140,285 1138,237 691,268 589,251 566,271 489,252 417,277"/>
                <Baseline points="423,299 458,299 494,297 529,297 565,297 600,296 636,296 671,294 707,294 742,293 778,293 814,291 849,291 885,290 920,288 956,287 991,286 1027,285 1062,283 1098,282 1134,281"/>
                <TextEquiv>
                    <Unicode>exionum et intellectionum. Si propter secundum hoc est</Unicode>
                </TextEquiv>
            </TextLine>
            <TextLine id="r2l3" custom="readingOrder {index:1;}">
                <Coords points="438,363 1139,335 1137,297 1087,286 1000,306 436,306"/>
                <Baseline points="443,345 477,345 512,344 546,342 581,342 615,341 650,341 684,339 719,338 753,338 788,336 822,336 857,335 891,333 926,332 960,332 995,330 1029,329 1064,327 1098,325 1133,323"/>
                <TextEquiv>
                    <Unicode>impossibile. tum quia probatum est prius quod nec vnitas</Unicode>
                </TextEquiv>
            </TextLine>
            <TextLine id="r2l4" custom="readingOrder {index:2;}">
                <Coords points="427,397 1141,379 1140,336 1109,334 426,353"/>
                <Baseline points="431,387 466,387 501,387 536,387 572,387 607,386 642,384 677,384 713,383 748,381 783,381 818,380 854,378 889,377 924,377 959,375 995,374 1030,373 1065,372 1100,372 1136,371"/>
                <TextEquiv>
                    <Unicode>nec numerus addunt rem absolutam super quantitatem.</Unicode>
                </TextEquiv>
            </TextLine>
            <TextLine id="r2l5" custom="readingOrder {index:3;}">
                <Coords points="425,440 1057,437 1142,421 1141,385 423,398"/>
                <Baseline points="429,432 464,432 499,432 535,432 570,431 606,430 641,429 676,429 712,428 747,426 783,425 818,425 853,423 889,422 924,420 960,419 995,417 1030,416 1066,414 1101,413 1137,413"/>
                <TextEquiv>
                    <Unicode>Tum quia nulla poterit esse ratio quod vnitas aliquod ab¬</Unicode>
                </TextEquiv>
            </TextLine>
            <TextLine id="r2l6" custom="readingOrder {index:4;}">
                <Coords points="442,478 1141,477 1140,424 645,449 528,434 441,455"/>
                <Baseline points="447,477 481,476 515,475 550,474 584,474 619,473 653,472 688,471 722,470 757,470 791,468 825,467 860,467 894,465 929,464 963,463 998,462 1032,461 1067,459 1101,458 1136,458"/>
                <TextEquiv>
                    <Unicode>solutum addat vel numerus super quantitatem continuam</Unicode>
                </TextEquiv>
            </TextLine>
            <TextLine id="r2l7" custom="readingOrder {index:5;}">
                <Coords points="438,532 1131,513 1148,471 437,486"/>
                <Baseline points="443,521 478,521 513,519 548,518 583,518 618,516 653,516 688,515 723,515 758,513 793,513 828,512 863,511 898,510 933,509 968,508 1003,507 1038,505 1073,503 1108,502 1143,500"/>
                <TextEquiv>
                    <Unicode>quam super albedinem vel quancunque formam accidenta¬</Unicode>
                </TextEquiv>
            </TextLine>
            <TextLine id="r2l8" custom="readingOrder {index:6;}">
                <Coords points="445,572 1142,555 1141,510 1122,507 445,538"/>
                <Baseline points="450,564 484,564 518,563 553,563 587,561 621,561 656,560 690,560 724,558 759,558 793,557 827,555 862,555 896,554 930,552 965,552 999,551 1033,549 1068,548 1102,548 1137,546"/>
                <TextEquiv>
                    <Unicode>le. et hoc quia sicut non corruptis quantitatibus possunt il¬</Unicode>
                </TextEquiv>
            </TextLine>
            <TextLine id="r2l9" custom="readingOrder {index:7;}">
                <Coords points="430,616 1147,604 1146,552 429,571"/>
                <Baseline points="435,609 470,608 505,608 541,606 576,606 611,605 647,604 682,603 717,603 753,602 788,600 823,600 859,599 894,599 929,597 965,596 1000,594 1035,594 1071,593 1106,591 1142,590"/>
                <TextEquiv>
                    <Unicode>le vniri quae prius diuise erant. ita econuerso. Ex eodem</Unicode>
                </TextEquiv>
            </TextLine>
            <TextLine id="r2l10" custom="readingOrder {index:8;}">
                <Coords points="447,659 1135,641 1134,606 972,598 887,617 446,617"/>
                <Baseline points="452,653 485,653 519,651 553,651 587,650 621,650 655,648 689,648 723,647 757,645 791,645 824,644 858,642 892,642 926,641 960,639 994,639 1028,638 1062,636 1096,636 1130,635"/>
                <TextEquiv>
                    <Unicode>portet quod non potest dari tertium ⁋ Contra secundam arguo</Unicode>
                </TextEquiv>
            </TextLine>
            <TextLine id="r2l11" custom="readingOrder {index:9;}">
                <Coords points="444,711 1145,682 1144,651 1001,645 652,653 552,677 443,660"/>
                <Baseline points="449,698 483,696 518,696 552,695 587,693 621,693 656,693 690,692 725,690 759,690 794,689 829,689 863,687 898,686 932,685 967,684 1001,683 1036,682 1070,680 1105,680 1140,678"/>
                <TextEquiv>
                    <Unicode>quia quaero. aut illa distantia est aliquod absolutum aut</Unicode>
                </TextEquiv>
            </TextLine>
            <TextLine id="r2l12" custom="readingOrder {index:10;}">
                <Coords points="431,749 1053,744 1142,726 1142,700 1093,682 430,715"/>
                <Baseline points="435,741 470,740 505,740 540,738 575,738 610,737 645,737 680,735 715,735 750,734 786,734 821,732 856,732 891,731 926,731 961,729 996,728 1031,728 1066,726 1101,725 1137,723"/>
                <TextEquiv>
                    <Unicode>respectiuum. non potest dari quod sit absolutum. quia quaero in</Unicode>
                </TextEquiv>
            </TextLine>
            <TextLine id="r2l13" custom="readingOrder {index:11;}">
                <Coords points="436,792 1120,785 1151,775 1150,734 435,760"/>
                <Baseline points="441,786 476,785 511,783 546,782 581,782 617,780 652,780 687,779 722,779 757,779 793,777 828,777 863,776 898,775 933,774 969,773 1004,773 1039,771 1074,770 1109,769 1145,767"/>
                <TextEquiv>
                    <Unicode>quo sit subiectiue. et arguo sicut prius. Aut est to¬</Unicode>
                </TextEquiv>
            </TextLine>
            <TextLine id="r2l14" custom="readingOrder {index:12;}">
                <Coords points="441,838 1077,828 1148,816 1148,783 440,797"/>
                <Baseline points="446,828 480,828 515,828 550,827 585,827 620,825 655,825 689,825 724,824 759,823 794,822 829,821 864,821 899,819 933,818 968,816 1003,816 1038,815 1073,813 1108,812 1143,810"/>
                <TextEquiv>
                    <Unicode>ta in toto et in qualibet parte. aut in nulla parte. aut</Unicode>
                </TextEquiv>
            </TextLine>
            <TextLine id="r2l15" custom="readingOrder {index:13;}">
                <Coords points="439,875 761,886 810,866 884,882 1147,863 1136,815 439,844"/>
                <Baseline points="444,872 478,871 513,870 548,870 583,870 618,870 653,869 688,869 723,867 758,867 793,866 827,866 862,864 897,863 932,862 967,861 1002,860 1037,859 1072,858 1107,857 1142,855"/>
                <TextEquiv>
                    <Unicode>vna pars in vno et alia in alio. et nullum illorum potest</Unicode>
                </TextEquiv>
            </TextLine>
            <TextLine id="r2l16" custom="readingOrder {index:14;}">
                <Coords points="439,928 1150,906 1149,874 1115,863 815,888 787,871 438,876"/>
                <Baseline points="444,917 479,915 514,915 549,915 584,915 619,915 654,914 689,914 724,914 759,912 794,912 829,911 864,911 899,909 934,908 969,907 1004,905 1039,903 1074,902 1109,900 1145,899"/>
                <TextEquiv>
                    <Unicode>dari. Nec potest dici quod sit respectus. quia quaero de fun</Unicode>
                </TextEquiv>
            </TextLine>
            <TextLine id="r2l17" custom="readingOrder {index:15;}">
                <Coords points="447,970 1144,962 1150,905 446,925"/>
                <Baseline points="452,960 486,960 521,960 555,960 590,960 625,959 659,959 694,957 729,957 763,956 798,955 833,954 867,953 902,953 937,951 971,950 1006,949 1041,948 1075,947 1110,945 1145,944"/>
                <TextEquiv>
                    <Unicode>damento et termino illius respectus. et oportet dare vnum</Unicode>
                </TextEquiv>
            </TextLine>
            <TextLine id="r2l18" custom="readingOrder {index:16;}">
                <Coords points="448,1010 999,1009 1051,990 1106,1010 1147,993 1146,961 1104,952 447,970"/>
                <Baseline points="453,1005 487,1005 521,1005 556,1004 590,1004 625,1004 659,1002 694,1002 728,1001 763,999 797,998 831,998 866,996 900,995 935,994 969,993 1004,992 1038,991 1073,990 1107,990 1142,989"/>
                <TextEquiv>
                    <Unicode>fundamentum et vnum terminum vt fiat vnus respe</Unicode>
                </TextEquiv>
            </TextLine>
            <TextLine id="r2l19" custom="readingOrder {index:17;}">
                <Coords points="450,1064 1160,1038 1159,1005 1129,996 449,1012"/>
                <Baseline points="455,1049 491,1049 528,1047 565,1047 602,1046 638,1046 675,1046 712,1044 749,1044 786,1043 822,1043 859,1042 896,1041 933,1040 970,1039 1006,1038 1043,1037 1080,1035 1117,1034 1154,1031"/>
                <TextEquiv>
                    <Unicode>ctus numero. et manifestum est quod non potest dari. quia in</Unicode>
                </TextEquiv>
            </TextLine>
            <TextLine id="r2l20" custom="readingOrder {index:18;}">
                <Coords points="454,1098 1126,1094 1154,1081 1153,1036 453,1065"/>
                <Baseline points="459,1092 493,1092 528,1092 562,1092 597,1091 631,1091 666,1090 700,1089 735,1089 769,1088 804,1088 838,1086 873,1085 907,1085 942,1083 976,1082 1011,1080 1045,1079 1080,1077 1114,1076 1149,1074"/>
                <TextEquiv>
                    <Unicode>ternario neccessario sunt plura quam vnus respectus et vnus</Unicode>
                </TextEquiv>
            </TextLine>
            <TextLine id="r2l21" custom="readingOrder {index:19;}">
                <Coords points="450,1145 1156,1127 1155,1083 1097,1078 752,1110 449,1100"/>
                <Baseline points="455,1136 489,1137 524,1137 559,1136 594,1136 629,1136 663,1134 698,1134 733,1133 768,1132 803,1131 837,1130 872,1129 907,1127 942,1127 977,1125 1011,1124 1046,1123 1081,1122 1116,1121 1151,1121"/>
                <TextEquiv>
                    <Unicode>terminus. Similiter non potest dari quare plus vnum illorum</Unicode>
                </TextEquiv>
            </TextLine>
            <TextLine id="r2l22" custom="readingOrder {index:20;}">
                <Coords points="454,1194 1150,1172 1149,1137 1123,1128 453,1147"/>
                <Baseline points="459,1182 493,1181 527,1181 561,1179 596,1179 630,1178 664,1178 699,1176 733,1176 767,1176 802,1175 836,1173 870,1173 904,1172 939,1171 973,1170 1007,1169 1042,1167 1076,1166 1110,1164 1145,1163"/>
                <TextEquiv>
                    <Unicode>sit fundamentum vel terminus quam aliud. et ita oportet da</Unicode>
                </TextEquiv>
            </TextLine>
            <TextLine id="r2l23" custom="readingOrder {index:21;}">
                <Coords points="460,1235 1103,1212 1147,1228 1155,1174 459,1194"/>
                <Baseline points="465,1224 499,1224 533,1224 567,1224 602,1224 636,1223 670,1223 705,1221 739,1221 773,1220 808,1218 842,1218 876,1217 910,1215 945,1214 979,1213 1013,1212 1048,1211 1082,1211 1116,1209 1151,1209"/>
                <TextEquiv>
                    <Unicode>re vel quod quodlibet illorum sit tam fundamentum quam</Unicode>
                </TextEquiv>
            </TextLine>
            <TextLine id="r2l24" custom="readingOrder {index:22;}">
                <Coords points="443,1276 779,1284 970,1261 996,1277 1135,1266 1150,1226 442,1238"/>
                <Baseline points="447,1269 481,1269 516,1269 551,1268 586,1268 621,1268 656,1266 691,1266 726,1265 761,1263 796,1263 830,1262 865,1261 900,1260 935,1259 970,1257 1005,1257 1040,1256 1075,1254 1110,1254 1145,1253"/>
                <TextEquiv>
                    <Unicode>terminus. vel nullum. ⁋ Per idem contra tertiam op</Unicode>
                </TextEquiv>
            </TextLine>
            <TextLine id="r2l25" custom="readingOrder {index:23;}">
                <Coords points="449,1322 1112,1318 1160,1301 1159,1259 447,1276"/>
                <Baseline points="453,1314 488,1313 523,1313 558,1311 593,1311 628,1311 663,1310 698,1310 733,1308 768,1307 804,1307 839,1305 874,1305 909,1304 944,1302 979,1301 1014,1299 1049,1298 1084,1297 1119,1296 1155,1295"/>
                <TextEquiv>
                    <Unicode>nionem de discretione. quia ista discretio aut est: ali¬</Unicode>
                </TextEquiv>
            </TextLine>
            <TextLine id="r2l26" custom="readingOrder {index:24;}">
                <Coords points="444,1366 657,1355 724,1374 1158,1345 1147,1302 443,1331"/>
                <Baseline points="449,1358 484,1358 519,1356 554,1356 589,1355 624,1355 659,1353 695,1353 730,1352 765,1350 800,1350 835,1349 870,1349 905,1347 941,1346 976,1345 1011,1344 1046,1343 1081,1342 1116,1341 1152,1340"/>
                <TextEquiv>
                    <Unicode>quod absolutum et arguo sicut prius. Aut est respectus</Unicode>
                </TextEquiv>
            </TextLine>
            <TextLine id="r2l27" custom="readingOrder {index:25;}">
                <Coords points="442,1404 1037,1404 1166,1391 1165,1347 441,1364"/>
                <Baseline points="447,1401 482,1401 518,1401 554,1400 589,1400 625,1398 661,1398 696,1397 732,1397 768,1395 804,1395 839,1394 875,1392 911,1392 946,1391 982,1389 1018,1388 1053,1388 1089,1386 1125,1385 1161,1383"/>
                <TextEquiv>
                    <Unicode>et quaero de fundamento illius respectus. non potest dari</Unicode>
                </TextEquiv>
            </TextLine>
            <TextLine id="r2l28" custom="readingOrder {index:26;}">
                <Coords points="442,1455 1109,1441 1160,1433 1159,1388 870,1412 440,1404"/>
                <Baseline points="446,1445 481,1445 516,1445 552,1445 587,1445 623,1443 658,1443 694,1442 729,1440 765,1440 800,1439 835,1437 871,1436 906,1434 942,1434 977,1433 1013,1431 1048,1431 1084,1430 1119,1430 1155,1428"/>
                <TextEquiv>
                    <Unicode>aliquod vnum determinatum nec vnus terminus determi¬</Unicode>
                </TextEquiv>
            </TextLine>
            <TextLine id="r2l29" custom="readingOrder {index:27;}">
                <Coords points="448,1497 1166,1485 1158,1433 447,1456"/>
                <Baseline points="453,1491 488,1490 523,1490 559,1490 594,1488 629,1487 665,1487 700,1485 735,1484 771,1483 806,1482 841,1481 877,1479 912,1478 947,1478 983,1476 1018,1475 1053,1475 1089,1473 1124,1473 1160,1472"/>
                <TextEquiv>
                    <Unicode>natus. nec potest dari quod quodlibet illorum sit fundamen</Unicode>
                </TextEquiv>
            </TextLine>
            <TextLine id="r2l30" custom="readingOrder {index:28;}">
                <Coords points="461,1544 1166,1520 1165,1488 1075,1478 460,1508"/>
                <Baseline points="465,1536 499,1535 534,1535 569,1533 604,1532 639,1530 673,1530 708,1529 743,1527 778,1526 813,1525 847,1524 882,1524 917,1523 952,1521 987,1521 1021,1520 1056,1518 1091,1518 1126,1517 1161,1515"/>
                <TextEquiv>
                    <Unicode>tum. quia semper ad variationem tam fundamenti quam ter¬</Unicode>
                </TextEquiv>
            </TextLine>
            <TextLine id="r2l31" custom="readingOrder {index:29;}">
                <Coords points="462,1589 1160,1565 1158,1520 461,1544"/>
                <Baseline points="467,1577 501,1577 535,1577 570,1577 604,1577 638,1575 673,1575 707,1574 741,1573 776,1572 810,1571 844,1570 879,1569 913,1567 947,1566 982,1565 1016,1563 1050,1563 1085,1560 1119,1560 1154,1559"/>
                <TextEquiv>
                    <Unicode>mini variatur respectus. et per consequens illa discretio non</Unicode>
                </TextEquiv>
            </TextLine>
            <TextLine id="r2l32" custom="readingOrder {index:30;}">
                <Coords points="456,1639 1138,1620 1156,1569 455,1596"/>
                <Baseline points="461,1622 495,1622 530,1622 564,1620 599,1620 633,1619 668,1619 702,1617 737,1616 771,1616 806,1614 841,1613 875,1612 910,1611 944,1610 979,1609 1013,1608 1048,1607 1082,1607 1117,1605 1152,1605"/>
                <TextEquiv>
                    <Unicode>est vna res numero ⁋ Contra quartam opinionem. Si</Unicode>
                </TextEquiv>
            </TextLine>
            <TextLine id="r2l33" custom="readingOrder {index:31;}">
                <Coords points="448,1681 1173,1657 1156,1608 447,1639"/>
                <Baseline points="453,1668 488,1667 524,1667 560,1665 595,1665 631,1664 667,1664 702,1662 738,1661 774,1659 810,1658 845,1658 881,1656 917,1655 952,1654 988,1653 1024,1652 1059,1652 1095,1651 1131,1650 1167,1650"/>
                <TextEquiv>
                    <Unicode>telligit numerum esse aliquam vnam rem distincte speciei</Unicode>
                </TextEquiv>
            </TextLine>
            <TextLine id="r2l34" custom="readingOrder {index:32;}">
                <Coords points="462,1718 1167,1700 1145,1661 461,1674"/>
                <Baseline points="467,1712 501,1710 536,1710 571,1709 605,1709 640,1707 675,1706 709,1706 744,1704 779,1703 814,1703 848,1701 883,1701 918,1700 952,1698 987,1698 1022,1697 1056,1696 1091,1695 1126,1694 1161,1692"/>
                <TextEquiv>
                    <Unicode>ab aliis rebus est omnino irrationalis. quia omnis res vna di</Unicode>
                </TextEquiv>
            </TextLine>
            <TextLine id="r2l35" custom="readingOrder {index:33;}">
                <Coords points="457,1765 1165,1746 1164,1703 1133,1701 645,1708 585,1730 456,1717"/>
                <Baseline points="462,1752 496,1752 531,1753 566,1752 601,1752 636,1752 671,1751 706,1751 741,1749 776,1748 811,1748 845,1746 880,1745 915,1743 950,1743 985,1742 1020,1740 1055,1740 1090,1740 1125,1739 1160,1739"/>
                <TextEquiv>
                    <Unicode>stincta realiter ab aliis rebus est aliqua materia vel</Unicode>
                </TextEquiv>
            </TextLine>
            <TextLine id="r2l36" custom="readingOrder {index:34;}">
                <Coords points="454,1807 971,1788 1083,1804 1167,1796 1166,1755 453,1768"/>
                <Baseline points="459,1797 494,1797 529,1796 564,1796 599,1796 634,1794 669,1794 704,1793 739,1793 774,1792 810,1791 845,1790 880,1790 915,1788 950,1788 985,1787 1020,1786 1055,1785 1090,1784 1125,1783 1161,1782"/>
                <TextEquiv>
                    <Unicode>aliqua forma vel aliquod compositum. et quodcumque illorum</Unicode>
                </TextEquiv>
            </TextLine>
            <TextLine id="r2l37" custom="readingOrder {index:35;}">
                <Coords points="463,1854 1169,1835 1149,1787 462,1807"/>
                <Baseline points="468,1839 502,1839 537,1839 572,1839 607,1838 642,1838 676,1837 711,1836 746,1835 781,1835 816,1833 850,1833 885,1832 920,1830 955,1829 990,1829 1024,1827 1059,1827 1094,1826 1129,1824 1164,1824"/>
                <TextEquiv>
                    <Unicode>detur habetur propositum. Si autem intelligat quod non sit</Unicode>
                </TextEquiv>
            </TextLine>
            <TextLine id="r2l38" custom="readingOrder {index:36;}">
                <Coords points="472,1890 1167,1872 1166,1840 1089,1829 1047,1846 471,1852"/>
                <Baseline points="477,1884 511,1883 545,1881 579,1881 613,1880 648,1878 682,1878 716,1878 750,1877 784,1877 819,1875 853,1875 887,1874 921,1874 955,1872 990,1872 1024,1871 1058,1869 1092,1868 1126,1868 1161,1866"/>
                <TextEquiv>
                    <Unicode>vna res numero. vera est vt videtur. sed tunc non plus</Unicode>
                </TextEquiv>
            </TextLine>
            <TextLine id="r2l39" custom="readingOrder {index:37;}">
                <Coords points="472,1935 1163,1925 1177,1871 470,1892"/>
                <Baseline points="476,1928 510,1926 545,1925 580,1923 615,1923 650,1922 685,1920 719,1920 754,1919 789,1919 824,1918 859,1917 894,1916 929,1916 963,1914 998,1914 1033,1913 1068,1911 1103,1911 1138,1910 1173,1908"/>
                <TextEquiv>
                    <Unicode>erit talis numerus de genere quantitatis quam numerus quali</Unicode>
                </TextEquiv>
            </TextLine>
            <TextLine id="r2l40" custom="readingOrder {index:38;}">
                <Coords points="459,1980 1167,1961 1165,1921 457,1933"/>
                <Baseline points="464,1971 498,1971 533,1970 568,1968 603,1967 638,1967 673,1965 707,1964 742,1963 777,1962 812,1961 847,1959 882,1958 917,1958 951,1956 986,1955 1021,1955 1056,1953 1091,1953 1126,1953 1161,1953"/>
                <TextEquiv>
                    <Unicode>tatum de genere qualitatis. Similiter in alio deficit. quia to</Unicode>
                </TextEquiv>
            </TextLine>
            <TextLine id="r2l41" custom="readingOrder {index:39;}">
                <Coords points="458,2025 1115,2010 1165,2000 1164,1960 456,1984"/>
                <Baseline points="462,2018 496,2016 531,2014 566,2013 601,2012 636,2010 671,2009 706,2007 741,2006 776,2004 811,2004 845,2003 880,2001 915,2001 950,2000 985,2000 1020,1998 1055,1998 1090,1998 1125,1998 1160,1997"/>
                <TextEquiv>
                    <Unicode>taliter accidit numero aliquomo accidentali quod omnis</Unicode>
                </TextEquiv>
            </TextLine>
            <TextLine id="r2l42" custom="readingOrder {index:40;}">
                <Coords points="474,2069 1181,2047 1161,2001 473,2028"/>
                <Baseline points="479,2060 513,2058 548,2057 583,2055 618,2054 653,2052 688,2051 722,2049 757,2049 792,2048 827,2046 862,2046 897,2045 932,2043 966,2043 1001,2042 1036,2042 1071,2041 1106,2040 1141,2040 1176,2040"/>
                <TextEquiv>
                    <Unicode>vna descindantur ab vno. sed sufficit quod quodlibet il¬</Unicode>
                </TextEquiv>
            </TextLine>
            <TextLine id="r2l43" custom="readingOrder {index:41;}">
                <Coords points="472,2110 1162,2096 1174,2053 471,2070"/>
                <Baseline points="477,2103 511,2102 546,2101 580,2100 615,2099 650,2098 684,2097 719,2096 754,2094 788,2093 823,2092 858,2091 892,2090 927,2088 962,2088 996,2087 1031,2085 1066,2085 1100,2085 1135,2085 1170,2085"/>
                <TextEquiv>
                    <Unicode>lorum sit vnum vnitate accidentali: de quae dictum est in</Unicode>
                </TextEquiv>
            </TextLine>
            <TextLine id="r2l44" custom="readingOrder {index:42;}">
                <Coords points="472,2158 1177,2137 1176,2094 1136,2089 471,2112"/>
                <Baseline points="477,2148 511,2147 546,2145 581,2145 616,2144 650,2142 685,2141 720,2141 755,2139 789,2138 824,2137 859,2136 894,2135 928,2134 963,2133 998,2132 1033,2132 1067,2130 1102,2130 1137,2130 1172,2129"/>
                <TextEquiv>
                    <Unicode>quaestione praecedenti. ⁋ Contra aliam opinionem. non vi¬</Unicode>
                </TextEquiv>
            </TextLine>
            <TextLine id="r2l45" custom="readingOrder {index:43;}">
                <Coords points="477,2202 1168,2187 1183,2134 476,2157"/>
                <Baseline points="482,2192 516,2190 551,2190 586,2189 621,2187 656,2187 691,2186 725,2184 760,2183 795,2183 830,2181 865,2181 900,2180 935,2179 969,2178 1004,2177 1039,2177 1074,2175 1109,2175 1144,2174 1179,2172"/>
                <TextEquiv>
                    <Unicode>detur rationale quod sit talis numerus quantitatum plus quam aliarum</Unicode>
                </TextEquiv>
            </TextLine>
            <TextLine id="r2l46" custom="readingOrder {index:44;}">
                <Coords points="478,2250 1100,2220 1147,2236 1174,2224 1173,2190 476,2208"/>
                <Baseline points="482,2235 516,2235 550,2234 585,2234 619,2232 653,2232 688,2231 722,2229 756,2229 791,2227 825,2226 859,2225 894,2225 928,2223 962,2222 997,2222 1031,2220 1065,2220 1100,2219 1134,2219 1169,2217"/>
                <TextEquiv>
                    <Unicode>rerum. quia ita potest intellectus sic capere diuersas substantias</Unicode>
                </TextEquiv>
            </TextLine>
            <TextLine id="r2l47" custom="readingOrder {index:45;}">
                <Coords points="473,2294 1172,2266 1171,2237 1104,2221 472,2253"/>
                <Baseline points="477,2280 511,2280 546,2279 580,2276 615,2275 649,2274 684,2273 718,2271 753,2271 787,2270 822,2269 856,2268 891,2267 925,2267 960,2267 994,2265 1029,2265 1063,2264 1098,2264 1132,2264 1167,2262"/>
                <TextEquiv>
                    <Unicode>vel alias res sicut diuersas quantitates. Similiter non</Unicode>
                </TextEquiv>
            </TextLine>
            <TextLine id="r2l48" custom="readingOrder {index:46;}">
                <Coords points="469,2332 1121,2325 1178,2311 1177,2267 468,2299"/>
                <Baseline points="474,2324 510,2322 547,2321 584,2320 621,2319 657,2318 694,2316 731,2316 768,2315 805,2313 841,2313 878,2312 915,2312 952,2310 989,2309 1025,2309 1062,2307 1099,2307 1136,2306 1173,2304"/>
                <TextEquiv>
                    <Unicode>est talis duplex quantitas realis et rationis. non plus quam est</Unicode>
                </TextEquiv>
            </TextLine>
            <TextLine id="r2l49" custom="readingOrder {index:47;}">
                <Coords points="478,2379 1190,2362 1188,2309 477,2336"/>
                <Baseline points="483,2370 518,2368 553,2366 588,2364 623,2363 658,2361 693,2360 728,2359 763,2358 798,2357 834,2357 869,2355 904,2355 939,2354 974,2353 1009,2352 1044,2351 1079,2350 1114,2349 1149,2348 1185,2346"/>
                <TextEquiv>
                    <Unicode>duplex substantia realis et rationis. vel duplex albedo realiter</Unicode>
                </TextEquiv>
            </TextLine>
            <TextLine id="r2l50" custom="readingOrder {index:48;}">
                <Coords points="466,2417 1184,2399 1161,2354 465,2379"/>
                <Baseline points="471,2409 506,2409 541,2409 577,2408 612,2406 648,2406 683,2405 718,2404 754,2403 789,2402 825,2400 860,2400 895,2398 931,2397 966,2396 1002,2394 1037,2394 1072,2393 1108,2393 1143,2391 1179,2391"/>
                <TextEquiv>
                    <Unicode>et rationis. Nec etiam est talis duplex relatio realis et rationis</Unicode>
                </TextEquiv>
            </TextLine>
            <TextLine id="r2l51" custom="readingOrder {index:49;}">
                <Coords points="475,2469 727,2450 771,2470 933,2440 1125,2454 1189,2440 1188,2398 473,2421"/>
                <Baseline points="480,2457 515,2456 550,2454 585,2453 620,2452 656,2451 691,2450 726,2448 761,2447 796,2445 832,2444 867,2442 902,2442 937,2441 972,2439 1008,2438 1043,2438 1078,2436 1113,2436 1148,2436 1184,2435"/>
                <TextEquiv>
                    <Unicode>sicut postea ostendetur. ⁋ Ideo praeter istas opinion posset</Unicode>
                </TextEquiv>
            </TextLine>
            <TextLine id="r2l52" custom="readingOrder {index:50;}">
                <Coords points="481,2510 947,2486 975,2503 1000,2485 1051,2500 1181,2484 1180,2442 479,2473"/>
                <Baseline points="485,2499 519,2499 554,2498 588,2496 623,2495 657,2495 692,2493 726,2492 761,2490 795,2489 830,2487 865,2486 899,2485 934,2484 968,2483 1003,2481 1037,2480 1072,2480 1106,2480 1141,2478 1176,2478"/>
                <TextEquiv>
                    <Unicode>esse alia opinine si aliquis vellet eam tenere quod numerus non</Unicode>
                </TextEquiv>
            </TextLine>
            <TextLine id="r2l53" custom="readingOrder {index:51;}">
                <Coords points="472,2550 1153,2536 1187,2521 1186,2485 470,2509"/>
                <Baseline points="477,2544 512,2543 547,2541 582,2541 618,2539 653,2538 688,2537 723,2535 759,2534 794,2532 829,2531 864,2531 900,2529 935,2528 970,2526 1005,2525 1041,2525 1076,2523 1111,2522 1146,2522 1182,2522"/>
                <TextEquiv>
                    <Unicode>est aliqua res vna distincta realiter ab aliis rebus. Sed</Unicode>
                </TextEquiv>
            </TextLine>
            <TextLine id="r2l54" custom="readingOrder {index:52;}">
                <Coords points="474,2600 1189,2578 1187,2521 919,2551 850,2533 473,2551"/>
                <Baseline points="479,2588 514,2588 549,2586 584,2585 620,2583 655,2582 690,2582 725,2580 761,2579 796,2577 831,2576 866,2575 902,2574 937,2573 972,2572 1007,2571 1043,2570 1078,2569 1113,2568 1148,2568 1184,2567"/>
                <TextEquiv>
                    <Unicode>sicut non est verum dicere proprie loquendo pplturons est homo.</Unicode>
                </TextEquiv>
            </TextLine>
            <TextLine id="r2l55" custom="readingOrder {index:53;}">
                <Coords points="481,2640 1191,2618 1189,2578 1108,2570 1027,2591 882,2575 841,2595 480,2599"/>
                <Baseline points="486,2631 522,2631 559,2630 596,2628 633,2627 669,2626 706,2625 743,2623 780,2622 817,2621 853,2619 890,2618 927,2616 964,2616 1001,2615 1037,2614 1074,2613 1111,2612 1148,2612 1185,2610"/>
                <TextEquiv>
                    <Unicode>vel ppoisohus est animal vel ens. sed potest aliquo modo concedi</Unicode>
                </TextEquiv>
            </TextLine>
            <TextLine id="r2l56" custom="readingOrder {index:54;}">
                <Coords points="463,2685 519,2704 726,2674 1197,2674 1184,2616 462,2654"/>
                <Baseline points="468,2684 504,2682 540,2680 576,2678 612,2676 648,2673 684,2672 721,2671 757,2669 793,2667 829,2666 865,2666 901,2664 937,2663 974,2663 1010,2661 1046,2661 1082,2660 1118,2660 1154,2658 1191,2658"/>
                <TextEquiv>
                    <Unicode>quod pplorso est homines vel plurs est animalia. et per consequens pplurs</Unicode>
                </TextEquiv>
            </TextLine>
            <TextEquiv>
                <Unicode>exionum et intellectionum. Si propter secundum hoc est
impossibile. tum quia probatum est prius quod nec vnitas
nec numerus addunt rem absolutam super quantitatem.
Tum quia nulla poterit esse ratio quod vnitas aliquod ab¬
solutum addat vel numerus super quantitatem continuam
quam super albedinem vel quancunque formam accidenta¬
le. et hoc quia sicut non corruptis quantitatibus possunt il¬
le vniri quae prius diuise erant. ita econuerso. Ex eodem
portet quod non potest dari tertium ⁋ Contra secundam arguo
quia quaero. aut illa distantia est aliquod absolutum aut
respectiuum. non potest dari quod sit absolutum. quia quaero in
quo sit subiectiue. et arguo sicut prius. Aut est to¬
ta in toto et in qualibet parte. aut in nulla parte. aut
vna pars in vno et alia in alio. et nullum illorum potest
dari. Nec potest dici quod sit respectus. quia quaero de fun
damento et termino illius respectus. et oportet dare vnum
fundamentum et vnum terminum vt fiat vnus respe
ctus numero. et manifestum est quod non potest dari. quia in
ternario neccessario sunt plura quam vnus respectus et vnus
terminus. Similiter non potest dari quare plus vnum illorum
sit fundamentum vel terminus quam aliud. et ita oportet da
re vel quod quodlibet illorum sit tam fundamentum quam
terminus. vel nullum. ⁋ Per idem contra tertiam op
nionem de discretione. quia ista discretio aut est: ali¬
quod absolutum et arguo sicut prius. Aut est respectus
et quaero de fundamento illius respectus. non potest dari
aliquod vnum determinatum nec vnus terminus determi¬
natus. nec potest dari quod quodlibet illorum sit fundamen
tum. quia semper ad variationem tam fundamenti quam ter¬
mini variatur respectus. et per consequens illa discretio non
est vna res numero ⁋ Contra quartam opinionem. Si
telligit numerum esse aliquam vnam rem distincte speciei
ab aliis rebus est omnino irrationalis. quia omnis res vna di
stincta realiter ab aliis rebus est aliqua materia vel
aliqua forma vel aliquod compositum. et quodcumque illorum
detur habetur propositum. Si autem intelligat quod non sit
vna res numero. vera est vt videtur. sed tunc non plus
erit talis numerus de genere quantitatis quam numerus quali
tatum de genere qualitatis. Similiter in alio deficit. quia to
taliter accidit numero aliquomo accidentali quod omnis
vna descindantur ab vno. sed sufficit quod quodlibet il¬
lorum sit vnum vnitate accidentali: de quae dictum est in
quaestione praecedenti. ⁋ Contra aliam opinionem. non vi¬
detur rationale quod sit talis numerus quantitatum plus quam aliarum
rerum. quia ita potest intellectus sic capere diuersas substantias
vel alias res sicut diuersas quantitates. Similiter non
est talis duplex quantitas realis et rationis. non plus quam est
duplex substantia realis et rationis. vel duplex albedo realiter
et rationis. Nec etiam est talis duplex relatio realis et rationis
sicut postea ostendetur. ⁋ Ideo praeter istas opinion posset
esse alia opinine si aliquis vellet eam tenere quod numerus non
est aliqua res vna distincta realiter ab aliis rebus. Sed
sicut non est verum dicere proprie loquendo pplturons est homo.
vel ppoisohus est animal vel ens. sed potest aliquo modo concedi
quod pplorso est homines vel plurs est animalia. et per consequens pplurs</Unicode>
            </TextEquiv>
        </TextRegion>
        <TextRegion orientation="0.0" id="r3" custom="readingOrder {index:1;}">
            <Coords points="1248,173 1248,2664 1998,2664 1998,173"/>
            <TextLine id="r3l2" custom="readingOrder {index:0;}">
                <Coords points="1243,283 1961,271 1960,213 1896,209 1814,244 1688,213 1588,240 1243,238"/>
                <Baseline points="1248,276 1283,276 1318,275 1354,275 1389,275 1425,275 1460,273 1495,273 1531,273 1566,272 1602,272 1637,272 1672,271 1708,270 1743,270 1779,269 1814,269 1849,267 1885,267 1920,266 1956,266"/>
                <TextEquiv>
                    <Unicode>est entia. ita non potest concedi quod numerus est quantitas</Unicode>
                </TextEquiv>
            </TextLine>
            <TextLine id="r3l3" custom="readingOrder {index:1;}">
                <Coords points="1246,324 1874,330 1964,312 1964,270 1246,282"/>
                <Baseline points="1251,321 1286,321 1321,320 1357,320 1392,320 1428,318 1463,318 1498,318 1534,317 1569,317 1605,317 1640,315 1675,315 1711,314 1746,314 1782,314 1817,312 1852,312 1888,311 1923,311 1959,309"/>
                <TextEquiv>
                    <Unicode>si quantitas sit res vna et praecise supponat pro rebus</Unicode>
                </TextEquiv>
            </TextLine>
            <TextLine id="r3l4" custom="readingOrder {index:2;}">
                <Coords points="1247,379 1899,367 1949,361 1949,319 1246,331"/>
                <Baseline points="1251,365 1285,365 1320,363 1354,363 1389,363 1424,362 1458,362 1493,362 1528,362 1562,360 1597,360 1632,360 1666,359 1701,359 1736,359 1770,357 1805,357 1840,356 1874,356 1909,355 1944,354"/>
                <TextEquiv>
                    <Unicode>quarum quaelibet est simpliciter vna. sed si illo modo acciper</Unicode>
                </TextEquiv>
            </TextLine>
            <TextLine id="r3l5" custom="readingOrder {index:3;}">
                <Coords points="1246,429 1879,401 1935,416 1961,399 1961,359 1245,380"/>
                <Baseline points="1250,411 1285,410 1320,409 1355,408 1391,408 1426,407 1461,407 1497,407 1532,406 1567,405 1603,405 1638,405 1673,404 1708,404 1744,402 1779,402 1814,401 1850,401 1885,399 1920,398 1956,396"/>
                <TextEquiv>
                    <Unicode>quantitates posset aliquo modo concedi quod numerus est quam¬</Unicode>
                </TextEquiv>
            </TextLine>
            <TextLine id="r3l6" custom="readingOrder {index:4;}">
                <Coords points="1255,460 1885,461 1959,450 1958,406 1254,424"/>
                <Baseline points="1260,452 1294,452 1329,452 1363,452 1398,452 1433,452 1467,452 1502,452 1537,450 1571,450 1606,449 1641,449 1675,447 1710,446 1745,446 1779,444 1814,444 1849,443 1883,443 1918,441 1953,441"/>
                <TextEquiv>
                    <Unicode>titates. et ita quod numerus est res pliciter et non singularitur</Unicode>
                </TextEquiv>
            </TextLine>
            <TextLine id="r3l7" custom="readingOrder {index:5;}">
                <Coords points="1264,503 1961,494 1960,452 1910,448 1536,469 1263,456"/>
                <Baseline points="1269,498 1303,497 1337,497 1372,496 1406,495 1440,495 1475,494 1509,494 1543,494 1578,494 1612,492 1646,492 1681,492 1715,491 1749,491 1784,491 1818,489 1852,489 1887,488 1921,486 1956,486"/>
                <TextEquiv>
                    <Unicode>hoc potest aliquo modo persuaderi. quia quando aliqua essenti</Unicode>
                </TextEquiv>
            </TextLine>
            <TextLine id="r3l8" custom="readingOrder {index:6;}">
                <Coords points="1245,552 1928,548 1961,538 1961,494 1245,507"/>
                <Baseline points="1250,539 1285,539 1320,540 1355,540 1391,540 1426,540 1461,539 1497,539 1532,539 1567,537 1603,537 1638,536 1673,536 1708,535 1744,534 1779,533 1814,533 1850,533 1885,531 1920,531 1956,531"/>
                <TextEquiv>
                    <Unicode>aliter distinguuntur et quodlibet illorum est per se</Unicode>
                </TextEquiv>
            </TextLine>
            <TextLine id="r3l9" custom="readingOrder {index:7;}">
                <Coords points="1261,595 1918,591 1963,584 1963,535 1260,555"/>
                <Baseline points="1265,587 1299,585 1334,585 1368,585 1403,584 1438,584 1472,584 1507,582 1542,582 1576,581 1611,581 1646,579 1680,579 1715,579 1750,578 1784,578 1819,576 1854,576 1888,576 1923,575 1958,575"/>
                <TextEquiv>
                    <Unicode>vnum. nec illa. nec accidentia sua faciunt aliquid per se</Unicode>
                </TextEquiv>
            </TextLine>
            <TextLine id="r3l10" custom="readingOrder {index:8;}">
                <Coords points="1255,634 1949,636 1970,630 1969,585 1254,600"/>
                <Baseline points="1260,630 1295,630 1330,629 1365,629 1401,629 1436,629 1471,627 1506,627 1542,626 1577,626 1612,624 1647,624 1683,623 1718,623 1753,621 1788,621 1824,621 1859,621 1894,620 1929,620 1965,621"/>
                <TextEquiv>
                    <Unicode>vnum. sed illa quanta sic distinguntur et quodlibet est per</Unicode>
                </TextEquiv>
            </TextLine>
            <TextLine id="r3l11" custom="readingOrder {index:9;}">
                <Coords points="1252,686 1897,683 1958,668 1958,635 1307,649 1251,631"/>
                <Baseline points="1257,675 1291,675 1326,674 1361,674 1396,674 1431,672 1465,672 1500,672 1535,671 1570,669 1605,669 1639,668 1674,668 1709,667 1744,666 1779,665 1813,665 1848,665 1883,664 1918,663 1953,663"/>
                <TextEquiv>
                    <Unicode>se vnum. ergo nec ista accidentia eorum faciunt aliquod</Unicode>
                </TextEquiv>
            </TextLine>
            <TextLine id="r3l12" custom="readingOrder {index:10;}">
                <Coords points="1265,732 1941,722 1964,714 1963,671 1263,682"/>
                <Baseline points="1269,720 1303,720 1338,719 1372,719 1407,719 1441,717 1476,717 1510,716 1545,716 1579,714 1614,714 1648,713 1683,713 1717,711 1752,711 1786,710 1821,710 1855,708 1890,708 1924,707 1959,707"/>
                <TextEquiv>
                    <Unicode>vnum per se. ergo nec ex istis nec ex quibuscumque acciden¬</Unicode>
                </TextEquiv>
            </TextLine>
            <TextLine id="r3l13" custom="readingOrder {index:11;}">
                <Coords points="1246,791 1439,760 1961,759 1949,714 1356,739 1245,722"/>
                <Baseline points="1251,762 1286,762 1321,761 1356,761 1392,761 1427,761 1462,759 1497,759 1533,759 1568,758 1603,758 1638,756 1674,756 1709,756 1744,755 1779,755 1815,754 1850,753 1885,753 1920,753 1956,752"/>
                <TextEquiv>
                    <Unicode>tibus eorum resultat numerus tanquam aliqua res per se</Unicode>
                </TextEquiv>
            </TextLine>
            <TextLine id="r3l14" custom="readingOrder {index:12;}">
                <Coords points="1251,824 1975,803 1961,755 1753,776 1349,764 1251,785"/>
                <Baseline points="1256,806 1291,806 1327,806 1363,806 1398,806 1434,804 1470,804 1505,804 1541,804 1577,803 1613,802 1648,801 1684,801 1720,800 1755,800 1791,798 1827,797 1862,797 1898,795 1934,794 1970,794"/>
                <TextEquiv>
                    <Unicode>vna. ⁋ Preterea quando aliqua vnitates ita essentialiter di¬</Unicode>
                </TextEquiv>
            </TextLine>
            <TextLine id="r3l15" custom="readingOrder {index:13;}">
                <Coords points="1266,858 1974,854 1964,800 1266,815"/>
                <Baseline points="1271,851 1305,851 1340,851 1375,851 1410,849 1445,849 1480,848 1514,848 1549,847 1584,846 1619,846 1654,845 1689,844 1724,843 1758,843 1793,842 1828,841 1863,840 1898,840 1933,839 1968,837"/>
                <TextEquiv>
                    <Unicode>stinguuntur sicut et alie et non plus. sed sunt eiusdem</Unicode>
                </TextEquiv>
            </TextLine>
            <TextLine id="r3l16" custom="readingOrder {index:14;}">
                <Coords points="1261,912 1878,898 1953,889 1966,855 1260,869"/>
                <Baseline points="1265,896 1299,896 1334,894 1369,894 1404,893 1439,893 1473,891 1508,891 1543,891 1578,890 1613,890 1647,888 1682,888 1717,888 1752,887 1787,887 1821,887 1856,885 1891,885 1926,885 1961,884"/>
                <TextEquiv>
                    <Unicode>rationis sicut alie. si ille alie non faciunt aliquam re¬</Unicode>
                </TextEquiv>
            </TextLine>
            <TextLine id="r3l17" custom="readingOrder {index:15;}">
                <Coords points="1267,947 1966,937 1965,897 1917,891 1267,913"/>
                <Baseline points="1272,939 1306,939 1340,938 1375,938 1409,938 1444,938 1478,936 1513,936 1547,936 1582,935 1616,935 1650,933 1685,932 1719,932 1754,930 1788,930 1823,929 1857,929 1892,927 1926,927 1961,926"/>
                <TextEquiv>
                    <Unicode>vnam neclille faciunt. sed vnitates quantitatum continua</Unicode>
                </TextEquiv>
            </TextLine>
            <TextLine id="r3l18" custom="readingOrder {index:16;}">
                <Coords points="1257,1001 1960,986 1959,943 1256,961"/>
                <Baseline points="1262,986 1296,984 1331,984 1365,983 1400,983 1435,981 1469,980 1504,980 1539,979 1573,978 1608,977 1643,975 1677,975 1712,974 1747,974 1781,972 1816,972 1851,972 1885,972 1920,971 1955,971"/>
                <TextEquiv>
                    <Unicode>rum ita distinguntur inter se sicut vnitates duor</Unicode>
                </TextEquiv>
            </TextLine>
            <TextLine id="r3l19" custom="readingOrder {index:17;}">
                <Coords points="1258,1048 1979,1014 1978,985 1926,981 1257,1000"/>
                <Baseline points="1263,1029 1298,1029 1334,1027 1369,1026 1405,1025 1440,1025 1476,1023 1511,1023 1547,1022 1582,1022 1618,1020 1654,1020 1689,1019 1725,1019 1760,1018 1796,1017 1831,1017 1867,1016 1902,1014 1938,1013 1974,1013"/>
                <TextEquiv>
                    <Unicode>angelorum. et ita sunt eiusdem rationis. et vnitates du¬</Unicode>
                </TextEquiv>
            </TextLine>
            <TextLine id="r3l20" custom="readingOrder {index:18;}">
                <Coords points="1267,1082 1953,1077 1960,1024 1266,1043"/>
                <Baseline points="1272,1074 1306,1073 1340,1071 1374,1071 1408,1070 1442,1068 1476,1068 1511,1067 1545,1067 1579,1067 1613,1065 1647,1065 1681,1065 1715,1064 1750,1064 1784,1062 1818,1062 1852,1062 1886,1061 1920,1061 1955,1059"/>
                <TextEquiv>
                    <Unicode>orum angelorum non faciunt vnam rem. ergo nec vnitates quae</Unicode>
                </TextEquiv>
            </TextLine>
            <TextLine id="r3l21" custom="readingOrder {index:19;}">
                <Coords points="1273,1121 1975,1115 1975,1076 1273,1083"/>
                <Baseline points="1278,1116 1312,1115 1347,1115 1381,1115 1416,1113 1451,1113 1485,1113 1520,1112 1554,1110 1589,1110 1624,1109 1658,1109 1693,1107 1727,1106 1762,1106 1797,1104 1831,1104 1866,1104 1900,1103 1935,1103 1970,1103"/>
                <TextEquiv>
                    <Unicode>titatum continuarum. Preterea si numerus sit res vna</Unicode>
                </TextEquiv>
            </TextLine>
            <TextLine id="r3l22" custom="readingOrder {index:20;}">
                <Coords points="1258,1171 1969,1159 1968,1119 1918,1107 1257,1127"/>
                <Baseline points="1263,1161 1298,1161 1333,1160 1368,1159 1403,1158 1438,1157 1473,1157 1508,1155 1543,1155 1578,1154 1613,1154 1648,1152 1683,1152 1718,1151 1753,1149 1788,1149 1823,1148 1858,1148 1893,1146 1928,1146 1964,1145"/>
                <TextEquiv>
                    <Unicode>aut componitur ex quantitatibus. vel substantiis. vel vnus</Unicode>
                </TextEquiv>
            </TextLine>
            <TextLine id="r3l23" custom="readingOrder {index:21;}">
                <Coords points="1261,1213 1979,1208 1977,1150 1260,1170"/>
                <Baseline points="1265,1205 1300,1205 1335,1203 1371,1203 1406,1203 1442,1202 1477,1202 1512,1200 1548,1200 1583,1199 1619,1199 1654,1197 1689,1197 1725,1196 1760,1194 1796,1194 1831,1193 1866,1193 1902,1191 1937,1191 1973,1191"/>
                <TextEquiv>
                    <Unicode>tatibus superadditur quae distinguuntur realiter. Primum</Unicode>
                </TextEquiv>
            </TextLine>
            <TextLine id="r3l24" custom="readingOrder {index:22;}">
                <Coords points="1264,1260 1789,1256 1855,1235 1902,1253 1975,1245 1974,1203 1262,1213"/>
                <Baseline points="1268,1250 1303,1248 1338,1248 1373,1248 1408,1247 1443,1247 1478,1245 1513,1245 1548,1244 1583,1244 1619,1242 1654,1241 1689,1241 1724,1239 1759,1238 1794,1238 1829,1238 1864,1236 1899,1236 1934,1235 1970,1235"/>
                <TextEquiv>
                    <Unicode>non potest dari quia tunc aliqua res vnum numero et per se in</Unicode>
                </TextEquiv>
            </TextLine>
            <TextLine id="r3l25" custom="readingOrder {index:23;}">
                <Coords points="1264,1310 1969,1289 1974,1246 1262,1260"/>
                <Baseline points="1268,1295 1303,1293 1338,1293 1373,1292 1408,1290 1443,1290 1478,1289 1513,1289 1548,1287 1583,1287 1619,1286 1654,1286 1689,1284 1724,1284 1759,1283 1794,1283 1829,1281 1864,1281 1899,1280 1934,1278 1970,1277"/>
                <TextEquiv>
                    <Unicode>genere componeretur ex omnibus hominibus et omnibus asinis</Unicode>
                </TextEquiv>
            </TextLine>
            <TextLine id="r3l26" custom="readingOrder {index:24;}">
                <Coords points="1272,1345 1976,1338 1975,1296 1271,1310"/>
                <Baseline points="1277,1337 1311,1337 1346,1335 1381,1335 1415,1334 1450,1334 1485,1332 1519,1332 1554,1332 1589,1331 1624,1331 1658,1331 1693,1329 1728,1329 1762,1328 1797,1327 1832,1326 1866,1325 1901,1323 1936,1323 1971,1322"/>
                <TextEquiv>
                    <Unicode>vel saltem ex quantitatibus eorum quorum vtrumque est absu</Unicode>
                </TextEquiv>
            </TextLine>
            <TextLine id="r3l27" custom="readingOrder {index:25;}">
                <Coords points="1267,1391 1982,1372 1981,1335 1957,1330 1266,1346"/>
                <Baseline points="1272,1380 1307,1380 1342,1379 1377,1379 1413,1378 1448,1377 1483,1377 1518,1376 1554,1376 1589,1374 1624,1374 1659,1373 1695,1371 1730,1371 1765,1370 1800,1369 1836,1368 1871,1367 1906,1367 1941,1365 1977,1365"/>
                <TextEquiv>
                    <Unicode>dum. Si detur secundum. Contra. sicut ille tres vnita</Unicode>
                </TextEquiv>
            </TextLine>
            <TextLine id="r3l28" custom="readingOrder {index:26;}">
                <Coords points="1258,1443 1987,1420 1968,1371 1257,1394"/>
                <Baseline points="1263,1424 1300,1424 1338,1422 1376,1422 1414,1422 1452,1421 1490,1420 1527,1419 1565,1419 1603,1418 1641,1416 1679,1416 1717,1415 1754,1415 1792,1413 1830,1412 1868,1412 1906,1410 1944,1410 1982,1409"/>
                <TextEquiv>
                    <Unicode>tes sunt tres. ita subiecta illarum trium vnitatum sunt</Unicode>
                </TextEquiv>
            </TextLine>
            <TextLine id="r3l29" custom="readingOrder {index:27;}">
                <Coords points="1270,1484 1982,1467 1981,1425 1922,1413 1269,1438"/>
                <Baseline points="1275,1467 1310,1467 1345,1467 1380,1466 1415,1466 1450,1464 1485,1464 1520,1463 1555,1463 1590,1461 1626,1460 1661,1460 1696,1458 1731,1457 1766,1457 1801,1455 1836,1455 1871,1454 1906,1454 1941,1454 1977,1454"/>
                <TextEquiv>
                    <Unicode>tria. et per consequens non plus possunt facere vnam rem ille</Unicode>
                </TextEquiv>
            </TextLine>
            <TextLine id="r3l30" custom="readingOrder {index:28;}">
                <Coords points="1267,1516 1979,1503 1978,1464 1939,1459 1266,1477"/>
                <Baseline points="1272,1511 1307,1511 1342,1509 1377,1509 1412,1508 1447,1507 1482,1506 1517,1505 1552,1505 1587,1503 1623,1503 1658,1502 1693,1501 1728,1500 1763,1500 1798,1499 1833,1499 1868,1497 1903,1497 1938,1497 1974,1496"/>
                <TextEquiv>
                    <Unicode>vnitates quam subiecta illarum vnitatum. Preterea </Unicode>
                </TextEquiv>
            </TextLine>
            <TextLine id="r3l31" custom="readingOrder {index:29;}">
                <Coords points="1277,1566 1947,1558 1991,1548 1990,1501 1275,1518"/>
                <Baseline points="1281,1556 1316,1555 1351,1554 1386,1553 1422,1553 1457,1551 1492,1550 1527,1550 1563,1549 1598,1548 1633,1547 1668,1547 1704,1545 1739,1545 1774,1544 1809,1544 1845,1542 1880,1542 1915,1541 1950,1541 1986,1541"/>
                <TextEquiv>
                    <Unicode>tunc nunquam posset esse ternarius quin esset senarius. quia si</Unicode>
                </TextEquiv>
            </TextLine>
            <TextLine id="r3l32" custom="readingOrder {index:30;}">
                <Coords points="1267,1608 1978,1592 1977,1548 1266,1561"/>
                <Baseline points="1272,1599 1307,1599 1342,1598 1377,1596 1412,1596 1447,1595 1482,1595 1517,1593 1552,1593 1587,1592 1622,1592 1657,1590 1692,1590 1727,1589 1762,1589 1797,1587 1832,1587 1867,1586 1902,1584 1937,1584 1973,1583"/>
                <TextEquiv>
                    <Unicode>sitternarius sunt tres vnitates. et si sunt tres vni</Unicode>
                </TextEquiv>
            </TextLine>
            <TextLine id="r3l33" custom="readingOrder {index:31;}">
                <Coords points="1273,1649 1991,1643 1990,1599 1272,1609"/>
                <Baseline points="1278,1644 1313,1644 1348,1643 1384,1641 1419,1641 1454,1640 1490,1639 1525,1638 1560,1637 1596,1637 1631,1635 1666,1634 1702,1634 1737,1632 1772,1632 1808,1631 1843,1631 1878,1629 1914,1629 1949,1628 1985,1628"/>
                <TextEquiv>
                    <Unicode>tates sunt tria subiecta. quae non sunt tres vnitates</Unicode>
                </TextEquiv>
            </TextLine>
            <TextLine id="r3l34" custom="readingOrder {index:32;}">
                <Coords points="1276,1696 1984,1680 1983,1640 1275,1657"/>
                <Baseline points="1281,1689 1315,1689 1350,1688 1385,1686 1420,1685 1455,1683 1490,1683 1525,1682 1560,1682 1595,1680 1630,1680 1664,1679 1699,1679 1734,1677 1769,1677 1804,1676 1839,1676 1874,1674 1909,1674 1944,1674 1979,1673"/>
                <TextEquiv>
                    <Unicode>sed tres et tres sunt sex. et ita impossibile est deum</Unicode>
                </TextEquiv>
            </TextLine>
            <TextLine id="r3l35" custom="readingOrder {index:33;}">
                <Coords points="1279,1749 1988,1728 1986,1678 1278,1696"/>
                <Baseline points="1284,1731 1318,1731 1353,1731 1388,1730 1423,1730 1458,1728 1493,1728 1528,1727 1563,1727 1598,1725 1633,1725 1667,1724 1702,1723 1737,1722 1772,1721 1807,1721 1842,1719 1877,1718 1912,1718 1947,1716 1982,1715"/>
                <TextEquiv>
                    <Unicode>facere ternarium nisi faceret senarium. Ex isto se</Unicode>
                </TextEquiv>
            </TextLine>
            <TextLine id="r3l36" custom="readingOrder {index:34;}">
                <Coords points="1273,1792 1980,1776 1986,1729 1272,1753"/>
                <Baseline points="1278,1776 1313,1776 1348,1775 1383,1775 1418,1774 1454,1773 1489,1772 1524,1772 1559,1770 1594,1770 1630,1769 1665,1767 1700,1767 1735,1766 1770,1765 1806,1764 1841,1763 1876,1763 1911,1761 1946,1761 1982,1760"/>
                <TextEquiv>
                    <Unicode>quitur vltra quod in quolibet numero sunt infiniti nu</Unicode>
                </TextEquiv>
            </TextLine>
            <TextLine id="r3l37" custom="readingOrder {index:35;}">
                <Coords points="1281,1826 1987,1820 1986,1776 1280,1793"/>
                <Baseline points="1286,1818 1320,1818 1355,1818 1390,1817 1425,1816 1460,1815 1494,1815 1529,1814 1564,1814 1599,1812 1634,1812 1668,1811 1703,1811 1738,1809 1773,1809 1808,1808 1842,1808 1877,1806 1912,1806 1947,1805 1982,1803"/>
                <TextEquiv>
                    <Unicode>meri. Probo. accipio binarium. ille binarius est per</Unicode>
                </TextEquiv>
            </TextLine>
            <TextLine id="r3l38" custom="readingOrder {index:36;}">
                <Coords points="1282,1871 1991,1860 1990,1820 1937,1812 1281,1826"/>
                <Baseline points="1287,1860 1323,1860 1360,1860 1397,1860 1434,1859 1470,1859 1507,1858 1544,1857 1581,1856 1618,1856 1654,1854 1691,1853 1728,1851 1765,1851 1802,1850 1838,1848 1875,1847 1912,1847 1949,1845 1986,1845"/>
                <TextEquiv>
                    <Unicode>istam positionem alia res realiter distincta a duabus</Unicode>
                </TextEquiv>
            </TextLine>
            <TextLine id="r3l39" custom="readingOrder {index:37;}">
                <Coords points="1283,1918 1912,1907 1988,1898 1987,1860 1282,1881"/>
                <Baseline points="1287,1908 1321,1906 1356,1905 1391,1904 1426,1902 1461,1901 1495,1901 1530,1899 1565,1899 1600,1898 1635,1898 1669,1896 1704,1896 1739,1895 1774,1895 1809,1893 1843,1893 1878,1892 1913,1891 1948,1890 1983,1889"/>
                <TextEquiv>
                    <Unicode>vnitatibus. ergo sunt haec tres res realiter distincte. puta</Unicode>
                </TextEquiv>
            </TextLine>
            <TextLine id="r3l40" custom="readingOrder {index:38;}">
                <Coords points="1284,1963 1981,1937 1972,1893 1283,1918"/>
                <Baseline points="1289,1949 1323,1947 1357,1947 1392,1946 1426,1946 1460,1944 1495,1944 1529,1943 1563,1941 1598,1941 1632,1940 1666,1940 1701,1938 1735,1937 1769,1937 1804,1937 1838,1935 1872,1935 1907,1934 1941,1934 1976,1934"/>
                <TextEquiv>
                    <Unicode>due vnitates et vnus binarius. sed tres res non possun</Unicode>
                </TextEquiv>
            </TextLine>
            <TextLine id="r3l41" custom="readingOrder {index:39;}">
                <Coords points="1291,2002 1987,1983 1971,1940 1290,1961"/>
                <Baseline points="1295,1994 1329,1992 1363,1991 1398,1991 1432,1989 1466,1988 1501,1988 1535,1986 1569,1985 1604,1983 1638,1983 1672,1982 1707,1980 1741,1980 1775,1979 1810,1979 1844,1977 1878,1977 1913,1976 1947,1976 1982,1976"/>
                <TextEquiv>
                    <Unicode>esse sine ternario. ergo est hoc ternarius distinctus re¬</Unicode>
                </TextEquiv>
            </TextLine>
            <TextLine id="r3l42" custom="readingOrder {index:40;}">
                <Coords points="1289,2047 1859,2040 1886,2021 1930,2043 1997,2032 1996,1985 1288,2001"/>
                <Baseline points="1293,2039 1329,2036 1366,2034 1403,2033 1440,2031 1476,2031 1513,2030 1550,2028 1587,2028 1624,2027 1660,2027 1697,2027 1734,2025 1771,2025 1808,2024 1844,2024 1881,2024 1918,2022 1955,2021 1992,2019"/>
                <TextEquiv>
                    <Unicode>liter a tribus vnitatibus ex quibus componitur. et per consequens</Unicode>
                </TextEquiv>
            </TextLine>
            <TextLine id="r3l43" custom="readingOrder {index:41;}">
                <Coords points="1291,2097 1991,2070 1990,2031 1955,2026 1913,2044 1290,2047"/>
                <Baseline points="1296,2082 1330,2081 1365,2079 1399,2078 1434,2076 1468,2076 1503,2075 1537,2073 1572,2073 1606,2072 1641,2072 1675,2070 1710,2070 1744,2070 1779,2069 1813,2069 1848,2067 1882,2067 1917,2067 1951,2066 1986,2066"/>
                <TextEquiv>
                    <Unicode>sunt ibi quattuor. et ita quaterinarius. et vltra. ergo quandoar</Unicode>
                </TextEquiv>
            </TextLine>
            <TextLine id="r3l44" custom="readingOrder {index:42;}">
                <Coords points="1292,2138 2000,2119 1999,2072 1291,2097"/>
                <Baseline points="1296,2129 1332,2126 1369,2124 1406,2123 1443,2121 1479,2120 1516,2118 1553,2118 1590,2117 1627,2117 1663,2115 1700,2115 1737,2114 1774,2114 1811,2112 1847,2112 1884,2111 1921,2109 1958,2108 1995,2106"/>
                <TextEquiv>
                    <Unicode>us. et sic in infinitum. Si dicatur quod illa tria non fa</Unicode>
                </TextEquiv>
            </TextLine>
            <TextLine id="r3l45" custom="readingOrder {index:43;}">
                <Coords points="1282,2175 1802,2171 1830,2150 1900,2172 1994,2159 1993,2116 1281,2142"/>
                <Baseline points="1287,2172 1322,2171 1357,2169 1392,2166 1427,2166 1462,2165 1497,2163 1532,2162 1567,2161 1602,2160 1638,2159 1673,2159 1708,2158 1743,2157 1778,2157 1813,2156 1848,2156 1883,2154 1918,2154 1953,2154 1989,2153"/>
                <TextEquiv>
                    <Unicode>ciunt ternarium quae sit numerus distinctus et per se indi</Unicode>
                </TextEquiv>
            </TextLine>
            <TextLine id="r3l46" custom="readingOrder {index:44;}">
                <Coords points="1284,2228 1983,2213 2001,2161 1283,2188"/>
                <Baseline points="1289,2214 1324,2213 1359,2213 1395,2211 1430,2210 1466,2210 1501,2208 1536,2207 1572,2206 1607,2205 1643,2204 1678,2204 1713,2202 1749,2202 1784,2201 1820,2201 1855,2199 1890,2199 1926,2198 1961,2198 1997,2198"/>
                <TextEquiv>
                    <Unicode>uiduum in alia specie. Contra. hoc non est dicere nisi</Unicode>
                </TextEquiv>
            </TextLine>
            <TextLine id="r3l47" custom="readingOrder {index:45;}">
                <Coords points="1288,2269 1992,2252 1991,2210 1287,2228"/>
                <Baseline points="1293,2258 1327,2258 1362,2256 1396,2255 1431,2255 1466,2253 1500,2253 1535,2252 1570,2250 1604,2249 1639,2249 1674,2247 1708,2246 1743,2246 1778,2245 1812,2244 1847,2244 1882,2244 1916,2243 1951,2243 1986,2244"/>
                <TextEquiv>
                    <Unicode>ad placitum quod ista faciunt talem numerum et alia non. et</Unicode>
                </TextEquiv>
            </TextLine>
            <TextLine id="r3l48" custom="readingOrder {index:46;}">
                <Coords points="1288,2316 1908,2303 1994,2292 1993,2251 1286,2269"/>
                <Baseline points="1292,2303 1326,2301 1361,2300 1396,2298 1431,2298 1466,2297 1501,2296 1535,2295 1570,2294 1605,2294 1640,2292 1675,2292 1710,2291 1745,2290 1779,2289 1814,2288 1849,2288 1884,2286 1919,2286 1954,2285 1989,2283"/>
                <TextEquiv>
                    <Unicode>ita eadem facilitate dicam quod vnitates hominim non fa¬</Unicode>
                </TextEquiv>
            </TextLine>
            <TextLine id="r3l49" custom="readingOrder {index:47;}">
                <Coords points="1288,2360 1990,2335 1989,2304 1958,2286 1287,2316"/>
                <Baseline points="1292,2346 1326,2345 1361,2344 1395,2342 1430,2342 1465,2340 1499,2339 1534,2339 1569,2338 1603,2337 1638,2337 1673,2336 1707,2336 1742,2334 1777,2334 1811,2333 1846,2332 1881,2331 1915,2330 1950,2329 1985,2327"/>
                <TextEquiv>
                    <Unicode>ciunt numerum. et sic de aliis. Ideo non videtur aliqua re</Unicode>
                </TextEquiv>
            </TextLine>
            <TextLine id="r3l50" custom="readingOrder {index:48;}">
                <Coords points="1290,2405 1680,2382 1963,2394 1994,2388 1993,2334 1289,2360"/>
                <Baseline points="1295,2391 1329,2390 1364,2389 1399,2388 1433,2387 1468,2386 1503,2384 1537,2384 1572,2382 1607,2381 1642,2381 1676,2379 1711,2379 1746,2378 1780,2376 1815,2376 1850,2376 1884,2375 1919,2374 1954,2373 1989,2373"/>
                <TextEquiv>
                    <Unicode>possibils quare plus ille vnitates vel ille res quarum</Unicode>
                </TextEquiv>
            </TextLine>
            <TextLine id="r3l51" custom="readingOrder {index:49;}">
                <Coords points="1294,2451 1954,2432 1997,2425 1996,2372 1965,2395 1855,2380 1293,2403"/>
                <Baseline points="1298,2438 1332,2435 1367,2432 1402,2431 1436,2429 1471,2427 1506,2426 1540,2426 1575,2424 1610,2424 1645,2423 1679,2423 1714,2423 1749,2423 1783,2421 1818,2421 1853,2420 1887,2420 1922,2418 1957,2417 1992,2415"/>
                <TextEquiv>
                    <Unicode>quaelibet est vna facient talem numerum quam alie. et ita vel</Unicode>
                </TextEquiv>
            </TextLine>
            <TextLine id="r3l52" custom="readingOrder {index:50;}">
                <Coords points="1290,2486 1947,2479 2002,2471 2001,2425 1289,2454"/>
                <Baseline points="1295,2477 1330,2476 1365,2475 1400,2474 1435,2474 1470,2472 1505,2472 1540,2471 1575,2470 1610,2469 1646,2468 1681,2467 1716,2466 1751,2465 1786,2465 1821,2463 1856,2463 1891,2462 1926,2462 1961,2462 1997,2462"/>
                <TextEquiv>
                    <Unicode>omnia distincta realiter quorum quodlibet est vnum per se</Unicode>
                </TextEquiv>
            </TextLine>
            <TextLine id="r3l53" custom="readingOrder {index:51;}">
                <Coords points="1288,2533 1854,2507 1984,2523 1998,2470 1287,2485"/>
                <Baseline points="1293,2523 1328,2522 1363,2520 1398,2519 1433,2519 1468,2517 1503,2516 1538,2515 1573,2514 1608,2513 1643,2511 1678,2511 1713,2510 1748,2509 1783,2508 1818,2507 1853,2507 1888,2505 1923,2505 1958,2505 1994,2504"/>
                <TextEquiv>
                    <Unicode>non componens cum alio faciet numerum talem vel nulla.</Unicode>
                </TextEquiv>
            </TextLine>
            <TextLine id="r3l54" custom="readingOrder {index:52;}">
                <Coords points="1288,2577 1992,2563 2001,2523 1286,2532"/>
                <Baseline points="1292,2567 1327,2565 1362,2564 1397,2564 1433,2562 1468,2561 1503,2561 1538,2559 1574,2558 1609,2558 1644,2556 1679,2555 1715,2555 1750,2553 1785,2552 1820,2552 1856,2550 1891,2550 1926,2549 1961,2549 1997,2547"/>
                <TextEquiv>
                    <Unicode>Et ipsi concedunt quod non omnia. quia non substantie immateriales</Unicode>
                </TextEquiv>
            </TextLine>
            <TextLine id="r3l55" custom="readingOrder {index:53;}">
                <Coords points="1291,2628 1976,2606 2003,2597 2002,2560 1289,2575"/>
                <Baseline points="1295,2612 1330,2610 1365,2609 1400,2607 1435,2606 1470,2604 1505,2604 1541,2603 1576,2601 1611,2601 1646,2600 1681,2598 1716,2598 1751,2597 1787,2597 1822,2595 1857,2595 1892,2594 1927,2594 1962,2594 1998,2592"/>
                <TextEquiv>
                    <Unicode>ergo nulla. et per consequens nec substantia materiales. ⁋ Preterea</Unicode>
                </TextEquiv>
            </TextLine>
            <TextLine id="r3l56" custom="readingOrder {index:54;}">
                <Coords points="1281,2680 1370,2656 1502,2682 1530,2656 2003,2644 1990,2597 1280,2623"/>
                <Baseline points="1286,2654 1321,2654 1357,2652 1392,2652 1428,2651 1463,2651 1499,2649 1534,2648 1570,2648 1605,2646 1641,2646 1677,2645 1712,2645 1748,2643 1783,2643 1819,2642 1854,2641 1890,2640 1925,2640 1961,2639 1997,2639"/>
                <TextEquiv>
                    <Unicode>arguo sic. quanta non sunt absoluta distincta realiter</Unicode>
                </TextEquiv>
            </TextLine>
            <TextEquiv>
                <Unicode>est entia. ita non potest concedi quod numerus est quantitas
si quantitas sit res vna et praecise supponat pro rebus
quarum quaelibet est simpliciter vna. sed si illo modo acciper
quantitates posset aliquo modo concedi quod numerus est quam¬
titates. et ita quod numerus est res pliciter et non singularitur
hoc potest aliquo modo persuaderi. quia quando aliqua essenti
aliter distinguuntur et quodlibet illorum est per se
vnum. nec illa. nec accidentia sua faciunt aliquid per se
vnum. sed illa quanta sic distinguntur et quodlibet est per
se vnum. ergo nec ista accidentia eorum faciunt aliquod
vnum per se. ergo nec ex istis nec ex quibuscumque acciden¬
tibus eorum resultat numerus tanquam aliqua res per se
vna. ⁋ Preterea quando aliqua vnitates ita essentialiter di¬
stinguuntur sicut et alie et non plus. sed sunt eiusdem
rationis sicut alie. si ille alie non faciunt aliquam re¬
vnam neclille faciunt. sed vnitates quantitatum continua
rum ita distinguntur inter se sicut vnitates duor
angelorum. et ita sunt eiusdem rationis. et vnitates du¬
orum angelorum non faciunt vnam rem. ergo nec vnitates quae
titatum continuarum. Preterea si numerus sit res vna
aut componitur ex quantitatibus. vel substantiis. vel vnus
tatibus superadditur quae distinguuntur realiter. Primum
non potest dari quia tunc aliqua res vnum numero et per se in
genere componeretur ex omnibus hominibus et omnibus asinis
vel saltem ex quantitatibus eorum quorum vtrumque est absu
dum. Si detur secundum. Contra. sicut ille tres vnita
tes sunt tres. ita subiecta illarum trium vnitatum sunt
tria. et per consequens non plus possunt facere vnam rem ille
vnitates quam subiecta illarum vnitatum. Preterea 
tunc nunquam posset esse ternarius quin esset senarius. quia si
sitternarius sunt tres vnitates. et si sunt tres vni
tates sunt tria subiecta. quae non sunt tres vnitates
sed tres et tres sunt sex. et ita impossibile est deum
facere ternarium nisi faceret senarium. Ex isto se
quitur vltra quod in quolibet numero sunt infiniti nu
meri. Probo. accipio binarium. ille binarius est per
istam positionem alia res realiter distincta a duabus
vnitatibus. ergo sunt haec tres res realiter distincte. puta
due vnitates et vnus binarius. sed tres res non possun
esse sine ternario. ergo est hoc ternarius distinctus re¬
liter a tribus vnitatibus ex quibus componitur. et per consequens
sunt ibi quattuor. et ita quaterinarius. et vltra. ergo quandoar
us. et sic in infinitum. Si dicatur quod illa tria non fa
ciunt ternarium quae sit numerus distinctus et per se indi
uiduum in alia specie. Contra. hoc non est dicere nisi
ad placitum quod ista faciunt talem numerum et alia non. et
ita eadem facilitate dicam quod vnitates hominim non fa¬
ciunt numerum. et sic de aliis. Ideo non videtur aliqua re
possibils quare plus ille vnitates vel ille res quarum
quaelibet est vna facient talem numerum quam alie. et ita vel
omnia distincta realiter quorum quodlibet est vnum per se
non componens cum alio faciet numerum talem vel nulla.
Et ipsi concedunt quod non omnia. quia non substantie immateriales
ergo nulla. et per consequens nec substantia materiales. ⁋ Preterea
arguo sic. quanta non sunt absoluta distincta realiter</Unicode>
            </TextEquiv>
        </TextRegion>
    </Page>
</PcGts>
