2213 3083
228 230 946 305 est hoc possibile. sicut non est possibile quod sint sor¬
226 290 941 336 tes et plato vnum animal. et tamen quod non sint vnus homo.
223 333 937 382 qui sequitur sortes et plato sunt vnum animal. ergo sortes
220 380 929 426 et plato sunt animal. et vltra. ergo aliquod animal est sortes
222 422 932 470 et plato per conuersionem. et vltra. ergo vel homo est sor
231 467 935 514 tes et plato. vel asinus vel bos. et sic de aliis. et
219 510 925 558 certum est quod non asinus nec bos et sic de aliis. ergo homo
214 556 931 601 est sortes et plato quod est manifeste falsum. et tamen
211 597 925 645 secundum intentionem philosophi dicendum est quod sortes et plato
217 642 932 695 sunt vnum animal et non sunt vnus homo. hoc est de sorte et
207 695 938 742 platone verificatur animal. et aliquod determinatum con
220 733 937 785 tentum sub animali. sicut homo verificatur de sorte et
210 773 935 826 platone. et tamen non est propter hoc concedendum quod sit
216 823 935 873 tale aliquod animal quod sit sortes et plato. et quod sit
210 858 929 913 homo quae sit sortes et plato. et ita est in proposito.
211 902 931 959 qui idem est numerus decem hominium et dece canum et
216 950 917 1010 sunt eadem decem. et tamen numerus non est aliquid aliud
201 989 925 1050 praeter illa. Ueruntamen propter dicta aliqua aliquorum
216 1045 923 1092 philosophorum potest dici quod aliquis numerus est accidentalis. et
202 1088 929 1136 aliquis numerus est essentialis. et aliquos numerus est
211 1126 926 1177 mathematicus. Numerus essentialis potest dici ille quae
198 1169 931 1223 neccessario praedicatur de rebus vnaquque illarum existente
203 1212 926 1271 et nulla destructa. sicut de angel dicitur quod sunt duo
211 1265 926 1319 vel tres vel quattuor. nec est possibile nullo eorum
195 1302 925 1354 destructo quod hoc sit falsa. ita potest dici de duobus
202 1346 916 1397 quantis a et b quod illa sunt duo. quia siue vniantur siue
195 1389 929 1444 separentur semper a et bea sunt plura entia realiter distin¬
201 1439 914 1501 cta. Numerus autem accidentalis dicitur. quae scilicet potest praedica¬
202 1481 917 1535 ri vere de rebus et ab eisdem vere negari. sicut de
199 1527 916 1582 ista aqua et illa aqua. puta a et ba quando sunt separate
201 1565 916 1623 dicitur quod sunt due aq. et quando sunt vnite non vocantur
193 1613 912 1667 due aque isto modo . quia dualitas isto modo dicta
199 1654 923 1704 non dicitur nisi de duobus non facientibus vnum. Numerus
189 1695 915 1749 autem mathematicus potest dici vnum commune ad duo
199 1739 920 1801 praedicta. et secundum istud possent expsoioni auctoritates consequene.
196 1789 919 1835 et aliorum philosophorum qui videntur esse contra predicta.
201 1833 908 1882 ⁋ Circa secundum articulum principalem respondeo ad
200 1870 908 1930 formam questionis quod illo modo quoconceditur quod
192 1925 906 1969 trinitas angelorum est vnus numerus. potest concedi
186 1965 910 2010 quod trinitas personarum est vnus numerus. non quod numerus
195 2010 905 2063 sit aliquod accidens reale inherens deo. sed tantum aliquis
183 2054 906 2106 conceptus significans quod in deo sunt pater et filius et
196 2096 898 2141 spiritus sanctus. et quod pater nec est filius nec spiritus sacuns
196 2139 902 2196 et nec filius est piater vel spiritus sanctus. nec spiritus san
195 2179 906 2239 ctus est pater vel filius. Et sic intelligenda est opi
190 2226 910 2273 nio magistri quod tales termini numerales non ponunt
190 2270 908 2326 aliquid in deo. hoc est non significant aliquid adue¬
179 2315 904 2369 niens deo sicut accidens aduenit suo subiecto. sed
187 2359 896 2406 remouent a deo. hoc est. significant quod sunt tantum ibi
190 2399 900 2459 piater et filius et spiritus sacuns modo praedicto. Utrum autem
193 2450 902 2501 de virtute vocis sit illa concededa. trinitas perso
183 2496 905 2548 narum est verus numerus. vel tres persone sunt nu
181 2538 897 2588 merus ternarius. sicut ante tales sint concedende.
193 2580 896 2633 tres homines sunt numerus ternarius. et trinitas
177 2625 902 2685 trium hominium est verus numerus non est modo tractandum.
1042 212 1742 302 ⁋ Ad primum principale potest dici quod non omnis
1039 287 1749 342 numerus est de genere quantitatis. sed tantum numerus
1041 323 1745 390 quantorum praeter quos sunt multi alii. qualis est nume
1044 371 1745 421 rus trium personarum. ⁋ Ad secundum quando dicitur. omnis numerus
1047 413 1752 475 est maior sua parte. si intelligatur maioritas perfectio
1041 464 1745 518 nis vel dignitatis vel quatitatis molis. sic non est
1038 511 1745 565 maior vera. Si autem intelligatur maioritas pluralita
1036 541 1742 610 tis. sic potest concedi. et sic posset concedi in divinis. quod
1039 586 1743 654 hoc non esset aliud dicere quam quod tres persone sunt plu¬
1030 637 1748 711 res quam vna. ⁋ Distin. xxv. Questio vnica.
1304 689 1724 787 Irca distinctio
1299 764 1742 832 nen. xxv. quero. Utrum persona
1314 817 1747 876 in diuinis dicatur secundum subiectam an
1314 860 1747 924 secundum relationem. ⁋ Quod non secendu sub
1317 906 1744 966 stantiam videtur. quia secundum beatum
1309 947 1744 1003 Augustinum. nihil essentiale
1020 995 1751 1047 dicitur in divinis de personis pluraliter. sed tantum siugularitur.
1033 1041 1741 1098 sicut non dicuntur boni vel sapientie. sed sunt vna sapientia
1029 1082 1736 1147 sed persona praedicatur de personis diuinis pluraliter
1036 1128 1735 1178 quia hoc est vera pater et filius et spiritus sacus sunt persone et no
1038 1175 1760 1227 persona. ergo etc. ⁋ Preterea illud quo aliquid formaliter
1030 1212 1748 1274 constituitur in aliquo est principaliter per nomen signifi¬
1033 1258 1751 1310 catum. sed persona constituitur formaliter in esse personali
1036 1306 1744 1354 per proprietate relatiuam. ergo proprietas relatiua princi
1035 1350 1757 1406 paliter per nomen persone significatur. ⁋ Preterea illud
1030 1392 1747 1444 quod importat distinctionem in divinis dicitur secundum re¬
1032 1430 1739 1484 lationem. sed persona importat distinctionem. quia est
1035 1479 1741 1538 ypostasis in proprietate distincta. ⁋ Ad oppositum
1028 1530 1748 1586 dicit beatus Augustinus. vii. de tri. c. ix. dicamus
1027 1569 1747 1626 patrem personam esse filium et spimsanctum. Et post. neque
1026 1612 1741 1664 in hac trinitate cum dicimus personam patris aliud di¬
1021 1658 1736 1715 cimus quam substantiam patris. et post: persona ad se dicitur
1029 1694 1739 1761 ⁋ Ex ista auctoritate tripliciter argui potest. Primo sic. illud
1023 1749 1751 1791 quod dicitur per relationem dicitur ad aliud. sicut sortes dicitur
1027 1790 1725 1847 similis alteri. sed pater non dicitur persona alterius nec ad alterum
1017 1833 1750 1886 ergo persona non dicitur secundum relationem. ⁋ Secundo sic. illud
1023 1869 1736 1938 quod dicit praecise substantiam patris non dicitur secundum rela
1024 1921 1730 1985 tionem. sed secundum Augustinum cum dicimus personam
1014 1972 1718 2029 patris nihil aliud dicimus quam substantiam patris. igit
1011 2011 1723 2068 etc. Tertio sic. quod dicitur ad se non dicitur secundum relationem
1011 2041 1723 2111 sed persona ad se dicitur secundum beatum augustinum
1011 2092 1746 2152 ergo etc. ⁋ Circa istam questionem primo viden
1005 2148 1746 2195 dum est. Utrum a tribus personis possit abs
1008 2192 1724 2248 trahi aliquod commune vniuocum eis. ⁋ Secundo
1006 2221 1719 2291 an tale comune correspondeat huic nomini per
1017 2268 1715 2325 sona. Tertio ex his ad questionem. ⁋ Circa primu
1007 2316 1718 2375 dicitur quod aliquod comune potest abstrahi a per
1011 2357 1712 2410 sonis. Quod sic probatur. relatio praedicatur in quid de
1008 2412 1711 2461 paternitate et filiatione. quia si paternitas non
1000 2452 1728 2510 transiret in essentiam esset essntialiter relatio et
1012 2497 1712 2544 predicaretur in quid relatio de paternitate.
1002 2544 1717 2590 sed per hoc quod relatio est eadem essentie non tolli¬
993 2583 1711 2633 tur eius ratio formalis. ergo non impedit quin
1000 2629 1723 2692 includat essentialiter relationem. vt sic relatio pre
