2247 3078
270 214 981 282 parte rei nisi singulare determinatum. sed in intel
268 273 973 322 lectu sunt communia et vniversalia. et ideo nulla natura rea
262 314 983 376 est communis nec a parte rei est aliqua natura communis secundum
262 363 970 421 quodcumque esse. Et si dicatur quod aliquis homo et ho
259 398 972 459 mo differunt. ergo non habent idem significatum. similiter sortes est
252 449 968 507 aliquis homo non habent idem significatum. et sortes si¬
250 500 972 553 gnificat singulare determinatum. et homo naturam
258 543 970 591 commnem. ergo aliquis homo significat singulare vagum.
252 583 965 641 ⁋ Respondeo quod homo et aliquis homo secundum quod accipiun
246 631 969 684 tur pro rebus non differunt. hoc est illa propositio est falsa ali¬
250 676 972 729 quis homo et homo differunt. si termini accipiantur
252 721 965 780 pro rebus vel pro significatur. quia idem omnino significatur
250 760 965 818 per vtrumque terminum. sed si accipiantur pro ipsismet
250 811 957 865 terminis qui non sunt a parte rei. sic est propositio vera
250 854 959 908 qui sic dicendo aliquis homo ponitur illud quod quando
253 896 958 942 ponitur dicitur homo. et sibi additur vnum sincathego¬
237 943 962 994 reuma quod non habet aliquod per se significatum. sed con¬
247 979 961 1030 significat cum alio adiuncto. et aliquos homo non plus
243 1024 963 1080 significat singulare vagum. quam omnis homo significat
238 1071 956 1124 singulare vagum. nec distinguuntur quantum ad signi
237 1113 957 1177 ficata. sed propter diuersa sincathegoreumata
238 1160 965 1205 addita quae sunt signum vniversale et signum particulare potest
240 1204 956 1261 aliquid verificari de vno et non de alio. sicut hec est
243 1242 950 1295 vera aliquas homo est sortes et homo est sortes. et
241 1281 964 1347 hoc est falsa omnis homo est sortes. non quia aliquis homo
234 1338 960 1394 significat singulare vagum. et omnis homo non signifi¬
241 1383 957 1437 cat singulare vagum. sed quia quando signum particulare
238 1423 960 1472 additur huic termio homo respectu alicuius praedicati
244 1464 956 1528 non significatur nisi quod isti singulari determinato vel
241 1505 947 1566 isti vel illi competat tale praedicatum. sed quando eidem tere¬
238 1557 946 1614 mino additur hoc fignum omnis denotatur quod tale praedica¬
238 1597 962 1658 tum competit isti homini et isti. et sic de omnibus ho¬
229 1640 956 1691 minibus. et sic homo et aliquis homo idem habent signi¬
230 1680 959 1742 ficatum. sed hoc sincathegoreuma aliquis in multis¬
229 1732 944 1779 propositionibus facit hunc terminum homo stare determina
231 1777 945 1830 te pro singularibus determinatis pro quibus posset non
231 1812 950 1866 stare si auferetur. sed essent propositiones distinguende pe
225 1863 941 1921 nes tertium modum equiuocationis. eo quod terminus
235 1907 950 1961 posset stare pro singularibus vel communi ad singularia.
240 1942 947 2004 ⁋ Qualiter aut sortes et homo vel aliquis homo diuer
226 1985 941 2053 sa significant. patet ex dist. ii ⁋ Sed quando queritur quali
229 2036 934 2094 communitate est persona commune tribus personis. Dico quod non
223 2081 945 2142 communitate rei illo modo quo essentia est communis tribus per
223 2121 944 2178 sonis. sed communitate vocis vel conceptus eo modo
217 2175 935 2219 ens vel vnum est commune multis. Ueruntamen non est praedi
226 2218 938 2269 cabile in quid de tribus personis. sed praedicatur de eis se
226 2256 935 2322 cundo modo dicendi per se sicut dictum est dist. xxiii. quam
222 2306 936 2355 uis conceptus abstrahibilis ab eis ab intelligente
223 2345 945 2403 distinctas personas possit praedicari de eis in quid et
225 2390 929 2441 er se primo modo. sed talem nos habere non possumus.
213 2426 938 2491 ⁋ Ad primum principale dico quod procedit de illo quod
220 2476 930 2537 primo et per se significat esentiam et personam ⁋ Ad secundum
225 2529 927 2584 dico quod persona constituitur formaliter tam per essentiam
213 2568 931 2618 quam per relatione. et ideo nec essentia nec relatio primo
214 2610 943 2685 significatur per personam. sed constitutum ex essentia et
1087 219 1790 282 relatione. ⁋ Ad tertium dico quod illud quod impor
1081 279 1800 336 tat distinctionem vel distincta in diuinis vel im
1081 327 1796 375 portat relationem vel constitutum per relationem.
1080 371 1790 420 sicut ipsa relatio constituens. et ideo personam si
1071 422 1792 476 gnificat constitutum ex essentia et relatione. ⁋ Ad
1084 463 1784 515 primum argumentum in oppositum. quia probat equal
1073 509 1796 554 ter quod persona non significat constitutum ex relatione.
1071 549 1787 605 sicut quod non significat relationem ⁋ Dico quod aliquando
1074 594 1787 648 terminus significat praecise relationem vel relatiuum
1078 636 1778 691 et aliquando non praecise relationem vel relatiuum
1074 680 1778 732 Si primo modo hoc potest esse umpliciter. vel quia est praedicab
1071 722 1781 771 le de aliquo vno relatiuo. vel quia de multis simul. et
1065 771 1781 821 non de vno per se posito. si primo modo semper secundum illud
1071 815 1780 862 nomen dicitur adaliquid sub aliqua habitudine. sicut piaiter dicitur
1065 859 1783 919 pater fili. secundo modo non dicitur adaliquid. sicut trini¬
1059 913 1790 961 tas significat primo personas relatiuas. sed non
1068 944 1778 994 dicitur de aliqua per se. sicut haoc non est vera pater est trinitas
1065 988 1783 1042 Sed de tribus. quia hoc est vera pater et filius et spiritus sancuns
1060 1036 1780 1088 sunt trinitas. et ideo non dicitur alterius trinitas. Si autem
1062 1079 1771 1131 sit nomen vel terminus quod non praecise significat re
1065 1124 1779 1181 lationem vel relatiuum. hoc potest esse dupliciter. vel quia est
1065 1170 1777 1218 communis. et sic praedicatur de aliis sicut de relatiuis. cu
1056 1213 1774 1265 iusmodi est hoc nomen ens. et secundum tale nomen non diu
1053 1258 1778 1305 aliquid ad aliquid quantumcumque significet relationem
1057 1301 1777 1348 vel relatiuum. et tale est hoc nomen persona. et ideo quamuis
1059 1346 1781 1401 pater sit persona. non tamen oportet quod dicatur alicuius persona vel
1065 1388 1784 1443 nome. vel terminus non significat praecise relationem
1066 1438 1778 1490 vel relatiuum. quia significat relationem vel relati¬
1054 1485 1776 1527 uum cum adiuncto quod non significat primo relatiuum
1059 1522 1765 1570 cuiusmodi est iste terminus persona divina. et ad hoc
1063 1564 1778 1612 secundum talem terminum non oportet quod dicatur adaliquid. verum
1057 1612 1765 1661 tamen secundum illum conceptum quae esset abstrahibilis a diuinis
1059 1657 1772 1713 personis posset dici adaliquid. sed talem non habemus
1053 1699 1766 1745 ⁋ Ad secundum quod augustinus ibi capit substantiam pro ipso
1062 1744 1772 1799 constituto ex esentia et relatione. sicut dicimus quod hu
1060 1788 1772 1843 manitas est substantia hominis. et ita persona solum dicit
1048 1827 1762 1884 substantiam patris. hoc est vnum constitutum ex
1059 1875 1757 1932 omni illo quod est de substantia patris vel de
1063 1919 1780 1972 quidditate patris. ⁋ Ad tertium patet quod persona
1046 1962 1771 2022 dicitur ad se quia non dicitur ad aliud. sicut res di¬
1047 2009 1769 2061 citur ad se. et tamen dicimus quod persone sunt tres
1050 2046 1766 2110 sicut dicit beatus Augustinus primo de doctri
1047 2091 1762 2146 na christiana. quod res quibus fruendum est suntpicter et
1041 2136 1765 2206 filius et spiritus sancutns. Distin. xxvi. Questio prima
1316 2183 1752 2277 Irca distinctio
1318 2256 1775 2317 nem. xvi. qumero. Utrum di
1311 2310 1759 2362 uine persone constituantur et
1308 2355 1762 2416 distinguantur per relationes
1314 2397 1772 2455 originis ⁋ Quod non quia nihil com¬
1306 2440 1741 2500 stituitur in esse perfectissimo per
1314 2493 1754 2548 aliquid quod est minime en
1023 2534 1753 2583 titatis. sed inter doemnia relatio est minime en
1029 2575 1750 2630 titatis. ergo per talem relationem substantia prima
1032 2618 1751 2680 cuiusmodi est persona diuina non constituitur.
