2251 3063
391 246 1096 346 oportet quod eadem prioritate relatio sibi opposita
396 317 1104 389 esset prior eadem persona. quia ostensum est supra. spi¬
399 360 1104 429 ratio actio est aliqua prioritate prior patre. scilicet
402 409 1094 485 prioritate consequenie. quia bene sequitur. a est pater. ergo qa
402 450 1100 516 est spirans. et tamen non sequitur econuerso quia filius est
407 499 1111 572 spirans. et tamen non est pater. Et tamen spiratio passi¬
405 539 1099 606 ua non est prior tali prioritate patre. ⁋ Ad primum
405 581 1115 662 tertie vie dico quod paternitas diuina est de se incommuni
402 627 1106 702 cabilis et singularis et non tantum est hoc verum de
401 669 1106 749 paternitate. sed etiam dico quod quaelibet quidditas qua
410 718 1106 784 est a parte rei est de se incommunicabilis et singular
407 768 1106 826 nisi forte essentia diuina vocetur quidditas. quia illa
407 813 1128 882 quamuis sit de se singularis non tamen est incommunicabilis.
407 844 1114 915 ⁋ Ad aliud dico quod paternitas est de se hec ⁋ Nec
410 893 1117 960 hoc negat augustinus. sed vult quod paternitas non
420 935 1119 1005 est formaliter deitas. Et quando dicitur quod non est de se infi¬
422 978 1126 1052 nita. Dico quod si per infinitum vel infinitatem intel
420 1024 1119 1102 ligatur aliquod absolutum. concedo quod tunc infi¬
419 1075 1120 1137 nitum et essentia sunt idem omnibus modis. sed si per
422 1112 1124 1182 infinitum intelligatur aliquid quo nihil est melius
423 1165 1122 1220 et per ipsum est infinitum melius omni alio finito
422 1201 1119 1267 Dico quod paternitas de se est infinita. sicut pa¬
419 1246 1124 1320 ternitas de se est incorruptibilis. et ideo pater
422 1289 1129 1353 nitas de se est hoc. sicut humanitas de se est hec.
411 1339 1127 1406 ⁋ Ad aliud concedo quod quelibet relatio est eque
422 1382 1121 1447 eadem diuine essentie. sed propter hoc non oporter
423 1421 1130 1493 quod quaelibet constituat vltimate et distinguat ab
425 1464 1127 1532 omni alia persona. Et ratio est. quia aliqua relatio est
431 1516 1130 1574 eadem realiter cum diuina essentia. et praeter hoc est ea
429 1561 1122 1623 dem realiter cum duabus relationibus oppositis
425 1599 1126 1664 sicut spiratio actiua est eadem realiter cum diuina
432 1639 1129 1715 essentia. et similiter cum paternitate et filiatione. et ideo
426 1684 1139 1755 constituit tam patrem quam filium. sed non vltimate
438 1728 1133 1791 nec dist nguit patrem ab omni alia persona. quia non
423 1772 1139 1843 alfilio. ⁋ Per hoc ad aliud quod non semper relationes
420 1813 1134 1877 opposite vniformiter se habent ad incommunica
432 1855 1146 1922 bilitatem. quia aliquando vna earum potest esse ea
438 1901 1147 1968 dem realiter cum relationibus oppositis et alia
438 1950 1135 2014 non ⁋ Ad aliud dico quod stante ratione paternitati
432 1986 1150 2061 ipsa erit incommunicabilis. Ueruntamen non potest po
435 2032 1149 2100 ni quod ex illo posito. et hoc quod ratio paternitatis
437 2072 1143 2143 manet sequuntur incompossibilia et contradictoria scilicet quod pater
443 2123 1150 2195 nitas sit communicabilis quod non sit communicabilis. et ideo de
444 2169 1147 2231 talibus position bus includentibus contradictio¬
438 2208 1151 2282 nem non est multum curandum. ⁋ Ad aliud patet
437 2252 1160 2327 alias quod ab vltimis constitutiuis vel distincti¬
447 2302 1151 2362 uis potest abstrahi aliquod ecmmune dictum in
452 2337 1159 2407 quid de eis. nec propter hoc oportet ponere in
462 2382 1164 2447 aliquo illorum aliqua distincta. quia illud ab
459 2419 1151 2492 stractum ab eis in nullo illorum erit realiter. ⁋ Ad
453 2469 1154 2536 aliud quod propter identitatem realem relationis cum
441 2519 1151 2584 essentia poterit relatio constituere per se vnum
453 2551 1154 2629 cum essentia. Unde nec quantum ad rem nec quantm
455 2600 1166 2676 ad conceptum nec aliquo modo tantum distinguitur.
456 2642 1172 2734 relatio ab essentia quantum distinguitur materia a
1209 245 1920 303 forma. et ideo multomelius poterunt essentia
1206 294 1917 350 diuina et relatio diuina constituere per se vnum quam
1209 340 1913 399 materia et forma quecumque. et ideo dico quod relatio.
1200 382 1908 449 nec est accidens essentie nec alterius generis ab
1211 433 1918 485 essentia nec eiusdem generis. quia non est in genere
1211 472 1910 531 sed est eadem realiter cum essentia. et ideo facit per se vnum
1211 520 1921 572 cum essentia ⁋ Et si dicatur quod retinet rationem forma
1215 558 1903 618 lem generis relationis. quameuis transeat in essentia ier
1205 612 1919 661 idetitatem. ⁋ Respondeo quod nullam rationem generis
1216 645 1925 704 retinet. sed est vnica res. et tamen eadem realiter cum essen
1214 686 1910 751 tia. ⁋ Per hoc patet ad aliud quod idemritas essenti
1218 737 1925 795 ad suppositum non est per aliquod accidens. nec per ali¬
1215 777 1934 849 quod quasi alterius generis. ⁋ Ad aliud dico quod non
1217 823 1928 885 est inconueniens quod sit aliqua identitas nature crea
1219 876 1928 926 te ad suppositum suum: si tamen sit proprius modus lo¬
1222 904 1930 969 quendi qualis non est identitas nature diuine ad
1231 952 1934 1011 suppositum suum. quia aliquando illud quod est suppositum
1225 998 1929 1063 creatum et natura nullo modo differunt. non aliter quam
1223 1048 1940 1107 natura et natura. vel suppositum et suppositum.
1221 1083 1934 1156 nec tamen hec identitas est maior quam illa. quia identitas
1230 1130 1940 1193 realis est tanta quanta est identitas realis et forma
1226 1174 1934 1239 lis. et ideo tanta identitate est essentia diuina eadem
1232 1215 1937 1287 patri quanta est eadem sibiipsi: non tamen omni modo idem¬
1234 1259 1946 1328 titatis. quia ille modus identitatis nullam maiori¬
1225 1299 1959 1368 tatem vel maiorem perfectionem addit ⁋ Ad aliud con
1226 1346 1950 1415 cedo quod secunda substantia quae in rei veritate non est substantia si
1230 1392 1939 1451 cut prius probatum est. non importat aliquid quod non est
1238 1436 1953 1495 formaliter substantia. et ideo prima substantia quae est in praedicamento
1239 1477 1946 1545 non importat aliud nisi quod est formaliter substantia. Ue
1239 1524 1942 1589 runtamen prima substantia que nec est in genere potest inclu
1244 1565 1955 1628 dere aliquid quod non est formaliter substantia: est tamen realiter
1236 1609 1955 1679 subitantia. ⁋ Et si dicatur quod relatio non potest constituere ali
1237 1656 1961 1723 quid quod est formaliter subsistens ⁋ Dico quod hec est
1249 1698 1961 1765 falsa de relatione que est realit subsitantia. Unde breuitur
1245 1745 1951 1812 pro omnibus illis rationibus dico quod non est magis in
1248 1789 1970 1856 possibile relationem constituere suppositum natu¬
1238 1830 1968 1898 re intellectualis et dare esse subsistens vel distin¬
1249 1871 1964 1941 ctum modo suo. quam esse idem realiter cum substantia: ⁋ Ad
1247 1916 1954 1982 aliud dico quod Augustinus vult quod persona habet
1253 1958 1958 2031 aliquam entitatem absolutam preter illam qua est ad
1260 2007 1954 2068 aliquid. ⁋ Ad aliud quod illa diffinitio est diffini¬
1248 2051 1968 2113 tio vnius communis ad personam creatam et increatam. et
1260 2096 1973 2163 ideo non debet ibi poni aliquid nisi commune: cuius¬
1252 2136 1987 2203 modi non est relatiuum. ⁋ Ad aliud potest dici quod quae¬
1260 2189 1964 2247 rit de aliquo nomine proprio patris. et de aliquo
1261 2229 1972 2287 nomine proprio filii. quia illa nomina pater. filius
1260 2271 1973 2332 non sunt propria diuinis. sed communia sibi et aliis. et ita
1264 2312 1970 2379 non idem querit et supponit: sed supponit nomina
1269 2355 1994 2428 communia predicari de illis et querit propria. ⁋ Ad pri
1269 2409 1995 2463 mum principale dico quod quaeuis relatio in creatu¬
1270 2448 1979 2513 ris sit minime entitatis: tamen relatio diuina
1263 2491 1985 2554 non est minime entitatis sed maxime entitatis
1265 2536 1978 2597 quia tante entitatis quante est essentia. quia eius¬
1261 2573 2001 2646 dem entitatis: et eadem entitas cum ea. ⁋ Ad
1272 2627 1990 2700 aliud dico quod persona diuina consituitur per re
