2220 3080
254 289 977 359 tres relatio nes personales. ⁋ Dicendum est quod non
265 342 971 397 est concedendum quod prnitas. filiatio. spiratio. actio
253 390 977 435 et spiratio passio sunt quattuor relationes. sicut
260 433 977 480 nec est concedendum quod essentia et paternitas sunt due
251 468 967 532 res. Ueruntamen quattuor sunt nomina importantia relatio¬
246 514 970 574 nes quorum quodlibet negatur ad aliquo aliorum
247 552 965 615 secundum quod supponit pro vera re. sicut de paternitate ve¬
240 611 969 665 re contingit dicere quod non est filiatio. et de spiratio
246 654 958 707 ne actione quod non est spiratio passio. non tamen contigit
249 693 962 750 dicere quod spiratio actio non sit paternitas. Et si lic
243 737 968 786 intelligunt. verum dicunt et aliter non. immo negarent
238 793 948 846 proprium dictum multi eorum. quia multi eorum habent pro
235 831 954 882 inconuenienti dicere quod sint. iii. res in divinis. immo
240 870 952 922 sunt tantum tres res in divinis. ⁋ Ad aliud principale
246 916 952 966 dico quod paternitas et generare nullo modo distinguuntur
241 955 950 1013 Ueruntamen hec est vera. essentia est paternitas. et hoc falsa
247 1008 953 1055 essentia generat propter diuersum modum significandi
238 1051 948 1111 qui dictum est supra quod hec est falsa. essentia generat.
235 1094 953 1144 qui tunc sequeretur quod essentia distingneretur. quod non est
232 1144 953 1193 concedendum. ⁋ Si dicatur quod hoc est contrsi dicta in prio¬
229 1186 952 1234 ri distinctione. quia ibi dictum est quod si sit omnimoda iden
228 1230 940 1282 titas a parte rei. quicqud couenit vni et reliquo
229 1275 941 1329 viversaliter sed hec est vera. paternitas est generare. et hoc similiter. genera
228 1312 946 1369 re est paternitas. ergo de quocumque dicitur paternitas de eode
229 1351 945 1417 dicitur et gnrare et ecouerso. ergo sicut haoc est vera. essen¬
229 1400 939 1465 tia est paternitas. ita etiam illa essentia est generare
240 1438 941 1508 ⁋ Ad hoc dico quod potest hec concedi. essentia est genera
235 1496 935 1553 re. si vtraque illarum sit vera. paternitas est generare. ge¬
222 1535 938 1599 nerare est paternitas. sed ex ista tunc essentia est ge
219 1574 947 1627 nerare non sequitur quod essentia generat. sicut potest dici
229 1622 945 1677 quod aliquid moueri est currere. et tamen non sequitur quod ali¬
226 1667 932 1716 quid moueri currat. Et si dicatur quod paternitas et ge
228 1710 934 1758 nerat important idem a parte rei. et vtrumque praedi¬
223 1741 938 1802 catur de reliquo. ergo si haec est vera. essentia est paternitas.
232 1789 935 1852 sta etiam erit vera essentia generat. ⁋ Dico quod etiam si
225 1834 933 1896 importent idem. non tamen vterque vere praedicatur de reli¬
225 1888 928 1931 quo. quia ista propositio paternitas est generat. et similiter ista ge¬
219 1928 920 1977 nerat est paternitas. vel erit non intelligibilis vel
213 1972 923 2028 erit simpliciter falsa. quia non potest esse propositio intelligibi
214 2014 932 2073 lis. nisi iste terminus generat supponat materia¬
214 2054 926 2119 liter vel simpliciter. et tunc est simpliciter falsa. Questio ii.
390 2100 919 2203 quaecudo principa¬
393 2185 922 2244 liter circa illam distinctionem quero
390 2227 914 2294 de verbo. et primo de verbo creato. secundo
208 2268 920 2333 de verbo increato. ⁋ Circa primum quero. Utrum
202 2321 930 2376 verbum intellectus creati sit vera qualitas subiecti
216 2361 929 2425 ue producta in mente. Quod sic. omnis intellectio actu
207 2412 917 2465 alis est qualitas producta in mente. sed omne verbum
207 2456 926 2516 est intellectio actualis. quia secundum aug. ix. de tri. c.
207 2498 916 2549 xviii. verbum est cum amore notitia. ergo etc. In oppo
204 2541 918 2602 situm augustinus. patet de tri. c. xi. in principio.
198 2577 912 2644 Uerbum quod foris sonat signum est verbi quod intus
211 2632 923 2689 latet. Ex illa auctoritate accipio propositionem istam. quod verbum
205 2670 918 2734 vocale significat verbum mentale. sed verbum vo¬
1077 279 1793 359 cale non significat aliquid subiectiue existens in
1069 337 1793 398 intellectu. sed tantum quod intelligitur ab intellectu.
1083 381 1793 440 qui significat per se rem extra. ergo voum mentale est
1083 427 1793 479 tantum obiectiue in intellectu non subiectiue. ⁋ In
1077 464 1785 533 ista questione sunt alique difficultates reales
1077 511 1793 573 aliquem magis vocales. ⁋ Difficultas vna realiter
1075 559 1778 623 est de his que sunt in mente. Nam aliqua dicunt quod
1077 599 1781 663 in mente sunt fubiectiue. potentia. habitus. actus
1078 643 1784 701 species. et conceptus. et res extra est obiectum exuns
1075 690 1786 751 in mente tantum obiectiue. ⁋ Aliam difficultas est de
1072 734 1783 784 diffinitione. an sit subiectiue in intellectu vel ob
1060 769 1769 833 iectiue tantum in intellectu. et nullibi subiectiue.
1066 824 1772 876 ⁋ Difficultas vna quae mihi videtur vocalis est ista
1062 868 1779 926 Supposito quod verbum est aliquod illorum quae sunt
1053 915 1763 963 in mente subiectiue siue obiectiue. quod illorum
1067 960 1769 1014 magis proprie debeat vocari verbum. Ideo circa
1068 1003 1763 1064 stam questionem sic procedam primo recitabo vnam
1065 1051 1771 1101 opinionem tangente vtrasque difficultates. Se¬
1051 1088 1769 1145 cudo respondebo ad quaestionem. Circa primum ponitur
1062 1133 1763 1193 vna opinio quie ponit quod hoc est descriptio verbi. Uer¬
1057 1174 1772 1234 bum est terminus actionis intellectualis ema
1054 1224 1772 1268 nans ab ipso intelligente secundum actum manens
1050 1265 1756 1318 in ipso intelligente et est aiterius declaratiuum
1066 1302 1760 1367 Prima particuia ponitur ad differentiam obiecti intelli¬
1047 1358 1760 1403 gibilis quod est principium formale intellectualis
1044 1390 1768 1457 operationis. Secunda ponitur ad differentia amoris procedenter
1054 1437 1764 1495 Dicitur autem tertio emanans ad differentiam rei intellecte
1047 1482 1753 1536 simplici intelligentia quae non est emanans et procedens
1053 1524 1751 1580 Dicitur autem ab intelligente secundum actum ad differentia actio
1045 1578 1754 1626 nis quae est intelligere simplici intelligentia quae ema
1047 1622 1743 1668 nat ab intelligente non secundum actum sed secundum habitum
1044 1658 1750 1720 Dicitur autem quaento manens in ipso ad differentiam verbi vo¬
1048 1706 1753 1763 calis quod corpaliter extra mittitur. Dicitur autem sexto. de¬
1042 1753 1751 1809 claratiuum alterius. ad differentiam cuiuscumque accepti
1047 1797 1747 1856 post primum intellectum simplici intelligentia quod non
1033 1842 1745 1902 est dec. aratiuum illius. ⁋ Ad cuius intellectum dicitur quod
1051 1877 1738 1936 alibet intellectus potest considerari vel vt est potentia
1041 1933 1739 1986 cognitiua et vt ita est virtus passiua per se ordinata
1038 1977 1744 2027 ad actum primum simplicis intelligentie in percipien
1039 2014 1739 2071 do obiectum. et hoc non nisi vt mota sit. vel quasi
1032 2064 1738 2114 mota ab obiecto. Aut potest considerari vt na
1038 2108 1738 2163 tura. et vt sic est virtus actiua que supposito
1035 2146 1738 2213 actu primo simplicis intelligentie elicit actum se¬
1034 2201 1730 2256 cundu qui est dicere quo format in se conceptu¬
1032 2233 1743 2294 simillimum illi quod est intellectum simplici intelli
1023 2287 1743 2342 gentia. qui est declaratiuus et manifestatiuus illius. et
1029 2321 1733 2385 ideo dicitur verbum illius. Uerbi gratia. postquam intelle¬
1021 2372 1738 2435 ctus de toto quodam diffinibili habet simplicem
1028 2413 1737 2474 intelligentiam vi sua actiua formabit in se conce
1033 2465 1736 2520 ptum eius. scilicet quod quid est de eadem re quam signi¬
1020 2510 1739 2556 ficat diffinito. distinguens per partes illud quod
1026 2556 1736 2606 totum est vt totum confusum. et illud quod quid est decla
1008 2600 1727 2652 ratiuum et manifestatiuum illius propter quod verbum dicitur. quia
1020 2644 1729 2694 tali quicquid est competunt praedicte sex conditiones verbi¬
1024 2683 1712 2742 ⁋ In illa opinione reputo multa falsa et contra
