2233 3058
434 250 1147 325 in mente nisi notitia incomplexa. ergo illa notitia
445 317 1154 368 erit verbum. Si dicatur quod correspondet aliquod ydolum
444 338 1140 409 vel species vel conceptus vel aliquod tale. Contra
429 399 1143 455 hoc. quocunque tali dato illo circumscripto deus
449 444 1141 499 posset facere aliquem intelligere vocem significa¬
437 481 1150 543 tiuam alicuius rei singularis. et ex ipsa concipere
435 526 1153 589 significatum illius vocis. et per consequens haberet verbum
451 572 1153 636 mentale correspondens verbo vocali. et tamen nihil
438 612 1151 681 haberet nisi notitiam actualem incomplexam. Quod autem
442 658 1148 727 verbum aliquando accipiatur a beato augustino pro omni
444 705 1150 762 actu complexo quo alicui assentitur vel dissenti
441 746 1153 818 tur. patet per eundem. patet de trini. c. xvi. vbi dicit sic.
450 792 1150 852 Nonne multa dicimus etiam que nescimus. nec
441 830 1160 899 dubitantes ea dicimus sed vera arbitrantes. quae
450 876 1147 943 si forte vera sunt in ipsis rebus de quibus loqui¬
438 935 1147 983 mur non in verbo nostro vera sunt. quia verbum
455 964 1159 1027 verum non est nisi quod de re que scitur gignitur.
449 1000 1170 1076 si autem vera non sunt. falsum est. ergo isto modo verbum
453 1051 1153 1114 nostrum nec tamen mentimur sed tamen fallimur. Cum autem
457 1106 1169 1156 dubitamus nondum est verbum de re de qua du¬
450 1136 1162 1200 bitamus. sed de nostra dubitatione verbum est. quam et
450 1187 1166 1244 uis enim non nouerimus an verum sit vnde dubita
445 1238 1171 1289 mus. tamen dubitare nos nouimus. ac per hoc cum
453 1271 1172 1340 hoc dicimus verum verbum est. quoniam quod nouimus di¬
448 1316 1169 1374 cimus quod etiam mentiri non possumus. quod cum
445 1361 1169 1420 facimus vtique volentes et scientes falsum verbum
444 1405 1174 1475 habemus. vbi verum verbum est mentiri nos. hoc
449 1452 1168 1509 enim nouimus. et cum nos esse mentitos consitemur
456 1491 1172 1552 Unde dicimus. quod scimus est dicimus. scimus
451 1535 1171 1606 namque nos esse mentitos. ⁋ Ex ista auctoritate habetur quod
462 1581 1178 1650 non omnis actus intelligendi est verbum. quia dubi
464 1624 1177 1688 tatio que est actus intelligendi non est verbum. di¬
472 1669 1176 1725 cente augustino. cum dubitamus nondum est ver¬
468 1713 1171 1773 bum de re de qua dubitamus. ergo dubitatio illa
459 1757 1184 1818 non est verbum. et tamen dubitatio illa est actus
471 1801 1174 1858 intelligendi. sicut et assentire est actus intclligen¬
472 1841 1180 1901 di. Secundo habetur quod non omne verbum nascitur de
463 1889 1171 1944 scientia in memoria. quia verbum falsum de nulla
465 1924 1183 1987 scientia nasci potest. sed aliquod est mo verbum falsum
465 1975 1174 2044 dicente augustino. falsum est illo modo verbum
480 2014 1171 2083 nostrum. non tamen mentimur. sed tamen fallimur. Tertio
478 2071 1177 2121 habetur quod omnis actus iudicatiuus intellectus quo
465 2111 1184 2166 intellectus alicui consentit vel dissentit est ver
477 2153 1185 2210 bum. quia omnis talis actus est verus vel falsus. et
469 2192 1192 2260 omnis talis est verbum secundum beatum augustinum hoc.
473 2240 1180 2306 qui ponit quod sicut est aliquod verbum verum. ita
474 2282 1187 2347 est aliquod verbum falsum. ⁋ Quarto habetur quod propositio
486 2329 1190 2385 vera siue falsa non est verbum. quia si talis proposito esset
484 2365 1193 2435 verbum nullus posset habere talem propositione in men
477 2409 1193 2470 te. nisi haberet verbum quod negat beatus augu¬
479 2456 1184 2525 stinus. quia dubitans de aliqua propositione siue sit ve¬
486 2498 1189 2561 ra siue falsa non habet verbum. et tamen in mente sua
486 2543 1195 2608 habet propositionem de qua dubitat. et ita propositio non est
489 2590 1185 2654 verbum accipiendo verbum isto secundo modo. tamen
489 2630 1199 2698 accipiendo verbum primo modo secundum opinionem que
1245 236 1951 304 ponit quod conceptus est ipsa intellectio. debet dici quod
1244 287 1965 349 propositio est verbum vel verba. Ex quibus omnibus in
1241 333 1957 390 fertur quod verbum secundum quod hic accipitur ab augustino
1256 375 1961 432 est idem quod actus iudicatiuus intellectus quo
1251 418 1967 481 alicui propositioni vel assentit vel dissentit. et ideo quia
1250 462 1975 528 propositioni dubie non assentit vel dissentit. ideo de
1259 502 1964 573 tali propositione non habetur verbum. quia tamen tali dubitatio
1251 547 1958 608 ni qua ipse dubitat de propositione dubia assentit. ideo
1251 593 1972 652 de ista habet verbum. quia istam nouit et sibi assentit
1253 640 1969 694 ⁋ Sed de vltima parte auctoritatis videtur esse dubium
1262 686 1970 745 qui videtur repugnare praedictis. quia dicit beatus Au¬
1263 733 1975 793 gustinus quod aliquis scienter mentiendo habet verbum
1255 776 1966 830 tunc quero de quo habet illud verbum. Uerbi gratia.
1266 812 1975 873 mentiatur aliquis in corde suo dicendo christum non esse
1260 855 1969 916 deum. iste sic mentiendo habet verbum. quero tunc
1263 903 1968 960 de quo. Aut de ista propositione christus non est deus. aut
1256 944 1963 1012 de illa. ipse mentitur. Non de prima propositione. quia
1269 990 1978 1054 quero aut dubitat de ea. et tunc de propositione dubia
1266 1030 1966 1093 est verbum quod est prius negatum. aut assentit sibi
1257 1079 1967 1136 et tunc non mentitur aut dissentiet tunc fallitur. et per
1272 1123 1973 1187 consequens non mentitur. Relinquitur igitur quod de propositione
1266 1176 1988 1225 dubia potest esse verbum. ⁋ Ad illud respondeo
1266 1210 1991 1273 sine praeiudicio quod augustinus vario modo accipit
1275 1252 1981 1315 verbum. quia cum dicit quod cum scientes et volentes menti
1271 1296 1981 1369 mur falsum verbum habemus. accipit ibi verbum
1262 1339 1981 1407 pro verbo vocali. quia sistendo praecise in verbo men
1272 1385 1982 1448 tali nullo modo possumus mentiri scienter. quia
1276 1437 1980 1488 mentiens scienter praecise sistendo in verbo menta¬
1278 1469 1990 1536 li. aut dicit praecise locutionem falsi scienter sine omni
1276 1523 1988 1575 adhesione illi falso. et tunc non est aliud quam appre
1273 1560 1993 1620 hendere vnum falsum. aut dicit locutionem falsi
1274 1606 1990 1663 cum adhesione tamen. Si primo modo tunc mentiri sci
1281 1649 1994 1712 enter non est nisi scienter apprehendere falsum. et per
1282 1690 1985 1762 consequens quicumque dissentiret falso mentiretur. quod est
1279 1736 1993 1795 manifeste falsum. ⁋ Si secundo modo sic includit
1284 1777 1991 1838 contradictionem. quia quod aliquis adhereat illi quod scit vel
1281 1822 1993 1881 credit esse falsum est contradictio. quia ex hoc quod scit vel
1282 1865 1985 1928 credit illud esse falsum dissentit. ex hoc autem quod
1281 1908 1984 1972 adheret sibi assentit. sed eidem assentire et dissen¬
1287 1953 1985 2017 tire includit contradictionem. ergo nullo modo potest ali¬
1293 1997 1989 2069 quis scienter mentiri sistendo praecise in verbo men
1282 2050 1997 2102 tali. Et ita beatus augustinus accipit ibi verbum
1293 2087 1999 2148 falsum pro verbo vocali. quia illud simpliciter est falsum
1287 2133 2004 2190 ex hoc quod est signum falsi. et tamen de isto verbo vocali
1295 2172 1990 2235 potest esse verbum verum. quia potest vere scire quod hoc verbum
1292 2224 1998 2278 est falsum. et quod proferens mentitur. Ueruntamen est sciendum quod
1284 2268 2004 2319 illud quod iam dictum est de scienter mentiente est intelli¬
1289 2308 1999 2377 gendum de aliquo mentaliter loquente et non alicui lo
1292 2352 2008 2409 quente. quia si aliquis loqueretur alteri mentaliter bene posset
1293 2394 2000 2451 scienter mentiri. quia tunc mentiri non esset nisi apprehen¬
1298 2439 1999 2498 dere falsum scitum esse falsum vt aliquis alius
1287 2481 1999 2538 apppraehendens illam apphensionem credat apprae¬
1300 2525 2006 2585 hensum esse verum quod tamen est falsum. quia hoc est
1287 2573 2009 2626 appraehendere falsum cum intentione fallendi.
1295 2614 2011 2686 quod est mentiri. sed hoc non est possibile nobis
