2295 3083
291 259 1002 352 nisi forte respectu angelorum aliquo modo apprae¬
291 326 1004 395 hensionem nostram ad ipsos dirigendo. Et verbum
286 373 1002 429 falsum illo modo dictum comprehendit non tantum actum
281 413 1002 480 intellectus sed etiam actum voluntatis quo vult
283 466 995 530 decipe. et ideo circumscribendo actum voluntatis
280 511 999 571 non est mendacium. sicut aliquos proferens falsum vt
283 553 992 615 ipsum improbet non mentitur ⁋ Tertio dico quod Au
285 604 992 663 gustinus frequenter accipit verbum pro actu iudi¬
279 649 995 705 catiuo vero. quod natum est gigni ex habitu sci
279 685 986 748 entisico vel saltem habitum vero. Sic accipit augu
270 734 995 792 stinus. xv. tri. c. x. necesse est cum verum loquimur
269 770 980 841 id quod scimus loquimur. ex ipsa scientia quam memo
272 817 987 885 ria tenet nascatur verbum. Et sequitur formata quaep¬
265 861 983 928 pe cogitatio ab ea re quam scimus verbum est quod
262 915 988 973 in corde dicimus. quod nec grecum est nec latinum
264 957 966 1015 nec lingue alicuius alterius. Ex ista auctoritate patet quod
255 999 964 1048 verbum nascitur de scientia. Similiter. c. xii. perueniendu
261 1043 984 1100 est ad illud hominis verbum quod omnia quibus signifi¬
261 1076 967 1145 catur signa praecedit et gignitur de scientia que manet in
256 1131 969 1192 animo. Similiter in eodem ca. Sia que per seipsum et qusa
255 1171 964 1237 per sensum corporis sui. et quae testimouiis aliorum
258 1215 965 1280 praecepta scit animus. thesauro memorie condita
248 1263 966 1331 tenet. ex quibus gignitur verbum quando quod scimus
252 1301 965 1371 loquimur. sed verbum ante omnem sonum ante omnem origine
253 1344 944 1412 soni. Ex ista aucteies patet quod verbum hic accipitur.
256 1395 962 1457 actu producto ex habitu intellectuali veridico
252 1432 965 1499 siue ille habitus sit scientificus siue euidens. si
249 1481 955 1545 ue creditiuus qui accipitur per testimonia aliorum
248 1517 954 1585 ⁋ Quarto modo accipit beatus augustinus verbum
246 1567 956 1635 pro vera notitia cum amore prolata. et sic accipit. ix.
240 1613 951 1674 de tri. c. viii. vbi sic dicit verbum amore concipitur
239 1652 943 1716 siue creature siue creatoris. Similiter. c. xdicit sic
238 1695 953 1760 Recte ergo queritur vtrum omnis notitia verbum an
238 1738 947 1800 tantum amata notitia. nouimus enim et ea que odimus
248 1778 956 1840 hec est questio beati augustini. et soluit dicens
228 1818 957 1895 sed nec concepta nec parta dicenda sunt animo quae
231 1874 950 1934 nobis displicent. non enim omnia quae quoquo tangunt co¬
237 1917 936 1980 cipiuntur. sed aliqua vt nota sint non tamen verba di¬
234 1962 946 2028 cantur. sicut ista de quabus nunc agimus. Et sequitur
232 1998 936 2068 Aliter omne quod notum est verbum dicitur animo im¬
228 2049 945 2116 pressum. quandiu de memoria proferri et diffiniri po
226 2093 939 2158 test. quamuis ipsa res displiceat. Aliter tamen placet
225 2140 935 2200 quod mente concipitur secundum quod genus verbi accipien
219 2181 935 2238 dum est. quod ait apostorhus. Nemo dicit domins iesus.
216 2224 933 2281 nisi in spiritusancto. cum secundum aliam vocationem verbi¬
220 2262 933 2336 dicant hoc et illi de quibus domins ait. non omnis qui dicit
216 2310 923 2375 domine domine intrabit in regnum celorum. Et sequitur
219 2353 932 2427 postea. Uerbum est. ergo quod nunc discernere et in¬
208 2395 935 2466 sinuare volumus cum amore notitia. Ex ista au¬
213 2447 927 2512 ctoritate potest haberi quod verbum vno modo accipitur pro¬
210 2485 932 2554 notitia cum amore. Et verbum sic dictum dicit du¬
207 2536 917 2595 os actus. scilicet intellectus et voluntatis. vt res quae sci
205 2570 917 2645 tur etiam diligatur. Aliter accipitur verbum pro omni
208 2617 918 2685 notitia quae de memoria proferri potest. et sic omnis noti¬
208 2652 924 2733 tia actualis potest dici verbum. Quinto modo ac¬
1110 281 1827 354 cipitur verbum pro conceptu mentis. quod potest haberi
1111 342 1817 411 ab augustino. patet de tri. c. iiii. vbi vult quod omne
1108 385 1821 463 signum posterius notitia. quod adhibetur vel ad¬
1102 432 1822 504 hiberi potest adaliquomodo significandum illud
1113 483 1805 546 quod intelligitur per notitiam est aliquo modo verbum
1107 527 1806 595 et ideo cum conceptus aliquo modo significent il
1089 567 1814 639 la que possunt intelligi. conceptus aliquo modo
1095 614 1804 683 verba dici possunt. Similiter videtur dicere augusti
1095 658 1799 723 nus quod cogitatum habet rationem verbi. quod est in
1089 702 1811 769 telligendum de illo quod sine cogitatione esse non
1094 743 1799 818 potest. cuiusmodi sunt conceptus. quia res que possunt esse
1085 795 1802 858 sine cogitatione. et tamen possunt cogitari non possunt dici
1092 838 1811 908 verba. Assumptum posset probari per beatum augusti¬
1085 879 1802 943 num vbi supra vbi dicit sic. De his nunc disseri
1093 929 1797 993 mus quae nota cogitamus et nota sunt nobis etiam
1085 965 1802 1039 si non cogitentur a nobis. sed certa si ea dicere ve
1087 1008 1799 1085 limus nisi cogitata non possumus. ergo videtur quod
1086 1053 1787 1124 etiam que cogitantur dummodo non sunt nisi in men
1083 1103 1793 1169 te nec possunt esse nisi cogitentur. igitur huiusmodi possunt
1087 1145 1787 1208 dici verba. Sed vtrum huiusmodi conceptus differant
1084 1184 1790 1254 ab actibus intelligendi non est modo disserendum.
1087 1228 1790 1304 ⁋ Sic ergo dico quod ista questio principaliter diffi¬
1078 1279 1781 1341 cultatem habet ex verbis beati augustini. et ideo vter
1072 1315 1793 1385 dum est isto vocabulo sicut ipsemet vtebatur. sed
1072 1357 1780 1433 ipse vtebatur aliquando pro omni actu intelligendi. Ali
1075 1417 1781 1471 quando pro actu iudicatiuo. Aliquando pro actu veridicor
1071 1445 1790 1521 Aliquando pro actu veridico cum amore. sede pro actu iu¬
1071 1498 1780 1568 dicatiuo cum amore. sicut innuit. ix. de tri. c. viii.
1065 1536 1790 1600 Et aliquando pro omni cogitato quod sine cogitatione
1068 1584 1784 1655 illa esse non potest. Et ideo quando videntur aliquae opi¬
1069 1634 1778 1692 niones contrarie per distinctionem sunt saluande.
1087 1664 1771 1732 etat ideo eodem modo de auctibus sanctorum qui au
1066 1721 1785 1789 gustinum sequebantur est faciendum. ⁋ Sed tunc est
1066 1761 1769 1830 dubium an verbum quocumque modo dicatur necessa¬
1059 1806 1760 1873 rio gignatur de memoria. quod videtur augustin
1058 1845 1765 1917 dicere valde frequenter ⁋ Ad hoc dico quod memo
1063 1884 1772 1961 ria apud beatum augustinum dupliciter accipitur. Uno
1053 1939 1754 2001 modo pro habitu intellectuali derelicto ex actu
1048 1985 1757 2043 qui potest esse principium consimilis actus. Aliter
1048 2026 1758 2094 accipitur memoria pro omni principio sufficiente
1048 2067 1752 2137 generationis verbi. siue illud principium sit ipsamet
1039 2110 1742 2183 anima. siue aliquid informans animam siue comprhi
1039 2157 1754 2225 dens vtrumque. et sic accipit ipse. patet de tri. c. xxi. vbi
1040 2194 1748 2261 sic. Cogitando quod verum inuenerimus hoc maxime
1037 2240 1761 2309 intelligere dicimur. et hoc quidem in menoria rursum
1032 2289 1748 2358 relinquimus. sed illa abstrusior profunditas
1035 2330 1746 2395 nostre memorie. vt hoc etiam primum cum cogitamus
1031 2371 1740 2446 inuenimus et gignimus intimum verbum quod nulli
1026 2422 1745 2491 us lingue sit tanquam scientia de scientia. et visio de visio¬
1031 2465 1739 2529 ne. et intelligentia quae apparet in cogitatione de
1026 2507 1733 2582 intelligentia que fuerat iam in memoria. sed la
1023 2546 1742 2610 tebat. In ista auctoritate innuitur quod memoria isto mo¬
1022 2588 1730 2660 do dicta est quod praecedit omne verbum et omnem
1017 2638 1730 2703 cogitationem. de quo tamen cognitio gigni potest.
1016 2680 1734 2748 et etiam scientia visio et intelligentia. sed hoc
