2244 3057
461 239 1165 315 non est: quia realiter sit visio scientia vel intelligentia. sed
461 288 1165 362 qui est principium visionis scientie et intelligentie.
465 329 1162 396 et hoc expresse dicit beatus Augustinus. xiiii. de tri¬
468 373 1180 445 ca. vi. vbi ponit etiam animam esse memoriam. vbi
463 427 1172 482 dicit sic. Restat vt aliquid pertinens ad eius natu¬
461 460 1173 535 ranc scilicet anime)o sit conspectus eius et in eam quando se co
464 511 1171 582 gitat. non quasi per loci spacium. sed incorporea con¬
468 555 1174 616 uersione religet cum verbo non se cogitat. nec sit
473 591 1176 667 quidem in conspectu. nec de illa suus formatur ob¬
467 636 1173 701 tuitus: sed tamen nouit se tanquam ipsa sibi sit memoria
464 683 1181 746 sui. sicut multarum disciplinarum peritus ea quae no
467 735 1186 790 uit eius memoria continentur. nec est in conceptu
467 770 1193 837 mentis eius nisi vnde cogitat. cetera in archana
471 823 1187 884 quadam notitia sunt recondita quae memoria numcu¬
474 858 1187 933 patur. ⁋ Ex ista auctoritate patet. quod ipsamet substantia
473 907 1193 969 anime potest dici memoria. quod non est propter aliam cau
474 947 1182 1014 sam nisi quia est principium sufficiens gignitionis ver¬
483 987 1199 1062 di. Et qua ratione anima propter illam causam potest dic in me¬
480 1030 1193 1097 moria. eadem ratione omne id quod se tenet a parte anime si
473 1078 1189 1142 sit principium gignitionis verbi et non verbum potest
474 1121 1192 1188 dici memoria. ⁋ Ex eadem auctoritate patet. quod scientie
473 1174 1192 1230 in memoria alicuius periti quas manifestum est non
489 1207 1192 1281 acquiri nisi post magnum exercitium actuum possunt dici
480 1254 1192 1317 memoria. et ita patet primus modus accipiendi me¬
492 1298 1196 1361 moriam. Et si dicatur. secundum praedicta lapis posset dici
485 1341 1198 1412 memoria. quia potest esse principium intellectionis et
484 1384 1200 1452 verbi. Ad illud respondeo quod lapis non dicitur me
490 1434 1194 1494 moria. quia non est anima nec aliquid in anima. et ideo si esset
485 1473 1203 1543 aliqua species in anima praecedens actum. illa posset ali¬
492 1514 1207 1588 quo modo dici memoria. secundum intentionem beati Au
494 1567 1203 1634 gustini. et hoc quia omne illud a parte sui ad quod posset
488 1604 1198 1670 mens concurrere vt actualiter cogitaret est menoria
489 1650 1202 1715 secundum beatum Augustinum. ⁋ Ex praedictis posset elici
497 1690 1220 1763 quod non est intentio beati augustini ponere in anima ali¬
494 1739 1208 1798 quam notitiam additam et habitualem qualemcumque ante
494 1783 1211 1845 omnem actum intelligendi distinctam a substantia anime. sed po¬
501 1825 1216 1888 nit quod talis notitia qua anima nouit se anteque se cogi¬
507 1867 1223 1927 taret est ipsamet substantia anime. quae est menoria. quia scilicet ni¬
504 1915 1206 1977 si esset aliquod impedimentum. ita posset anima cogi
509 1956 1219 2018 tare virtute illius substantia. sicut potest habens notitiam ha
512 2001 1212 2063 bitualem multarum rerum acquisitam ex actibus cogi¬
498 2054 1230 2105 tatis de talibus rebus nisi impediatur. vt dicit
517 2097 1217 2152 vbi supra ⁋ Nec sanne gignit istam notitiam suam
513 2135 1229 2195 mens quando cogitando intellectam se conspicit tanquam si
513 2178 1217 2240 bi incognita ante fuerit. sed ita sibi nota erat quem
517 2221 1226 2284 admodum note sunt res quae menoria continentur et si
513 2268 1223 2331 non cogitentur. ⁋ Et si dicatur quod verum est quod eodem
522 2313 1218 2369 modo est nota sicut alie res sunt note. et ergo sicut alie res
519 2366 1217 2422 sunt note non praecise per substantiam anime. sed etiam per habitum
516 2409 1226 2460 differentem ab anima. quae tamen praecedit actum. quia semper me
525 2444 1229 2504 moria praecedit intelligentiam secundum beatum augusti¬
518 2486 1225 2553 num. ⁋ Sed illud non est de intentione beati au¬
522 2527 1232 2601 gustini. sicut patet. ix. de tri. c. xiii. vbi dicit. quod omnis
521 2573 1226 2633 res quancunque cognoscimus generat in nobis
519 2618 1226 2694 notitiam sui. ab vtroque enim notitia paritur a cogno
1269 204 1990 288 scente et cognito. itaque mens cum seipsam cognoscit
1275 259 1997 319 sola parens est notitie sue et cognitum enim et cogni¬
1280 312 1989 370 tor ipsa est. Ex ista auctoritate arguo. nihil a parte anime
1277 355 1987 413 est parens verbi nisi memoria csecundum beatm augu
1282 390 1995 456 stinum in diuersis locis onsed secundum beiatum augustinum
1281 440 1994 499 hic sola mens est parens notitie sue. ergo sola mens
1290 479 1997 553 est memoria respectu notitie sue. quod maxime
1293 533 1996 584 verum est respectu primi actus. ergo primum actum
1293 573 1993 633 cognoscendi nihil praecedit nisi substantia anime. ergo etc.
1287 613 1991 677 Et omnia ista sunt intelligenda de anima si non esset impe
1293 655 2006 726 dimentum qualiter impeditur pro statu isto. ⁋ Tamen
1290 701 1994 764 contra praedicta est dubium. quia non videtur quod primus actus
1293 747 1996 814 possit esse verbum. quia secundum beatum augustinum. ix. ti.
1283 790 1999 862 c. xiiii. partum menis antecedit appetitus quidam
1292 835 2011 907 quo idem quod noscit volumus querendor et inue
1284 881 2001 950 niendo nascitur proles ipsa notitia. Ex ista aucto¬
1290 919 2005 995 ritate habetur quod gignitionem verbi praecedit apperitus
1302 966 2006 1026 ed appetitus non praecedit primam notitiam. ergo prima
1290 1012 2002 1079 notitia non est verbum. ⁋ Preterea commune vebum de
1293 1054 2009 1123 scientia nascitur secundum bieatum augustinum. patet de tri. in di¬
1290 1097 2012 1162 uersis locis. sed primus actus non nascitur de scientia
1304 1142 2007 1211 qui primum actum maxime quo anima cogitat se si non
1304 1190 2017 1252 esset impedita non praecedit nisi ipsa substantia anime
1304 1229 2031 1299 sed anima non est scientia. ergo etc. ⁋ Item. patet de trini.
1308 1272 2023 1341 c. xvi. Quid est hoc formabile non formatum. nisi¬
1308 1330 2020 1386 quoddam mentis nostre quod hacatque hac volun¬
1308 1363 2017 1424 bili quadam cogitatione iactamus. cum a nobis nunc
1305 1405 2020 1480 hoc nunc illud sicut iunctum fuerit vel accurrerit
1307 1452 2025 1514 cogitatur. et econtra. sic verbum quando illud quod nos
1308 1498 2018 1557 dicimus volubili motione iactare ad id quod
1308 1538 2035 1602 scimus peruenerit atque inde formatur omnimodam
1308 1582 2032 1656 similitudinem capiens. vt quo res quecumque scitur eam
1317 1626 2018 1692 cogitetur. ⁋ Ex ista auctoritate potest argui id quod gigni¬
1315 1674 2027 1734 tur ex volubili motione intellectus praesupponit
1307 1714 2030 1782 multos actus intellectus. sed huiusmodi est verbum. ergo
1314 1767 2021 1825 verbum praesupponit multos actus intellectus. ergo
1308 1806 2035 1873 verbum non est primus actus. ⁋ Preterea secundum beatu
1313 1849 2030 1910 augustinum. verbum mediante volubili motione for
1320 1892 2024 1960 matur de scientia. ergo praesupponit scientiam. sed primus actus
1315 1933 2036 1998 non praesupponit scientiam. ergo etc. ⁋ Ad primum istorum
1320 1984 2024 2043 respondeo quod secundum intentione beati Augustini
1333 2027 2028 2100 quin nobis de quibus ipse ibidem loquitur frequenter
1333 2069 2036 2133 vbum quo aliquid scimus praecedit appetitus. quia
1332 2113 2029 2176 requenter tale vrbum gignitur per inquisitionem que
1328 2157 2030 2229 inquisitio non fit nisi mediante appetitu. Unde
1326 2214 2033 2265 betus augustinus assignans rationem quare amor
1330 2254 2030 2305 quo anima amat se non dicitur genitus. sicut notitia
1317 2292 2041 2345 dicitur genita dicit sic. Ideo non recte dicitur genitus ab
1324 2336 2035 2405 ea supple amor. sicut notitia sui qua se nouit. quia
1323 2380 2032 2440 notitia iam inuentum est quod partum vel repartum
1331 2419 2035 2482 dicitur quod sepere praecedit inquisitio eo fine quie¬
1331 2467 2035 2524 tatur. nam inquisitio est appetitus inueniendi
1327 2512 2036 2568 Ex ista auctoritate patet quod sepere precedit inqui¬
1323 2556 2040 2615 sitio. si tamen non precederet non minus esset ver
1317 2600 2035 2671 bum. Et ideo actus primus est verbum. quamuis
