2271 3056
441 307 1146 371 beati augustini debet dici quod praecise actus intelle¬
438 349 1145 411 ctus est verbum illo modo acci it iendo verbum. quia
447 391 1142 460 beatus augustinus ponit ibi trinitatem. scilicet in men
438 437 1138 504 te notitia vel verbo et amore. ergo amor non est
437 482 1141 545 secunda pars ymaginis illius. nec etiam pars secundem
452 525 1141 595 partis. ergo cum verbum sit secunda pars. amor nec est
450 570 1151 633 verbum nec pars illius vre. bi. Ueruntamen secundum inten¬
447 610 1153 675 tionem beati augustini. illa notitia non meretur
452 657 1141 718 nomen verbi nec est verbum. nisi concurrente amor¬
456 699 1151 769 quia hoc vocabulum sic est impositum. vt non dicatur
455 745 1151 810 de notitia nisi concurrente amore. Ueruntamen
450 787 1157 849 alio modo accipiendo verbum. siue amor concurrat
447 831 1147 893 siue non ipsa notitia est verbum. et ita variis modois
456 876 1163 934 in diuersis locis vtitur beatus augustinus hoc vo
456 925 1153 985 cabulo verbum. sicut prius est probatum. ⁋ Ad argu
451 964 1157 1034 mentum in oppositum dico quod non est intentio bea¬
453 1014 1151 1071 ti augustini quod verbum vocale semper significe¬
464 1048 1156 1114 verbum mentale proprie accipiendo significare. sed
456 1089 1161 1154 improprie secundum quod vnum signum significat aliud. quia
471 1136 1162 1197 cilicet imponitur ad significandum illud idem quod signi¬
467 1182 1157 1242 ficat aliud signum secundum modum alibi expositum. et
467 1222 1163 1289 huiusmodi signa sunt verbum vocale et verbum menta
467 1266 1172 1335 le. secundum quod ibidem exponit beatus angustinus. et in
462 1308 1165 1376 diuersis locis exponit eodem modo scilicet quod illud idem
470 1353 1176 1415 quod concipimus non nisi per vocem vel aliquod
459 1404 1165 1461 signum aliud exprimimus. et ita idem est significa¬
471 1442 1165 1505 tum verbi mentalis et verbi vocalis. prius tamen
474 1484 1165 1546 significatur per verbum mentale quam per verbum vocale.
465 1531 1174 1595 Unde dicit beatus augustinus. patet de tri. ca. x.
465 1566 1165 1638 formata cogitatio ab ea re quam scimus verbum
477 1614 1167 1687 est quod in corde dicimus. quod nec grecum est
481 1661 1166 1720 nec latinum nec lingue alicuius alterius. sed cum
476 1702 1171 1764 illud opus est iu eorum quibus loquimur proferre
477 1746 1174 1811 notitiam aliquid quo significatur assumitur. et ple¬
467 1789 1180 1859 rumque sonus. aliquando etiam nutus. Ex ista auctoritate patet
464 1831 1180 1904 quod verbum vocale principaliter significat illud quod
476 1874 1172 1943 pus intus loquimur. et cuius notitiam principaliter in¬
471 1914 1168 1985 tendimus exprimere. sed nunc est ita quod aliquis loquen¬
473 1965 1180 2023 alteri frequenter principaliter intendit exprimere
474 2006 1183 2064 quo res extra se habent. sicut docens aliquam
485 2049 1171 2115 plhsipniam naturalem non intendit principaliter dicere de
486 2095 1178 2153 verbo mentis sue sed de re quam verbo mentis
485 2133 1175 2197 sue primo concipit. et ideo verbum vocale rem primo
476 2177 1189 2237 significabit. illam tamen rem prius loquens verbum menter
483 2227 1113 2292 sue significat. Questio tertia.
678 2268 1185 2372 Irca derbum in
677 2344 1189 2407 creatum quero. Utrum solus filius
668 2388 1195 2449 sit verbum in diuinis. Quod non. ver bum
483 2434 1182 2496 est notitial vel intellectio ex praecedenti questione
494 2473 1184 2545 sed non solus filius est notitia vel intellectio. ergo
492 2519 1196 2599 ⁋ Preterea quod filius non sit verbum viditur. quia nascitur
503 2562 1198 2637 praecise de esentia patris. quia aliter esset filius alicuius al¬
500 2607 1198 2679 terius quam patris. sed verbum non praecise nascitur de sub
494 2655 1202 2724 stantia patris secundum bieatum augustinum. patet de trini.
1246 262 1967 343 ca. xiiii. dicentem. verbum natum esse de hiis omnibus quae
1244 330 1948 401 sunt in seipso. scilicet patre: sed in patre. et in memi
1251 373 1967 431 ria patris sunt creature. ergo etc ⁋ Circa istam que¬
1250 413 1964 471 stionem primo supponendum est vnum concessum ab
1251 458 1960 525 omnibus. scilicet quod verbum est genitum. Ideo primo viden¬
1252 500 1958 564 dum est quid est genitum in diuinis. Secundo quod il
1250 548 1947 614 lud genitum est verbum. Tertio de quo gignitur pro
1253 593 1954 655 pter secundum argumentum ⁋ Circa primum dico
1250 643 1954 699 quod nullum absolutum in diuinis est genitum. quia semper
1263 677 1964 740 inter generans et genitum est realis distintio. secundum
1264 723 1966 779 beatum Augustinum id est de trinitate. sed nullum abso¬
1260 766 1964 826 lutum distinguitur realiter a quocumque in deo. ergo etc.
1257 811 1966 864 ⁋ Si dicatur quod verbum est quasi genitum vel procedit
1270 857 1966 912 et gignitur secundum rationem quamuis non secundum realem emana
1269 895 1977 966 tione vel gignitionem. ⁋ Contra. illud quod non gi¬
1266 938 1972 1007 gnitur nisi secundum rationem non gignitur realiter ex na
1272 984 1968 1041 tura rei. ergo si absolutum in diuinis non gignitur.
1268 1030 1973 1084 nisi secundum rationem non gignitur ex natura rei. et per con¬
1263 1072 1976 1131 sequens non est vere genitum nisi secundum modum intel¬
1260 1115 1967 1183 ligendi. ⁋ Preterea. semper inter generans et genitum
1268 1162 1977 1215 est distinctio. ergo quando aliquid gignitur secundum rationem in¬
1275 1204 1974 1260 ter generans et genitum est distinctio secundum rationem. sed
1268 1255 1978 1303 ostensum est supra distinctione secunda. quod nullum
1270 1287 1980 1353 absolutum in diuinis a quocumque distinguitur in di¬
1275 1334 1983 1395 uinis. secundum rationem. Secundo dico quod illud genitum est
1281 1377 1987 1450 persona relatiua. sed hoc non potest probari per rationem.
1272 1428 1979 1485 sed est sola fide tenendum. Et quod hoc sit tenendum
1272 1472 1973 1527 patet multis auctoritatibus. tam biblie quam sanctorum
1277 1515 1979 1570 quas pertranseo. quia note sunt. ⁋ Circa secundum arti
1280 1561 1984 1612 culum est tenendum quod illud genitum vere est verbum
1282 1597 1972 1652 Sed qualiter hoc diuersi declarant diuersimodo
1290 1638 1972 1703 Unde quidam doctor modernus dicit. quod quia filius in
1282 1681 1984 1744 diuinis emanat in esse conspicuo et obiectiuo. ita
1284 1726 1988 1786 tamen quod vere realiter capit esse. ideo dicitur verbum. Unde
1280 1768 1992 1835 probat tres propositiones. ⁋ Prima est. quod in omni in¬
1270 1820 1988 1873 tentione emanat et praecedit non aliquid aliud. sed ipsa
1281 1854 1990 1912 met res cognita in esse obiectiuo. secundum quod habet
1279 1904 1982 1957 terminare intuitum intellectus. ⁋ Secunda est quod ob
1289 1941 1984 2001 iectum sic positum et formatum ante dictum intra men
1287 1983 1972 2046 tem vbi cospicitur et ad quod cogitantis intuitur
1281 2029 1986 2087 terminatur est verbum mentis nostre. ⁋ Tertia est
1290 2077 1985 2137 quod filius in diuinis emanat in consimili esse conspi
1293 2123 1988 2183 cuo et obiectiuo. sic tamen quod formatur vere et realiter et
1287 2164 1988 2220 capit esse reale. Ex quibus sequitur quod illud genitum
1293 2209 1990 2261 in diuinis est vere verbum. ⁋ Prima propositionem
1299 2251 1990 2314 probat iste alibi sicut ipsemet dicit hic videlicet
1289 2289 1991 2362 quod in actu intellectus de necessitate res intelle¬
1296 2334 1990 2393 cta ponitur in quodam esse intentionali conspicuo¬
1299 2375 1994 2435 apparenti ⁋ Primo sic. non est magis formatiuus
1297 2425 1990 2478 sensus exterior vel interior quam sit actus intellectus
1290 2466 1993 2530 sed actus sensus exterioris ponit res inesse in
1296 2508 2000 2564 tentionali. vt patet in multis experientiis. Pri¬
1299 2555 2003 2610 na quidem. quia cum portatur aliquis in aqua arbo.
1297 2595 1991 2653 res existentes in ripa moueri videntur. iste mot
1299 2643 1997 2703 qui est in oculo obiectiue non potest poni quod sit ipsa
