2246 3069
259 283 968 347 visio. alioquin ipsa visio esset obiectum visus. et vi¬
247 345 962 396 deretur et essent visus potentia reflexiua. Nec potest
260 383 962 440 poni quod sit realiter in arbore vel ripa. quia tunc realiter
244 436 955 494 mouerentur ⁋ Nec potest poni quod sit im aere. quia aeri
249 474 954 527 non attribuitur sed arbori. est ergo tantum intentionaliter non
249 524 959 576 realiter in esse viso. et in esse iudicato. ⁋ Secunda ex¬
240 563 955 623 perientia est in motu subito baculi et circulari in
253 606 959 657 aere. apparet enim quidam circulus in aere fieri ex
246 650 949 701 baculo sic moto. queritur ergo quid sit ille circulus qua
243 693 953 744 apparet videnti. aut enim est aliquid reale existens in
246 735 955 784 baculo quod esse non potest cum sit rectus. aut im acre
246 778 961 836 quod no. quia circulus coloratus et terminatiuus in
237 836 953 882 aere esse non potest. Nec est ipsa visio. quia tunc visio
253 868 956 925 videretur. et iterum visio non est im aere vbi circulus
246 913 956 964 ille apparet. nec alicubi intra oculum esse potest
249 961 952 1016 ppter easdem rationes. et ideo relinquitur quod sit im aere
247 1000 956 1049 praequens esse intentionale siue im aere apparenti siue
240 1044 943 1094 iudicato. ⁋ Tertia experientia de baculo fracto
234 1087 955 1140 in aqua. ⁋ Quarta de dualitate candelarum ap
240 1129 967 1186 parentium vno oculo eleuato. sunt enim due in esse.
234 1177 956 1228 apparenti. et tamen non est nisi vna in esse reali. ⁋ Quin
247 1220 950 1275 to de coloribus colli columbe. ⁋ Sexta de yma¬
234 1261 955 1320 ginibus que videntur in speculo. aliquando quidem
234 1315 950 1359 infra. aliquando in superficie speculi. et aliquando extra in
234 1355 947 1399 aere inter videntem et speculum secundum quod sunt diuersa
240 1391 955 1449 loca ymaginis. de quibus tractat perspectiuus. iii.
234 1444 950 1490 v. et. vi. libris. talis autem ymago vel est species rea
245 1483 953 1532 lis quae est intra subiectiue in speculo. et hoc poni
237 1527 947 1574 non potest. vt demonstrat perspectiuus in. iiii li. vel
243 1570 943 1620 illa ymago ponetur ipsa vera res habens esse rea
228 1609 955 1663 le. et hoc esse non potest. quia facies non est realiter intra¬
244 1667 959 1711 peculum vbi species ipsa appret. Uel dicetur quod yma¬
231 1701 944 1757 go illa est visio existes in oculo vel aliquid ibi exi¬
228 1736 949 1798 stens. quod esse non potest cum appareat intra spe¬
234 1785 937 1838 culum et in situ diuerso. vt perspectiuus probat. Reli
232 1829 949 1881 quitur ergo quod sit sola apparentia rei vel res habens
231 1877 943 1928 esse apparens et intentionale. ita quod ipsamet res
234 1915 934 1969 sit intra speculum in esse viso iudicato et apparem
228 1958 935 2014 ti ⁋ Septima experientia est in illo qui videt solem¬
230 2001 944 2059 postquam enim auertit obtutum. apparent quedam rtiotum
231 2047 944 2094 ditates lucide ante oculos que paulatim eua
240 2094 934 2139 nescunt. de quibus angustinus dicit. xi. de tri.
237 2136 938 2192 ⁋ Sctaua aut in his qui aspexerunt aliqua mul¬
234 2182 932 2232 tum rubea. vel per causacellos extra enim aspicientes
235 2219 947 2272 litteras vel aliqua alia apparent eis rubea. vel
226 2263 929 2311 cancellata. quequidem cancellatura vel rube¬
225 2307 932 2356 do non dubium quin non habeant nisi esse inten
225 2358 938 2416 tionale et apparens. Et vniuersaliter qui ne¬
235 2410 934 2454 gat multa habere esse intentionale et apparens
225 2443 931 2494 tamtummodo. et alia que videntur esse extra in rerum
225 2483 935 2531 natura negat omnem ludificationem et incidit
217 2530 926 2582 ui errorem dicentium. quod omnia que apparent sunt
217 2575 929 2625 Cum ergo sensus exterior ponat res in esse in
222 2619 916 2677 tentionali. et similiter ymaginatio. Nam pater
225 2660 929 2716 meus ymaginatus a me est ipsemet positus in
1063 287 1774 347 esse intentionali. non enim est species. quia tunc imagina
1062 347 1768 394 tio non caderet super rem sed super speciem tantum. et esset
1066 388 1766 436 potentia reflexiua. et multa alia inconuenientia se
1069 436 1768 486 querentur. Cum inquam ita sit de sensu interiori et ex
1051 479 1761 532 teriori. relinquitur multo fortius quod intellectus po
1056 515 1786 577 nit res in esse intentionali et apparenti. ⁋ Et si di
1065 562 1769 607 catur quod omnes iste apparentie sunt in erroneis vi¬
1057 603 1754 653 sionibus. vt secundum hoc vera visio non ponat res in
1051 651 1768 704 esse intentionali sed erronea et falsa. ⁋ hoc quiden¬
1050 693 1760 744 non valet. nam multo fortius vera visio debet hoc
1051 737 1768 792 facere cum sit perfectior. sed tamen non distinguitur ima
1062 778 1757 834 go seu res in esse apparenti a reali. quia simul coin¬
1051 826 1782 880 cidunt in vera visione. ⁋ Preterea. illud quo anima
1060 867 1754 922 geminatur et ante se constituitur et ponitur conspi
1054 914 1757 966 cua in conspectu suo. videtur dare rebus esse obie¬
1048 957 1757 1009 ctiuum et intentionale ac conspicuum ac apparens.
1056 996 1762 1057 sed dicit augustinus. x. de tri. c. vi. quod tanta est vis
1053 1043 1750 1092 cognitionis vt nec ipsa mens. in conspectu suo
1050 1085 1778 1143 se ponat nisi quando se cogitat etc. ⁋ Preterea. impossi¬
1051 1126 1760 1179 bile est quin apparitione formali aliquid appareat
1053 1177 1763 1224 obiectiue. sicut enim albedine aliquid albet: et reprae
1051 1215 1756 1271 sentatione aliquid repraesentatur. et pictura aliquid
1051 1261 1766 1311 pingitur. sic apparitione aliquid apparet. sed constat
1051 1307 1760 1359 quod intellectus non est aliud quam apparitio quedam
1045 1350 1759 1399 formalis. sicut enim visio est quedam apparitio in
1036 1395 1748 1446 oculo consistens. ita quod dum res videtur appa
1038 1436 1757 1485 rent secundum quod consequene. dixit. iiii. metha. commen. xxiii. que
1042 1480 1754 1535 sunt quedam distinctiones in quibus credimus sen¬
1039 1525 1751 1578 sum esse verum: et alie in quibus credimus esse falsum.
1045 1565 1747 1616 sicut dispositio rerum apparentium visui ex remo
1044 1609 1757 1661 to et propinquo in sanitate et infirmitate. in vi¬
1042 1655 1760 1710 gore et debilitate. in somno et in vigilia. Idem
1042 1699 1750 1744 enim apparet magnum in propinquo et peruum in re¬
1038 1739 1748 1792 moto. et color apparet vnus in propinquo et alter
1029 1792 1747 1837 in remoto. Ex quo patet secundum cum quod visio non est ni¬
1044 1825 1750 1880 si apparitio quedam. Unde phasma dicta est secundum
1044 1871 1750 1929 grecos a phasmos quod est apparitio. et per consequens
1045 1917 1750 1968 intellectio cum sit quedam spiritualis visio rerum
1042 1962 1736 2017 et quedam spiritualis apparitio. ergo reliquitur quod
1042 2006 1744 2050 res capiant esse appares. Non enim potest dici quod in¬
1035 2046 1748 2098 tellectio sit illa apparitio quod nihil appareat ni
1036 2087 1736 2146 si ipsa. Alioquin intellectio appareret et intellige¬
1026 2135 1742 2190 retur. nec cognosceretur aliud extra intellectum
1026 2175 1754 2233 patet igitur a priori quod omnis intellectio immo omnis
1033 2219 1739 2278 cognitio est illud quo res apparent et ponuntur
1027 2261 1762 2322 in esse intentionali. ⁋ Preterea. etiam a priori constat
1035 2306 1745 2358 quod intellectio est simillima rei de qua est. aut er¬
1024 2358 1733 2406 go per hanc similitudinem res capit esse aliquod. aut
1023 2397 1727 2449 denominari tantum. sed non potest dici quod denominari tantum. sic
1020 2437 1733 2487 quod esse in intellectu non sit nisi denominatio quedam.
1033 2488 1745 2536 icut cesar pictus denominatur a pictura. per hanc
1026 2528 1729 2576 cntum denominationem cesar non est praesens picture nec
1021 2570 1730 2618 sibi obiicitur nec apparet. ergo necesse est dicere
1027 2621 1730 2669 quod per intellectionem tamquam rei simillimam res capiat
1015 2656 1736 2711 esse quoddam. ita vt esse intellectum non sit deno¬
