2242 3053
390 241 1112 330 nullus motus est ipsarum arborum. tamen ista proposi¬
398 314 1108 385 tio arbores mouentur est obiectiue in intellectum
408 356 1121 418 et bene verum est quod intellectus potest formare propo¬
402 394 1119 466 sitiones: et eis assentire vel dissentire. sed hoc non
399 448 1106 513 est ad propositum. ⁋ Et si dicatur quod non tantum arbores
405 486 1108 560 videntur moueri intellectui. sed etiam sensui. intantum
398 531 1109 601 quod etiam videntur moueri brutis animalibus qui nullam
405 578 1109 642 cognitionem intellectiuam habent. Dicendum quod si
399 617 1109 684 illa propositio arbores videntur moueri sensur
399 664 1114 733 sic intelligatur. quod aliquis motus siue realis siue
417 709 1121 783 quicumque apprehendatur a sensu. falsa est. quia nul¬
410 753 1115 822 lus motus nisi realis vel qui potest esse realis ap
414 798 1109 864 orehenditur a sensu: sicut nulla albedo nisi rea¬
408 842 1118 905 lis: vel que potest esse realis apprehenditur a sen¬
414 886 1121 947 su. et ideo nullus motus nec realis nec apparens con¬
413 934 1110 993 stituitur per sensum. nec aliquis motus quicumque ap
407 975 1125 1046 paret sensui. Si autem praedicta propositio intelliga
414 1028 1111 1081 tur sic. quod in sensu est aliqua apprehensio vel ap
410 1066 1119 1136 prehensiones diuersorum obiectorum. virtute quarum
408 1117 1117 1170 a sentiente possunt elici consimiles operationes
406 1154 1123 1229 operationibus elicitis a sentiente corpus vere mo¬
410 1203 1121 1260 tum. tunc vera est propositio. ex hoc tamen non sequitur
402 1244 1121 1302 motum aliquem apparere. sed sequitur quod in sensu sunt
423 1286 1125 1358 plures apprehesiones equiualentes quantum ad opera
408 1332 1116 1399 tiones elicitas apparitioni vel visioni. quae motus
414 1368 1124 1435 apparet. illo modo loquendo quo ponitur motus
410 1418 1119 1491 posse videri. ⁋ Et confirmo istam responsionem quod non
422 1464 1133 1523 plus sequitur. arbores apparent moueri. ergo aliquis
414 1509 1124 1568 motus habet esse obiectiuum. non plus quam sequitur. ar¬
411 1551 1117 1611 bores apparent moueri realiter. ergo aliquis motus rea¬
414 1592 1115 1656 lis apparet. quia consimilis modus arguendi est. Sed
405 1643 1121 1697 secunda consequentia non valet secundum omnes. ergo nec prima. Et ideo di
417 1683 1126 1744 co. quod quando conceditur quod arbores videtur realitur vel
405 1728 1120 1791 motu reali moueri non est concedendum quod aliquis mo
414 1772 1121 1830 tus realis apparet. sed conceditur. quod habet apphen
411 1815 1121 1875 siones equiualentes quantum ad operationes elicien¬
417 1861 1121 1917 das apprehensionibus quibus apprehenduntur arbo¬
417 1899 1119 1962 res moueri veracitur. ita consimiliter est dicendum de
408 1947 1130 2004 ista. arbores videntur moueri. Et ita nullus motus
412 1990 1127 2053 est intentionabiliter. non plus quam realiter in esse viso
414 2033 1132 2097 vel in esse secundum sensum iudicato. quia nullus motus vi¬
411 2076 1122 2146 detur. ⁋ Secundo confirmo istam responsionem. quia si mo
419 2126 1121 2183 tus ibi aliquis videtur et non motus realis. ergo tantum mo¬
411 2166 1121 2229 tus habens esse obiectiuum. Sed magis distinguitur
415 2210 1127 2276 motus ille intentionalis a motu reali quam ab albe¬
419 2257 1121 2325 dine vel nigredine. ergo per visionem talis motus inten
411 2300 1130 2362 tionalis non plus iudicaret libi esse motum realem
416 2348 1127 2402 quam albedinem vel nigredinem realem. quod isti negant.
417 2388 1127 2448 ⁋ Ideo dico quod nullus motus ibi videtur. quia tamen ille an
411 2433 1120 2504 bores propter motum existentis in naui qui non mouetur
412 2473 1130 2546 nisi ad motum nauis. in diuersa distantia et aspe¬
419 2524 1136 2582 ctu videntur ab existente in naui. ideo videntur mo¬
416 2570 1127 2627 ueri arbores ille. ita quod iste propositiones equiualeant. a
419 2606 1127 2672 bores sine omni medio producto vel facto in quo¬
411 2650 1132 2728 cumque esse reali vel intetionali videntur successiue
1218 253 1925 315 in diuersa distantia et aspectu ab oclo moto ad
1228 308 1936 357 motum nauis. et arbores videntur oculo moueri.
1230 346 1925 412 Et ideo sicut ex prima propositione non sequitur quod aliquis
1233 397 1933 446 motus intentionalis appareat. ita nec ex secunda
1229 432 1924 490 Et si dicatur quod non cuilibet tali oculo videntur a
1232 486 1937 541 bores moueri. quia multi videntes iudicant et sciunt
1226 523 1938 585 quod non mouentur. Dicendum quod hoc est propter intellectum
1227 565 1933 634 qui iudicat quod non mouentur. vel si hoec contingat in bru
1221 609 1926 670 tis vel ratione carentibus. hoc est propter aliquam appter
1230 665 1924 715 hensionem impedientem actionem alicuius causae nati
1227 699 1934 761 ralis. qualiter tamen haec possit fieri. declarare propter bre
1222 751 1937 804 uitatem omnittam. ⁋ Per idem dico ad secundam expe
1227 791 1937 852 rientiam quod nullus circulus apper oculo. intellectus
1230 835 1935 889 tamen aliquando credit istam propositione esse veram. circulus est
1236 876 1936 932 im aere. sed oculo nullus circulus apparet nisi equiua
1227 923 1949 980 lenter id esthabet apphensionem vel apprehensiones equiua¬
1224 965 1945 1029 lentes quantum ad operationes eliciendas. apprehensioni¬
1236 1011 1945 1068 vel apprehensionibus circuli. qualiter tamen haec posset fieri
1233 1054 1933 1113 longu foret declarare. Ueruntamen ex dicendis in
1227 1096 1946 1161 ista quaestione studioso poterit aliqualiter appere. Quod
1221 1141 1946 1204 autem infertur in isto argumento quod est ibi est simpliciter
1239 1190 1939 1244 falsum sicut sonat. quia nihil est ymaginabile in
1236 1230 1943 1293 aere nisi reale. quia si habet esse im aere. aut subiecti¬
1233 1277 1943 1336 uum aut obiectiuum. Si subiectiuum est reale. Si ob
1236 1320 1941 1384 iectiuum hoc est impossibile. quia aer non est cognitiuus
1233 1364 1937 1422 nec volitiuus. Unde circulus ille non est im aere etiam
1233 1406 1943 1467 si esset ponendus. nec sequitur iudicatur esse im aere. ergo
1226 1451 1947 1511 est im aere. non plus quam sequitur. deus iudicatur esse cor¬
1226 1493 1942 1560 pus. ergo est corpus. Et ex isto posset ratio deduci
1233 1537 1943 1600 ad oppsitum magis quam ad intentum suum. quia sicut propter hoc
1227 1584 1940 1648 quod circulus iudicatur esse im aere non sequitur circulum
1233 1626 1952 1690 esse im aere nec realiter nec intentionaliter. ita propter
1233 1672 1940 1733 hoc quod circulus iudicatur esse non sequitur circulum esse nec
1229 1717 1943 1780 realiter nec intentioaliter. ⁋ Per idem ad tertiam expe
1227 1761 1946 1827 rientiam quod nulla fractio est per sensationem. quamuis
1243 1801 1952 1857 per intellectum illa propositio credatur esse vera. baculus est
1233 1856 1946 1906 fractus. et in sensu est apphensio vel apphen¬
1228 1901 1946 1956 siones equiualentes ad causandam talem credulita¬
1236 1935 1939 2000 tem in in intellectu qualem causaret sensatio si baculus
1231 1976 1943 2035 esset exta aquam. et apprehenderetur et esset fractus. ⁋ Per
1241 2022 1945 2084 idem ad quartam quod est ibi sensatio vel sensationes
1246 2074 1952 2125 equiualentes quantum ad operationes eliciendas siue in
1239 2112 1936 2167 intellectu siue in sensu exteriori vel interiori sen
1236 2154 1952 2215 sationi vel sensationibus duarum candelarum realiter
1234 2203 1948 2264 existentium. nec sunt ibi due causadele in esse apparenti.
1228 2245 1955 2304 quod esse apparens mediet inter sensationem vel sen¬
1240 2289 1952 2345 sationes. et ipsam causadelam vel partes causadelarum. intel
1246 2338 1940 2395 ligendo tamen quod sunt due causadele in esse apparenti. isto
1239 2377 1945 2433 mo quod sit ibi iudicium quo iudicantur esse due causade
1236 2419 1945 2479 le potest concedi in intellectu et equiualentur in sensu.
1230 2468 1955 2530 sed ex hoc non sequitur quod sit aliquid quocumque modo aliud
1228 2512 1937 2571 a candela et partibus ipsius et ab actu cognoscend
1237 2558 1946 2609 in potentia. ⁋ Ad quantum dico quod vbicumque fuerint
1227 2597 1939 2653 illi colores vere sunt ibi colores realiter existentes
1233 2643 1962 2715 Utrum autem sint in collo columbe vel im aere propi
