2213 3051
386 264 1092 341 est. nec aliud est rem obiici vel appere intelle¬
387 327 1087 389 ctui nisi intellectionem rei esse in intellectu. Ad
385 370 1091 444 commen. quod intelligibilia esse in intellectu vel co
386 416 1091 488 gnitione non est nisi ipsa intelligi vel cognosci. Ad
388 460 1085 518 vltimum potest multipliciter dici secundum diuersas opiniones
393 512 1082 574 Uno modo quod diffinitio est insufficiens. quia qui pone
383 549 1091 620 ret opinionem de fictum quae frequenter est recitata di¬
388 589 1097 658 ceret quod quando intelligitur rosa simpliciter. nec intelligitur.
381 634 1091 707 species informans intellectum. nec actus intellectus.
390 680 1091 742 nec res fcam per intellectum. nec res subsistens praeter
381 725 1100 783 intellectum. nec omns rose existentes exa posite in esse
391 775 1096 830 intentionali et appenti quasi vna rosa totalis. sed in
391 814 1093 881 telligitur vnum habens esse obiectiuum tale quale rosa
393 857 1099 924 particularis extr habet in esse subiectiuo et illud nec est
381 903 1090 963 species nec actus nec res fcam. nec res subsistens nec
390 946 1099 1006 est rose extra in quocumque ess. sed vnum est fictum in anima quod
394 991 1096 1055 non est ideo realiter cum aliquo extra et est commune. sic decla¬
395 1044 1095 1094 ratum est alibi ⁋ Aliter dicerent illi qui ponunt conce
390 1083 1096 1147 ptum seu intentionem anime esse realiter intellectionem. quia
395 1134 1091 1191 dicerent quod diffinitio est insufficiens propter hoc quod
394 1166 1094 1231 tali intellectione intelligerentur omns rose extra. non
393 1209 1108 1268 tamen posite in esse intentioali apprenti quasi vna rosa
390 1256 1106 1313 totalis per quamncumque causationem est impossibile. ipse
389 1301 1112 1360 tamen rose terminant actum intelligendi sine quocum
402 1345 1094 1413 que medio vel alio terminante ⁋ Aliter potest dici quod
396 1387 1109 1459 per intellectum intelligitur res fcam in esse reali. ⁋ Et
402 1433 1107 1493 ad primum in contrarium quod non concludit dicerent. quod non
405 1476 1097 1539 omnis intellectio est productiva. Similiter quamuis ex aliquo
405 1522 1105 1580 intellectione sequatur aliquid factum. sic saltem verum
396 1564 1099 1629 est de habitum generati. non tamen sequitur aliquid factum extra animam
397 1613 1106 1663 et hoc immediate. quamuis mediante actu voluntatis ali
399 1655 1114 1714 quid aliquando fiat extra. et hoc est intentio philosophi ⁋ Ad secundum
405 1699 1108 1757 in contrarium dicendum est sict dictum est prius. quod scientiam ess
401 1745 1105 1799 de aliquibus est dupliciter. vel quia illa sunt partes propositionis
400 1797 1099 1846 scite. vel quia sunt illa pro quibus partes conclusionis sup
418 1829 1112 1888 ponunt. Primo modo scientia non est de rebus ex. sed est de
408 1870 1121 1936 aliis rebus. et hoc secundum aliquam opinionem est de entibus
402 1912 1124 1977 rationis hoc tamen non assero quod non est de rebus exr. Sed ex hoc
400 1958 1109 2030 non sequitur quod propositiones non sunt vere. quia non sequitur. sub
404 2001 1114 2063 iectum est alia res a praedicato. ergo propositio non est vera.
405 2046 1121 2103 Nam per talem propositionem homo est animal. vel homo est risibilis.
412 2092 1103 2152 non denotatur quod subiectum sit praedicatum sed quod stant
408 2133 1117 2195 eodem. et ideo est propositio vera. Sed secundo modo scientia est de re
409 2179 1117 2240 bus ex. quia subiectum et praedicatum propositionis. quamuis non
406 2224 1120 2284 sint vna res. tamen supponunt pro eadem re. et isto modo
411 2266 1121 2327 scientia est de rebus ex. hoc est termini propositionis scite
411 2313 1115 2374 supponunt pro rebus extra. ⁋ Alia menbra quae improbat
406 2356 1115 2420 falsa sunt. tamen rationes sue non concludunt. Prima conclusi pri¬
410 2400 1114 2462 mum non concludit. quia non haberent alii pro inconuenienti
407 2446 1120 2516 quod species tantum intelligeretur et non res ex tali intelle
419 2490 1126 2549 ctione. quamuis vna alia intellectione res intel¬
410 2525 1129 2592 ligerentur. sicut qui poneret entia ficta de quibus fre
423 2573 1130 2646 quenter dictum est. quod quando intelligitur vniversale nulla
425 2618 1124 2681 res extra intelligitur. quando tamen intelligitur
423 2662 1130 2733 singulare siue notitia intuitrua siue abstractiua
1197 258 1916 329 intelligitur singulare. Secunda etiam non concludit. quia
1198 316 1910 374 non probatur quod scientia non sit nisi de speciebus tamen supponem
1203 360 1909 417 tibus pro rebus extra sicut dico quod scientia non est de rebus extra
1191 410 1928 461 ita quod ille sint partes propositionis scite. quamuis partes sup¬
1197 456 1913 512 ponant pro rebus ex. Nec tertia concludit. quia quamuis
1206 497 1922 556 species tantum intelligeretur tamen proposito esset vera. quia subie¬
1204 536 1904 592 ctum et praedicatum supponeret pro rebus extra et pro eisdem¬
1206 587 1905 638 rebus ⁋ Prima ratio concra primum menbrum habet apparentia scilicet
1202 621 1910 682 cunda non concludit. quia non probat quod illud quod intell
1209 671 1906 733 gitur quando intelligitur rosa non potest realiter multiplicari
1198 715 1913 783 quamuis sit immultiplicabilis per equiualentiam quantum ad
1202 765 1915 821 rationem praedicabilis de pluribus. sicut est alibi decla¬
1201 803 1913 875 ratum. ⁋ Preterea. prima ratio contra quartum menbrum non conclu¬
1198 846 1926 902 dit. quia quando philosophus dicit in praedicamentis. quod destructis
1197 893 1919 961 praemis subiis impossibile est aliquid aliorum remanere
1206 934 1922 992 non intelligit quod destructis indiuiduis non potest esse
1209 981 1928 1038 in esse sibi conuenienti aliquod vniversale praedicabile de mul¬
1202 1023 1916 1081 tis. sed intelligit quod si esse negetur a quolibet indiuiduo
1202 1066 1911 1126 a quolibet vniversali supponente personaliter negabitur. et loc
1209 1112 1913 1169 est verum. sed nihil est ad propositum. Secunda ratio est ap
1215 1153 1919 1221 parens. quamuis posset impediri. Tertia ratio non concli
1212 1201 1934 1257 dit. quia quamuis subiectum et praedicatum essent res distin
1222 1240 1928 1302 cte realiter. non sequeretur quod praedicationes essent secile. nisi¬
1221 1287 1928 1347 subiectum et praedicatum supponerent pro seipsis. et no
1212 1335 1932 1398 pro eisdem rebus. Nec quarta valet. quia scientie non sunt
1215 1381 1920 1437 de rebus ex tamque de illis quae sciuntur. sed tanquam de illis
1222 1418 1924 1488 pro quibus termini propositionum supponunt. Similiter diffini¬
1220 1467 1931 1523 tiones non sunt de rebus extra tamquae de illis de quibus adequa
1216 1509 1929 1568 te praedicantur. sed tamquam de illis pro quibus talia de quibus
1214 1553 1925 1619 praedicantur adequate supponunt. Unde iste rationes. ve¬
1219 1596 1927 1656 omnes vel fere omnes quas adducit sunt contra proprium dicti
1227 1641 1933 1707 Nam quaero. aut illud quod determinat actum intelligendi
1231 1684 1934 1757 quando intelligitur rosa simpliciter est rose exr. vel non est ro
1223 1729 1938 1790 se. si non sit rose ex. ergo per argumenta sua scientia non est
1224 1766 1939 1829 de rebus extra nec diffinitiones nec propositiones erunt vere.
1225 1819 1939 1872 si illa rosa est idem realiter cum omnibus rtosis sicut ipse dicit.
1223 1857 1934 1927 ergo sicut ipse rose non producuntur. ita nec illa rosa po
1222 1905 1934 1964 nitur in tali esse. ⁋ Preterea. prius dicit quod multo fortius
1225 1948 1933 2008 vera visio ponit res in tali esse apparenti quam falsa
1225 1989 1934 2049 visio. sed per falsam visionem fit aliquid quod non est realiter
1228 2034 1937 2097 ipsa res intellecta. ergo per veram visionem. ergo illud ap
1226 2078 1933 2143 parens non est realiter ipse rose particulares. ⁋ Preterea
1231 2126 1936 2181 si illa rosa intellecta non distinguitur a rosis partici
1224 2170 1942 2230 laribus. sed est ipse rose particulares. ergo nihil est praeter
1227 2211 1949 2273 ipsas rosas particulares et ipsam intellectione. ergo si
1227 2259 1946 2324 propter intellectionem iste rose nunc apparent et prius
1225 2298 1934 2366 non. cum hoc non sit nisi propter intellectionem. et ipsa in
1231 2346 1952 2403 tellectio est ipsus rosis particularibus extrinseca. tam
1233 2387 1943 2444 tum erit denominatio extrinseca quando dicitur illa ratio¬
1230 2432 1949 2489 sa apparere. quod ipse negat. ⁋ Preterea. si illa rosa
1221 2481 1949 2533 est rose particulares. et rose particulares habent esse re¬
1233 2530 1951 2576 ale. ergo illa rosa habet esse reale. et non tantum intentiona¬
1234 2564 1940 2620 le. Et si dicatur quod ex hoc quod apparent habent esse intentio
1224 2606 1945 2662 nale. hoc non valet. quia eadem facilitate dicam. quod ex
1235 2651 1949 2712 hoc quod deus creat. deus habet esse intentionale. quia est
