2236 3079
256 278 974 351 vna diffinitio ipsius non continens aliquod equiuocum
262 329 960 394 icitur de omnibus de quibus verificatur nomen. et runc: est nomen
262 383 969 440 vniuocum aut non et tunc est equiuocum. Qualiter autem
253 418 963 481 illud positum in diffinitione exprimente quid nominis de
249 464 965 526 beat cognosci ansit vniuocum vel non. recurrendum est
252 518 952 576 ad eandem artem. Et potest ista ars applicari modo suo
238 561 958 608 quamuis non totaliter consimiliter non tantum nominibus cathegoreu¬
246 603 950 658 matiu. sed etiam sincathegoreumatiu et verbis et omni
243 651 954 705 perti onstonis. Sed qualiter diuersimode causa breuitatis
250 692 951 744 omitto. ⁋ Exhis dico ad quaestionem quod si intelligatur
247 739 959 793 quaetio de conceptu correspondente huic noni principium. an
241 778 941 831 sict correspondeat sibi vnus conceptus vel possit correspondere
235 824 952 879 sic est magis dubium quia non reputo quod aliquis pos¬
244 860 945 926 sit doceri de hac propositione. sed si debet sciri oportet quod sciatur
238 905 944 968 per experientiam. ideo pertranseo de hoc et relinquo experientie
235 957 952 1013 cuiuslibet. Sed loquendo de hoc nomine principium. Dico
231 1000 947 1051 quod hoc nomen principium non dicitur vniuoce de omnibus de
241 1038 950 1101 quibus dicitur in deo. quia sicut inductiue patet. nulla potest
240 1081 950 1140 dari diffinitio exprimens quid nominis conueniens cui¬
241 1124 943 1183 libet de quo dicitur. Nam quando dicitur deus est principium crea
232 1170 950 1230 ture si loco istius nominis principium. diffinitio expri¬
226 1209 944 1276 mens quid nominis ipsius ponatur. dicetur sic. deus producit
229 1257 932 1311 creaturam de nihilo. vel si dicatur sic. deus producit
222 1300 927 1359 creaturam. et similiter sic. pater producit filium. aliter diffinietur
228 1349 944 1399 producere in vna propositione et in alia. Similiter si dicatur
218 1391 944 1452 sic. essentia est principium generandi. aliter diffinietur quam sic
225 1427 938 1496 essentia generat filium. Et ita patet quod si in diuersis propositio
214 1480 943 1529 nibus poneretur diffinitio exprimens quid nominis loco¬
222 1514 933 1573 istius nominis principium. conferuando semper quod propositiones sint
227 1557 941 1624 vere alia diffinitio talis poneretur in vna propositione quamt
219 1608 937 1662 in alia. ⁋ Ad primum principale dicendum quod hoc non est
214 1651 938 1705 vera sine omni distinctione. pater est principium filum. quamuis
214 1692 923 1750 sine distinctione frequint concedatur a scientis. Unde sicut
211 1739 924 1792 multe propositiones de virtute secumois false conceduntur
217 1777 920 1840 ab auctoribus. quae tamen sed intellectum quem ipsi habue
214 1828 913 1874 runt sunt vere. ita multe propositiones quae de virtute sermonis
205 1864 916 1917 sunt distinguende conceduntur ab eis sine distinctione
208 1910 916 1965 Et tamen sciendum est quod aliquando dictio aliud et aliud signi¬
214 1955 918 2014 ficat. sine hoc quod aliqua propositio sit distinguenda. sicut in
216 1996 911 2049 alio loco declaraui. ⁋ Ad secundum dicendum quod aliquod
207 2046 919 2100 potest equiuoce dici de ill quae sunt vna res quando simul cum hoc
208 2089 911 2145 quod sunt vna res sunt plures res. sicut est de personis di¬
209 2135 913 2181 uinis vel quando non sunt idem formaliter. sicut est de essentia
208 2177 917 2228 et persona ⁋ Argumentum in oppositum non concludit
220 2212 921 2279 quamuis conclusio sit vera et quare non concludit ta¬
208 2255 444 2323 etum est prius
510 2258 917 2325 Distin. xxx. Questio prima¬
493 2304 916 2395 Istinctoetri¬
508 2385 911 2444 gesima tractat magister de
502 2430 910 2485 nominibus relatiuis creature
502 2471 904 2524 et deo conuenientibus. Circa
507 2516 896 2574 quam esset quaerendum. Utrum de
513 2557 911 2615 realiter vel secundum rationem referatur
213 2589 914 2662 ad creaturam. Sed quia hoc quaestio praesupponit de relatione
216 2643 920 2713 quod sit. Ideo quaero primo de relatione et primo quero
1063 283 1764 363 ⁋ Utrum omni auctoritate fidei et quorumcumque philosophorum
1066 348 1775 401 exclusa facilius posset negari omnis relato esse aliquid
1075 383 1765 442 a parte rei quocumque modo distinctum ab omni absoluto
1072 432 1769 491 et absolutis quam teneri. Et primo ostendam quod facilius et
1063 477 1761 528 probabilius debeat teneri propter solam rationem. rela
1062 517 1760 569 tionem esse aliquid distinctum a parte rei ab omni abso
1066 556 1766 615 luto et absolutir. ⁋ Primo sic. impossibile est transire
1063 610 1764 662 a contradictorio in contrdictorium sine omni mutatione quae sit
1068 648 1772 702 corruptio vel productio alicuius. sed mobile quando mu
1059 687 1766 751 tatur localiter transit de contradictorio in contradictorium. ergo est
1050 743 1764 789 aliquid nonuum productum vel aliquid corruptum. sed certum
1048 771 1761 836 est quod nullum absolutum corrumpitur vel producitur de no
1056 825 1753 873 uo. ergo aliquid aliud. et illud vocatur respectus et haber propo¬
1054 864 1760 916 situ. Secundo sic. illud quod habet operationem realem est
1048 912 1750 962 aliquid reale. sed omnibus absolutis manentibus propi
1048 956 1751 1009 diuersam situationem possunt aliqua in aliquem effectum
1048 996 1760 1048 in quem non possunt sine tali situatione. ergo ibi est ali
1048 1044 1752 1100 quid reale pter absolutum. et per consequens respectus est
1044 1080 1750 1147 aliquid reale aliud ab absolut. ⁋ Ad oppositum per
1042 1130 1742 1180 productionem alicuius rei in istis inferioribus nulla
1053 1172 1754 1231 fit noua res in angelo vel celo. sed producta aliqua
1047 1218 1745 1263 re de nouo angelus vel corpus celeste vere re¬
1048 1256 1743 1320 aliter distinguitur ab illa re de nouo producta. ergo
1044 1296 1748 1359 ista distinctio non importat aliquam rem ab abso¬
1038 1344 1749 1404 luter. et per consequens eadem ratione nulla relatio importat
1042 1392 1738 1442 talem re distinctam. quia non est maior ratio de vna quam det
1042 1435 1744 1492 alia ⁋ Circa istam quaestionem primo sciendum pro intelle¬
1047 1480 1734 1540 ctu quod non est quaestio de veritate quid secundum veritatem
1040 1517 1736 1576 sit tenendum. sed est quid teneret volens praecise inniti reti
1041 1567 1745 1620 ni possibili pro statu isto et nolens aliquam sectam
1038 1612 1738 1663 vel auctoritatem recipere. sicut qui vellet praecise
1030 1648 1745 1715 inniti rationi sibi possibili. et qui nollet accipere
1036 1699 1739 1760 quancunque auctoritatem diceret quod impossibile est
1041 1744 1741 1799 tres personas realiter distinctas esse vnam rem
1027 1770 1734 1846 fimplicissimam. Similiter talis diceret quod deus
1030 1828 1722 1888 non est homo. et multa alia. que tamen secundum re¬
1032 1875 1729 1935 veritatem falsa sunt ⁋ Sic intellecta quaestione sum et
1030 1911 1727 1976 diuerse opiniones. Una est que non tantum pr opter
1035 1959 1733 2019 auctoritates. sed etiam propter rationes ponit
1029 2004 1724 2058 quod relatio est alia res ab omni re absoluta et ab
1036 2046 1726 2098 permnibus absolutis. ita quod sicut substantia et qua
1021 2082 1721 2147 litas sunt res distincte. quarum neutra est de
1018 2127 1719 2194 essentia alterius. ita et substantia et relatio sunt
1020 2167 1719 2231 distincte res realiter. et neutra de essentia al
1017 2224 1727 2272 terius. ⁋ Pro ista opinione arguitur multi¬
1018 2272 1728 2321 pliciter. Primo sic. nihil est idem realiter a. si
1029 2310 1724 2370 ne: quo a potest esse realiter sine contradictione. sed
1020 2356 1727 2411 multe relationes sunt sine quibus fundamen
1020 2389 1715 2456 ta possunt esse sine contradictione. ergo etc. ha
1030 2435 1723 2500 ior probatur multipliciter. quas probationes di¬
1013 2483 1706 2543 mitto. quia reputo eas concludere ⁋ Mino
1026 2532 1724 2578 apparet in omnibus relationibus quarum funda
1017 2577 1717 2623 menta possunt esse sine terminis. sicut est in omnibus
1010 2613 1716 2668 relationibus equiparantie. sicut sunt simile equa
1005 2663 1730 2720 le et huiusmodi. si enim hoc album sit. et hoc album
