2223 3037
403 188 1111 255 faciles ad soluendum. ⁋ Ad primam dicerent quod ma¬
398 239 1113 303 ior est vera. quia si. a. est. et b. non est. sequitur quod non sunt idem
399 287 1109 346 realiter. Ad minorem quando dicitur quod multe sunt relatio.
404 341 1105 392 nes absque quibus possunt esse fundamenta. dicerent quod pro
401 390 1111 443 prie et de virtute sermonis loquendo hoc est veru
392 423 1114 478 qui relationes non sunt nisi intentiones vel conceptus in
403 464 1106 522 anima. et iste certe non sunt idem cum rebus extra. et ideo non
400 503 1117 567 concludit quod sint extrema realiter distincte. ⁋ Et si
404 548 1109 613 dicatur quod hoc album potest esse: quamuis non sit simile et tamen
390 594 1117 659 potest fieri simile. ergo tunc habet aliquid quod non habuit quando non
397 639 1105 692 erat simile. Ad illud dicerent faciliter. quod hoc album quod
404 691 1102 742 modo non est simile potest fieri simile non per aduentum alicuius
392 727 1112 792 rei sibi. sed per hoc solum quod fit vnum aliud album. quia ad
405 769 1109 831 hoc quod sit simile et prius non fuit simile non requiritur plus ni
404 813 1112 876 si quod aliquid modo sit album quod prius non fuit album. Et
393 860 1114 913 si dicatur quod similitudo est in hoc albo. et illud aliud
402 903 1117 960 album non est in hoc albo ergo similitudo dicit aliquid
407 948 1118 1004 aliud quam hoc album et illud album. Ad istud dico
405 992 1108 1055 quod proprie loquendo et de virtute sermonis non est con
408 1044 1114 1094 cedendum quod similitudo est in hoc albo quia proprie loquendo
417 1077 1112 1139 similitudo non est nisi quadam conceptus vel intentio vel nomen
407 1120 1117 1184 quod importat plura alba. Unde sicut alii habent di¬
411 1172 1123 1225 cere. quod causalitas non est realiter in deo quamuis deus sit
410 1205 1126 1272 realiter causatiuus. vel ponatur vnum abstractum cor¬
411 1256 1124 1316 respondens creanti sicut creatiuitas correspon¬
407 1299 1122 1352 det creatiuo. et ponatur quod sit creatio et tunc non est
416 1344 1117 1403 verum dicere quod creatio est realiter in deo. quia tunc deus
407 1384 1129 1456 aliquid realiter haberet in se quod prius non habuit. nam
426 1430 1117 1488 ante mundi creationem hec fuit falsa creatio est deus
413 1472 1115 1527 vel econuerso. Eodem momodo dico quod proprie loquendo hoc
413 1517 1112 1576 similitudo non est in hoc albo sicut enim conceditur quod deus
420 1566 1123 1619 realiter est creatiuus vel creans: quamuis creatio non sit
413 1605 1129 1663 realiter in deo. ita debet concedi quod hoc album est realiter si
414 1650 1137 1707 mile. quamuis similitudo non sit in hoc albo. Unde illud
416 1694 1121 1753 argumentum probat equaliter quod creatio est alia res a
422 1740 1132 1795 deo a a creatura. quia non minus potest esse hoc album si
434 1782 1126 1842 mile sine similitudine quam potest deus creans esse sine
417 1822 1148 1885 creatione. et ita realiter est deus creans et potest non esse cre
420 1869 1133 1917 ans. sicut hoc album est realiter simile et potest non esse simile.
432 1913 1127 1975 Nec valet dicere quod creatio est respectus rationis. tum
417 1950 1129 2011 qui eque faciliter diceretur quod similitudo est respectus rationis
423 1999 1130 2054 et similiter paternitas. et sic de omnibus talibus. tum quia sicut post
423 2044 1142 2095 ea ostendetur non potest esse talis respectus rationis. sicut isti
437 2084 1139 2151 ymaginantur de respectibus ⁋ Ad primam confirma¬
438 2134 1139 2182 tione de compositione diceret forte. quod compositio
429 2181 1132 2230 non praecise dicit absoluta duo. puta materiam et for¬
435 2218 1138 2273 mam sed dicit ista et quod nihil corporale sit medium inter
422 2266 1126 2316 ista. et ideo forte dicerent quod non est possibile formam
429 2306 1144 2359 esse et materiam esse. et quod nihil est medium corporale inter
433 2360 1150 2414 ista. et tamen quod non sit compositum. Ista tamen responsio de
430 2390 1148 2444 clarabitur in sequentibus magis. ⁋ Per idem dice¬
431 2436 1139 2496 rent ad secundam quod approximatio non tantum importat
444 2479 1138 2533 illa duo absoluta. sed etiam importat quod nihil impe¬
437 2533 1132 2583 diens sit medium inter illa. et ideo quando nihil est me¬
426 2575 1150 2650 dium inter illa impeditiuum. et illa sunt. tunc vnum
1212 190 1930 251 poterit agere in reliquum. quando autem est aliquod impe¬
1218 238 1921 291 dimentum medium. tunc non oportet quod vnum agat in reli
1209 282 1924 328 quum. Unde ista ratio est contra eos. quia accipio lumino
1215 322 1916 376 sum et illuminabile. si aliquod corpus opnacum interpo
1204 367 1918 419 nitur. certum est quod non agit. amoto aiet illo sine o
1210 420 1921 468 acquisito luminoso vel illuminabili poterit illu
1215 455 1918 508 minare. ergo possibile est quod aliqua duo sic se haben¬
1215 505 1924 552 quod vnum aget in reliquum propter solam mutationem
1215 543 1927 595 localem vnius vel alterius: immo propter solam corruptio
1213 594 1930 644 nem alicuius alterius. puta si opacitas in corpore opa¬
1215 631 1927 684 co corrumperetur: et tamen neutri aliquid nouum addatur.
1215 676 1919 734 Ita dico in proposito quod approximatum alteri potest
1220 719 1921 768 agere in ipsum et non approximatum non potest agere
1208 764 1927 812 in ipsum. non est ex hoc quod approximatum habet ali
1218 806 1921 868 quam veram rem in se formaliter quam non habet quando non
1222 859 1918 910 est approximatum. sed hoc est. quia quando est approxima
1213 896 1929 944 tum nihil impediens interponitur. quando autem non est appro
1218 943 1936 995 ximatum aliquod impedimentum interponitur. Nam etiam aer
1218 992 1934 1035 magne quantitatis poterit impedire aliquando si sit me¬
1214 1022 1925 1081 dius. ⁋ Per hoc argumentum vlterius dico quod sicut
1225 1077 1933 1122 causae possunt causare aliquid quod prius non poterant cau¬
1223 1114 1937 1176 sare sine omni re alia addita formaliter cuicumque illa¬
1215 1156 1931 1213 rum causarum. sed propter solam amotionem medii impediem
1215 1204 1939 1251 tis. ita aliquando secundum istos poterunt partes componere
1225 1252 1939 1300 sine omni re addita formaliter cuicunque illarum causa
1213 1299 1931 1341 rum. sed propter hoc solum quod nunc non est medium inter ma¬
1219 1335 1939 1386 teriam et formam. Isti etiam dicerent quod non est possi
1224 1387 1940 1434 bile tales partes alterius rationis aliquando componere per se
1225 1426 1924 1477 vnum: et aliquando non componere. ipsis tamen partibus omnibus ma
1221 1466 1961 1520 nentibus ⁋ Ad aliud concedo maiorem. sed dico ad mi
1230 1517 1939 1562 norem. quod fundamentum non continet per identitatem: nec
1228 1559 1933 1605 simul nec successiue tales relationes. quia hec est fal¬
1231 1599 1940 1654 sa. sortes est realiter similitudo. et similiter. sortes est reali
1227 1641 1934 1701 ter dissimulitudo. et ideo non pono quod relatio est idem
1228 1696 1939 1741 realiter cum fundamento. sed dico quod relatio non est fun¬
1227 1729 1936 1786 damentum. sed tantum intentio et conceptus in anima impor
1218 1774 1937 1824 tans plura absoluta. Uel est plura absoluta sicut
1230 1814 1943 1874 populus est plures homines. et nullus homo est populus
1239 1866 1940 1913 Que tamen istarum propositionum sit magis secundum proprieta
1227 1910 1940 1954 tem sermonis pertinet magis ad logicum discutere
1233 1949 1934 2005 quam ad theologum ⁋ Per idem ad aliud concedo ma
1236 1999 1939 2049 iorem. sed ad minore dico quod hec est simpliciter fula. plu
1230 2035 1942 2088 res relationes sunt in eodem fundamento realiter. si¬
1233 2088 1954 2130 cut hec est fla simpliciter. plures similitudines sunt
1237 2125 1939 2175 idem fundamentum realiter. cuius ratio est. quia similitudo sic
1230 2167 1954 2223 posita in abstracto non potest stare nisi vel pro in
1233 2209 1951 2258 tentione in anima. vel pro pluribus: quorum quodlibet est
1230 2255 1943 2310 simile. sicut ppliluorns non potest stare nisi pro pluribus et ideo si¬
1226 2297 1942 2355 cut vtraque illarum est fula. plures intentiones vel con
1231 2347 1939 2400 ceptus in anima sunt in eodem fundamento realiter. et
1229 2384 1960 2439 similiter illa plura: quorum quodlibet est simile sunt in eodem
1230 2436 1966 2481 fundamento realiter. ita hec est fla simpliciter. plures.
1233 2467 1954 2525 relationes vel plures similitudines sunt realiter in co¬
1243 2511 1945 2567 dem subiecto ⁋ Et si dicatur quod omnis relatio fundatur
1239 2563 1948 2634 in aliquo fundamento. Dico quod si accipiatur fuu¬
