2224 3050
389 207 1103 291 quod non distent nec loco nec situ. Unde dicerent quod
389 272 1099 327 impossibile est res esse et non distare aliquo mo
392 314 1099 382 quin vna sit in alia. quia hoc non est aliud quam vnam re
399 357 1099 418 esse in alia. Similiter ipsi forte dicerent. quod impossibile
402 401 1105 460 est quod hoc passum sit in vno loco. et iste effectus
399 446 1104 504 in alio. sicut dicerent. quod includit contradictionem
410 493 1100 547 vnam formam substantialem siue accidentalem migrare de
399 534 1114 597 subiecto in subiectum. ⁋ Ad secundum dicerent quod ve¬
402 585 1108 635 rum est quod praesentia non importat praecise ista absoluta
405 622 1105 686 sed importat ista absoluta. et cum hoc quod inter il
405 670 1109 735 la nullum est corpus medium et ita non importat aliam
408 713 1105 775 rem ab istis. sed importat ista duo absoluta. et quod ini
410 756 1111 813 ista non sit aliqua res corporalis media absoluta
413 802 1105 859 vel quod ab vno ad aliud non potest esse motus loca¬
407 838 1108 900 lis pro tunc. Nunc autem ex ista negatiua non est ib
404 892 1118 944 corpus medium. non possum inferre istam affirma¬
405 927 1117 992 tiuam. ergo est ibi aliqua res positiua praeter illa abso
412 976 1108 1033 luta. sicut non sequitur. nihil est medium inter contra
414 1019 1110 1087 dictoria. ergo aliquid est medium inter contradictoria
414 1060 1126 1137 ⁋ Per idem patet quomo aliquid potest dici esse alicu¬
414 1108 1122 1162 bi vbi prius non fuit sine omni acquisitione vel deper
423 1159 1118 1210 ditione propter solum motum scilicet localem. quia ex hoc ipso
425 1196 1124 1259 quod aliquid mouetur localiter et fit praesens alicui loco¬
412 1236 1126 1299 hoc est quod nihil fit medium inter ipsum et locum. dicitur
417 1279 1114 1352 ipsum esse alicubi vbi prius non fuit ⁋ Et si dica
418 1322 1129 1385 quod in omni motuoret aliquid acquiri vel depardi quod sit vel
417 1366 1127 1426 fuerit subiectiue in moto vel mutato. ⁋ Dico quod
423 1408 1117 1473 hoc est simpliciter falsum. immo sufficit quod aliquid quod noe
423 1456 1129 1517 est subiectiue in ipso acquiratur vel deperdatur. et
426 1499 1138 1564 hoc est spaiale in motu locali. ⁋ Et si dicatur quod lo¬
416 1539 1136 1606 cus non acquiritur alicui nisi informet ipsum. ⁋ Di¬
426 1589 1131 1648 co quod immo: quia locum acquiri alicui non est aliud quam
425 1630 1129 1705 per motum ipsius fieri quod nihil sit medium inter ipsum
436 1674 1137 1737 et locum. ⁋ Dico etiam vltra quod aliquando potest esse motus
425 1719 1138 1789 localis sine acquisitione cuiuscumque informantis.
429 1772 1136 1827 vel non informantis. sed sufficit quod si esset aliquis lo¬
428 1807 1135 1877 cus circumstans quod tunc acquireretur locus. Uerbi
429 1847 1147 1920 gratia. vltima sphera per hoc quod mouetur nihil acqui
437 1893 1134 1950 rit vel saltem hoc est possibile. quia tamen si esset ali¬
437 1932 1139 2006 quis locus quietus circumstans illam spheram: non tantum
441 1987 1143 2050 possex acquirere: sed etiam de facto acquireret. ideo dice
438 2025 1141 2094 retur moueri sine omni acquisitione cuiuscumque
434 2066 1139 2126 Et ita patet quomo non oportet ponere vbi ta
437 2110 1157 2169 le accidens. ⁋ Per idem patet quomo propter solum
444 2159 1150 2227 motum locale potest de non sedente fieri sedens quia
438 2201 1153 2266 aliter partes applicantur adinuicem sine omni re
444 2245 1145 2310 informante quando aliquis sedet et quando non se¬
456 2293 1153 2355 det et plus distat aliqua pars ab alia propter cor¬
441 2329 1162 2401 pus maius medium in vno tempore et in alio ⁋ Per
455 2378 1157 2435 idem patet quomo aliquis dicitur primo calceatus et
446 2419 1159 2490 postea non calceatus. ⁋ De quando patet quod fit transi¬
460 2473 1163 2528 tus de contradictorio in contradictorium propter
462 2506 1157 2562 transitionem temporis. Nam ex hoc quod tempus transit
452 2549 1171 2620 cui iste coexistebat dicitur nunc fuisse heri. et non
435 2604 1162 2677 i antee potuit dici quod fuit heri. ⁋ Ad argumentum
1209 197 1915 278 primum principale quod in illo casu est transitus de contra
1206 255 1912 312 dictorio in contradictorium propter transitione
1211 297 1910 360 temporis. Nam pati ab aliquo agente non conser
1203 351 1905 401 uante dicit hoc totum. scilicet quod nunc habet aliquam
1200 399 1909 449 formam ad presentiam istius agentis quam prius no
1215 432 1915 493 habuit. sed ex hoc quod tempus transit sine omni alio
1211 478 1916 535 addito sequitur quod hec sit falsa. hoc passum non
1205 524 1918 578 habuit prius hanc formam. et per consequens sequitur quod
1214 566 1915 620 hec sit falsa. hoc passum patitur ab hoc agente
1212 607 1912 669 et per consequens quod hec sit vera. hoc passum non
1211 651 1918 722 patitur ab hoc agente et ideo transitus temparis
1215 695 1923 750 cum aliis que ponutur sufficit ad talem transitum
1215 729 1920 799 sicut transitio temporis sufficit ad hoc quod hec pri
1218 783 1930 842 mo sit vera. sortes est in. a. et postea quod hoc sit vera
1221 826 1930 886 sortes non est in. a. ⁋ Similiter est quando ali¬
1214 875 1918 928 quid primo est agens. et postea non est agens. quod
1229 914 1927 983 quid nominis istius termini agens non conseruans
1225 957 1934 1016 est totum istud. scilicet quod ad presentiam istius ad pas¬
1227 1003 1931 1061 sum est iste effectus in hoc passo qui non esset
1221 1055 1936 1103 in eo nisi hoc quod est agens esset presens isti. et
1221 1093 1930 1152 quia post primum instans omnibus remanentibus
1228 1137 1926 1195 in isto agente et nullo destructo effectus nihil
1231 1177 1931 1237 minus esset in passo. etiam si agens destrueretur
1236 1222 1934 1287 ideo tunc propter transitionem reporis dicitur non
1233 1264 1939 1333 agens quod prius erat agens. Ueruntamen de agen¬
1230 1323 1936 1369 te conseruante non possunt talia contradictor
1226 1352 1939 1413 ria verificari nisi propter destructionem effectus
1229 1397 1946 1464 Et nisi per agens intelligatur hoc totum scilicet agens
1238 1442 1938 1507 quod prius non egit. et in illo casu idem dicendum est
1226 1483 1943 1549 quod est dictum de agente non conseruante. ⁋ Et si quaera est
1240 1523 1953 1590 tur an hec sit concedenda. actio et passio transeunt
1242 1578 1941 1642 post primum instans. Respondeo quod a philosophis et san
1239 1615 1954 1684 ctis et auctoribus conceduntur multe propositiones sub
1240 1656 1947 1716 vero intellectu. quae tamen de virtute sermonis sunt
1233 1704 1951 1763 false. et ideo quicquid sit dicendum de virtute sermonis
1244 1751 1945 1806 dico quod auctores concedunt tales propositiones sub
1244 1786 1954 1856 isto intellectu. actio et passio transeunt. hoc est. id
1245 1841 1946 1894 quod est agens cessat esse agens. et id quod est vel fuit pa
1253 1873 1943 1944 tiens cessat esse patiens. et iste est intellectus
1244 1919 1952 1986 verus et non alius. Isto modo potest concedi quod po
1244 1963 1949 2024 tentia mere corrumpitur vel priuatio corrumpi
1257 2009 1952 2069 tur in aduentum forme non quod ibi aliquid corrum
1245 2058 1954 2126 patur vere sed quia materia cessat esse in potentia
1246 2097 1957 2155 vel esse priuata. hoc est incipit habere formam
1266 2141 1949 2209 ⁋ Ad secundum dico quod quando non importat talem respe
1256 2188 1955 2248 ctum. sed importat istam re coexistere vel coextitis
1254 2233 1957 2295 se vel quod coexistet cum tali tempore. Nec ibi aliquo
1255 2274 1955 2334 derelinquitur. non plus quam in angelo derelinqui
1251 2320 1972 2381 aliqua res ex me ex hoc quod angelus coexistebat
1263 2365 1971 2419 michi Unde nulla potest esse ratio quod aliqua res
1258 2410 1963 2460 derelinquatur plus ex hoc quod ego fui heri quam ex
1262 2450 1963 2517 hoc quod fui in villa vel in ecclesia. vel ex hoc quod
1263 2501 1969 2552 cum petro vel asino. Et quando dicitur quod ille
1266 2539 1963 2605 qui est antiquior alio habet aliquid quod ali
1266 2576 1980 2644 non habet. Dico quod accipiendo habere secundum quod substan¬
