2296 3075
315 212 1025 288 forme extense vere faciunt vnam formam. sed numerus
315 279 1028 334 manifestum est continet plures vnitates eiusdem
313 317 1017 379 rationis si sit vere vnum tamquam partes. ergo due vnitates
307 357 1012 422 vere facient vnam vnitatem numero. et eadem ratione
309 405 1008 465 forme informantes illas duas vnitates vere fa
316 456 1013 507 cient vnam formam numero: quorum vtrumque est absur¬
303 491 1012 562 dum. Etiam sequitur vltra quod binarius vere esset hoge¬
296 544 1010 596 nium. et per consequens quaelibet pars binarii erit binarius. sic quae¬
291 581 1016 643 libet pars ignis est ignis. Probato prime consequeni. Nam
295 628 1010 687 secundum principia philosophi quandocumque est aliquod compositum ex
291 676 1007 723 partibus alterius rationis et est per se vnum. necessario quaelibet
291 714 1003 775 pars composita ex partibus alterius rationis est eiusdem ratio
295 763 999 814 nis cum illo toto. et hoc maxime est verum. si nulla
295 802 1010 863 pars habet accidentia alterius rationis ab accidentibus al¬
297 853 1001 903 terius partis Non enim potest alia ratio assignari quare
298 889 994 950 quaelibet pars ignis est ignis nisi quia quaelibet partialis for
300 942 1001 1000 mam et quaelibet partialis materia est eiusdem rationis. ergo si
290 983 1006 1040 quelibet partialis forma binarii et quaelibet pars ma
286 1023 1002 1082 terie ipsius binarii est eiusdem rationis. binarius vere
291 1071 995 1128 erit homogenium. et quaelibet pars composita ex poten¬
293 1114 1002 1168 tionali et actuali erit vere binarius. quod est con princi
295 1155 995 1217 pia philosophi. ergo secundum principia philosophi nullus numerus est talis res
294 1205 989 1255 vna distincta ab omnibus aliis rebus. et per consequens mul
294 1240 998 1307 to fortius nec dupleitas. ⁋ Preterea secundum principia
286 1291 1001 1349 philosophi numquam praedicamentum accidentale significans ve¬
286 1334 1000 1380 ras res distinctas realiter a suis subiectis praedi¬
285 1383 1002 1437 catur vere de illo accidente non exhibente. sic numquam dicitur
280 1423 998 1479 aliquod esse album si nulla albedo sit. sic nec sortes
278 1459 992 1525 dicetur albus si in eo nulla sit albedo. sed adaliquid vere
286 1504 990 1573 praedicatur de aliquo quod deberet esse subiectum etiam
277 1548 989 1613 si nulla talis res sit in eo. quia secundum philosophum. v. metha.
279 1595 997 1661 ita dicitur calefactiuum ad calefactibile sicut calefa
280 1640 988 1698 ciens ad illud quod calefit. et ita vere dicitur calefa¬
282 1683 995 1747 ctiuum adaliquid sicut calefaciens sed per hoc praecise quod
282 1724 982 1790 aliquid potest calefacere non habet aliquam talem rem in se
271 1765 991 1823 ⁋ Si dicatur quod in calefactivo non est respectus actua
271 1809 996 1879 lis sed aptitudinalis vel potentionalis. Contra. quae
270 1858 981 1917 ro: aut est ibi vera res alia sicut albedo est alia res a
277 1900 987 1962 subiecto aut non. si non: habeo propositum quod aliquid
283 1947 977 2005 vere est adaliquid sine omni additione alterius rei. Se
274 1987 980 2048 sit ibi vere alia res. ergo vere est respectus actualis
297 2040 980 2096 ⁋ Si dicatur quod non est inconueniens esse ibi rem aliam. quia
282 2081 986 2133 non est impossibile respectum realem esse ad non existens.
271 2124 986 2182 ⁋ Contra. ex isto sequitur quod secundum principia philosophi esset con¬
275 2166 982 2228 cedendum quod in sole et in quolibet corpore celesti sunt
268 2213 977 2270 actualiter res infinite. quia secundum principia philosophi mum
273 2246 978 2316 dus durabit in infinitum. et sol causabit successiue
273 2291 983 2359 nfinitos calores in istis inferioribus. ergo secundum principia
263 2341 987 2395 eius sol est calefactiuus infinitorum calefactibilium et
277 2390 986 2450 causatiuus infinitorum calorum. ergo si respectu cuius¬
270 2423 976 2487 libet habet talem rem aliam. vere erunt in sole actualitur in
265 2472 970 2537 finite res ⁋ Si dicatur quod non sunt distincti respectus
273 2521 971 2589 respectu distinctorum calefactibilium hoc est conclrsi prin
264 2568 976 2619 cipia philosophi. quia secundum principia philosophi in praedicamentis. Si
268 2601 986 2686 quas aliquid eorum quae sunt ad aliquid diffiuitiue sciret
1125 242 1832 309 et illud ad quod dicitur diffinitiue sciturus est vt si
1132 294 1836 358 aliquis diffinitiue scit quod hoc est duplum. et cuius est du
1129 337 1837 402 plum diffinite nouit et sic exemplificat in aliis. sed si
1116 381 1829 448 idem respectus posset esse respectu multorum oporte
1120 421 1823 490 ret quod quae determinate sciret talem respectum ines
1122 473 1836 543 alicui. quod determinate sciret respectu cuius. quia
1116 509 1832 576 non plus de vno quam de alio. et ita determinate no¬
1119 554 1833 621 sceret infinita si esset infinitorum. Similiter impossibile
1113 590 1822 661 est in eodem esse oppositos respectus respectu eius
1119 642 1829 708 dem. sed calefactiuum secundum quod excludit actu opponitur
1114 688 1823 749 calefacienti. ergo non possunt esse respectu eiusdem in eodem.
1119 725 1824 801 ergo vno adueniente alicui alter destruitur. ergo quando sol
1113 782 1830 843 calefacit hoc calefactiuum destruitur respectus pri¬
1108 813 1818 890 cedens. ergo non manet. et tamen manet respectus respe¬
1110 868 1820 931 ctu alterius calefactibilis secundum istos. ergo secundu eos erunt
1105 907 1820 977 distincti respectus respectu distinctorum calefa¬
1102 958 1811 1019 ctibilium. et per consequens infiniti respetu infinitorum
1101 990 1817 1068 ⁋ Ite arguo per auc. communiter allegatam. quia secundum philosophum
1101 1041 1824 1111 v. phi. ad relationem non est motus. sed si relatio esset
1111 1082 1824 1153 aliqua res. posset vere esse motus ad relationem
1108 1122 1806 1196 ⁋ Ad istud dicitur quod secundum Simplicium super praedicamen
1105 1175 1805 1240 ta. sicut relatio non est forma ad se sed ad alterum. ita
1104 1217 1817 1287 illud cui adueneritno mutatur ad se sed ad alterum
1100 1259 1817 1329 si tunc mutari dicatur solum illud quod aliter se habet ad se
1098 1309 1811 1369 quam prius non est mutatio in adaliquid. si vero muta¬
1095 1351 1811 1413 ri sit commune ad aliter se habere ad se et ad alterum mu
1098 1393 1803 1461 tatio est in adaliquid. sicut vult Simplicius. quia secundum re
1101 1432 1817 1502 lationem habet se aliquid ad alterum aliter quam prius. philosophus tamen
1095 1482 1803 1545 qui ponit quod non est possibile aliter se habere ad alterum
1097 1527 1806 1594 nisi aliquid aliter se habeat ad se. ideo dicit in adali¬
1094 1569 1804 1638 quid non est motus. Unde solum dicit in quibus praedicamentis
1089 1616 1800 1681 est primo motus et in quibus non. Item philosophus ostendit ibi quod
1090 1653 1809 1730 in substantia non est motus. et tamen est ibi mutatio. ergo ex
1092 1697 1808 1768 intentione philosophi non potest haberi nisi quod in adaliquid non est
1096 1746 1791 1816 motus: cum hoc tamen stat quod ibi sit mutatio. ⁋ Sed
1089 1787 1799 1858 ista responsio non satiffacit. quia quaero secundum principia
1099 1833 1811 1900 philosophi quid est aliquam formam esse ad se. aut hoc est refer¬
1093 1879 1808 1947 ri ad se. aut distigui realiter a quocumque alio. aut
1089 1914 1791 1982 non conexigere aliquid aliud. aut non dependere
1082 1961 1804 2023 ad aliquid aliud. Si primum vel secundum detur. ita es¬
1087 2000 1794 2075 set illa relatio ad se sicut alia forma. quia ista esset
1089 2054 1796 2125 eadem sibi. et ita distinguitur ab omni alio secundum istos
1089 2088 1804 2157 sicut albedo quamuis albedo esset perfectior. Si de¬
1087 2139 1799 2206 tur tertium vel quartum. sequitur quod nullum accidens
1077 2183 1794 2249 est ad se secundum principia philosophi. quia secundum eum quodlibet ac¬
1087 2227 1796 2296 cidens necessario coexigit subiectum et dependet
1079 2270 1793 2332 ab eo. ⁋ Preterea quod dicit quod mutatio est in ad
1081 2316 1799 2380 aliquid non videtur secundum principia philosophi. quia dicit philosophus
1080 2355 1783 2424 v. phi. Si couenit altero mutato verum esse ali
1075 2405 1786 2475 terum nihil mutans. hoc est dictum per mutationem
1075 2441 1781 2518 alterius extremi dicitur vere alterum extremum
1083 2490 1797 2557 adaliquid sine omni mutatione suiipsius. sicut
1077 2532 1787 2601 si sortes sit primo albus. si postea fiat plato albus
1071 2578 1781 2644 sortes est similis plationi de nouo sine omni mutatione
1078 2618 1795 2701 suiipius. ⁋ Preterea si ad relationem non esset relatio.
