2232 3050
427 196 1139 253 militer quia nummus non est precium nifi propter volunta¬
426 249 1124 292 riam institutionem quam praecedit actus intellectus. ideo
429 289 1130 345 potest dici respectus rationis. Et quantum ad hoc potest aliquo
420 337 1126 388 modo saluari dictum vnius doctoris qui ponit quod rela
427 370 1130 428 tio rationis potest causari per actum intellectus et per actu volun¬
420 424 1133 472 tatis quamuis non sit proprie dictum intellectum causare rees¬
426 457 1135 517 spectu rationis. sed quando res est talis qualis denotatur esse per
426 502 1130 562 relationem vel per concretum relationis sine omni opera
433 546 1139 601 tione intellectus. ita quod operatio intellectus nihil facit
429 594 1134 640 ad hoc. tunc potest dici relatio realis modo supra expo¬
420 636 1142 691 sito. sicut quia vnum album est simile alteri albo sine omni
426 680 1132 734 operatione intellectus comprantis vel non compantis. ideo
432 731 1132 778 dicitur similitudo relatio realis. et eodem modo est de prnitate
432 768 1145 820 et aliis. ⁋ Ex praedictis patet quod quia deus est domins. cre¬
432 812 1133 868 ans conseruans puniens. et huiusmodi sine omni operatione
432 856 1136 905 intellectus. ideo possunt omnes tales relationes vocari rea
433 904 1136 955 les. hoc est importantes res. et quod deus est talis qualis de
432 945 1138 997 notatur esse non per operationem intellectus ⁋ Et si dicatur:
432 986 1144 1048 quod secundum praedicta aliquid realiter refertur ad non ens. sicut
441 1034 1138 1090 materia realiter refertur ad formam ad quam est in po
430 1076 1138 1124 tentia. quia circumscripta omni operatione intellectus ma
432 1119 1136 1168 teria est vere in potentia ad formam. ⁋ Ad hoc dico quod
431 1162 1141 1216 hic est magis difficultas de vocabulo quam de re Nam
442 1215 1141 1264 vocando relationem realem praecise illam quae importat ve¬
433 1250 1150 1300 ram rem existentem et aliam sibi correspondentem in actu.
437 1292 1135 1344 sic manifestum est quod hic non est relatio realis Uocama
441 1337 1147 1386 do autem relatione realem quando aliquid siue sit in actu
432 1382 1150 1442 siue in potentia est tale quid: quale denotatur esse per re¬
431 1426 1142 1483 lationem vel per concretum illius relationis. circuscri¬
434 1470 1144 1526 pta omni operatione intellectus. sic dicendum esset quod est
438 1514 1148 1573 set ibi relatio realis. quia non plus facit intellectus quod
443 1559 1157 1614 materia sit in potentia ad formam. quam quod vnus asinus
438 1599 1147 1659 generet asinum. tamen dico quod non est relatio rationis. siue
438 1654 1144 1696 sit realis siue non. Et ideo secundum primum modum vocandi re
444 1692 1160 1740 lationem realem oportet ponere aliquod medium inter rela¬
445 1735 1144 1789 tionem realem et relationem rationis. quod aliqui vocant rela
440 1777 1150 1834 tionem potentialem vel aptitudinalem quamuis non pro
441 1820 1150 1878 prie forte. ⁋ Et. si quaeratur de termino relationis vel
454 1869 1151 1923 relatiui. an sit aliquod absolutum vel relatiuum. ⁋ Di
444 1911 1154 1957 co quod secundum determinationem philosophi in praedicamentis. ter¬
456 1951 1157 2004 minus relatiui semper est relatiuum. accipiendo proprie¬
444 1996 1154 2051 terminum. quia secundum philosophum ibidem semper omne relatiuum
444 2042 1154 2087 ad couertetiam dicitur si conuenienter assignetur. Uerum
460 2079 1151 2139 in illud quod est tale quale denotatur esse per terminum.
457 2130 1157 2182 non est relatiuum: sed absolutum. Unde istius relatiui cre¬
450 2169 1156 2231 atura proprie accipiendo terminum. terminus est hoc re¬
460 2215 1166 2267 atiuum creans. sed absolutum est ipsemet deus. Et si aliter
450 2262 1163 2305 intellexit praedictus opinans. non intellexitur verum. nec
457 2304 1166 2356 rationes sue concludunt. ⁋ Unde ad primam dico quod hoc non
462 2347 1168 2396 et differna inter relatiua de tertio modo et relatiua ali
453 2394 1160 2443 orum modorum quod in illo non est relatio mutua et in aliis
459 2432 1153 2489 est relatio mutua. immo dico quod semper in omnibus rela
466 2489 1166 2531 tiuis est mutua relatio si conuenienter assignentur.
456 2524 1168 2578 nam ita est relatio scibilis ad scientiam sicut dupli ad
457 2570 1172 2623 dinidium. quod patet per ari. in praedicamentis. quia docet co¬
1236 183 1951 249 gnoscere quid est relatiuum secundum illud quod est. quia quando
1237 244 1949 289 aliquid est tale quod omnibus aliis circumscriptis ipso so¬
1233 280 1949 330 lo retento adhuc est ad aliquid. tale vere est ad
1234 321 1952 372 aliquid. sed circumscripto a scibili omni alio: et retento
1229 363 1955 420 quod sit scibile. vere est scientia scibile. ergo scibile propriis¬
1228 410 1952 463 sime est relatiuum. et ideo non est intentio philosophi. v. me¬
1233 454 1955 508 tha. quod vnum relatiuorum non correspondeat ad rela
1227 503 1946 549 tiuum. sed est intentio sua quod in tertio modo ex vna parte
1230 538 1956 594 habetur aliquod nomen absolutum praeter nomen relati¬
1239 586 1949 639 uum respectu cuius dicatur aliud nomen relatiuum. si
1229 632 1957 687 cut est ex parte alia. Uerbi gratia. visibile dicitur ad
1233 680 1943 727 visum. et econuerso visus dicitur ad visibile. et ista
1230 717 1947 774 sunt proprie correlatiua. et ita proprie est vnum rela
1241 764 1948 816 tiuum sicut reliquum et omne nomen quod habemus ex per
1230 803 1961 860 te visus dicitur ad reliquum. quia non habetur nisiistud. et
1236 851 1953 904 vere dicitur quod visus est alicuius visus non quidem tamquam
1242 890 1946 947 subiecti sed tanquam obiecti secundum philosophum. Sed ex alia per
1230 938 1955 1001 te sunt duo nomina ad quorum vtrumque dicitur visus.
1236 978 1958 1046 sed vnum est proprie relatiuum: et aliud non. nisi quia ali¬
1248 1023 1960 1095 quo modo alterum dicitur ad ipsum. illa duo sunt ista
1239 1070 1967 1133 scilicet color et visibile. quia proprie dicitur quod visus est co¬
1248 1120 1966 1171 ioris visus. et visus est visibilis visus. sed non pro¬
1236 1162 1961 1228 prie dicitur quod color est color visu. quamuis proprie di¬
1242 1200 1963 1258 catur quod visibile est visu visibile. Et ideo quando philosophus di¬
1246 1248 1954 1302 cit quod intellectuale significat: quia ipsius est intel
1251 1287 1966 1343 ectus. debet intelligi illud absolutum quod est intel¬
1241 1333 1957 1391 ligile. quia illud non dicitur adaliquid nisi que aliud di
1245 1378 1951 1433 citur ad ipsum. et ideo de visibili exemplificans exempli
1248 1422 1955 1482 ficat de colore dicens similiter autem et alicuius est visus
1242 1462 1969 1522 non cuius est visus. quamuis verum sit haec dicere non ad
1239 1508 1961 1571 subiectum sed ad colorem. quia non refertur tali relatione
1251 1552 1960 1614 speciali ad subiectum in quo est. quia illa relatio qua
1249 1601 1961 1653 accidens refertur ad subiectum est communis sibi et omnibus
1253 1637 1972 1697 aliis accidentibus. sed refertur ad obiectum. quia illa
1252 1683 1975 1741 non competit aliis accidentibus. vel si per visum intel¬
1248 1728 1967 1783 ligatur non actus sed potentia quae est pars forme. tunc vi¬
1243 1771 1963 1832 sus est illius cuius est. sicut pars alicuius totius. est
1249 1823 1974 1877 autem coloris sicut obiecti ⁋ Et si dicatur quod secundum philosophum
1248 1872 1975 1912 alterum non refertur. nisi quia aliud refertur ad ipsum
1260 1910 1966 1967 ergo illud extremum aliquo modo refertur. sed color
1251 1946 1975 2011 nullo modo refertur ad visum. ergo per illud extremum
1251 1985 1963 2056 non intelligit colorem sed visibile. ⁋ Ad illud dicor
1263 2035 1967 2099 quod colorem referri ad visum potest intelligi duplicitur
1264 2075 1972 2137 vel sub eodem nomine. et sic referri ad ipsum non est
1256 2125 1968 2177 aliud quam esse extremum correlationis. et ideo ex hoc
1257 2175 1967 2232 ipso quod dicitur quod visus est coloris visus ibi color
1254 2214 1978 2267 aliquo modo refertur. Aliter sub alio nomine. sic di¬
1264 2254 1976 2310 cendo. color est visibilis visu. et vtroque modo potest in¬
1256 2299 1970 2354 telligi philosophus. quod in tertio modo non sunt relatiua
1258 2351 1975 2399 simul natura. sed in aliis modis sunt simul na
1258 2385 1978 2438 tura. hoc est si esse existere praedicetur de vno re¬
1256 2427 1978 2484 latiuo non pro se sed pro re. sequitur quod esse existe¬
1251 2469 1985 2533 re consimimiliter praedicatur de alio extremo consimiliter
1266 2516 1981 2574 supponente. non sic autem est in tertio modo. ⁋ Et si
1267 2560 1993 2637 dicatur quod philosophus in metha. non loquitur de talibus no¬
