2207 3046
396 192 1102 251 rem informantem subiectum illud quod importatur per
400 249 1096 294 album. ita quod albedo praecise pro illa re supponit. non
388 287 1103 340 sic est de equalitate quia equalitas non significat
395 324 1108 385 aliquam vnam rem aduenientem illi pro quo supponit
389 371 1097 423 equale. et ita quod equalitas precise pro illa re sup¬
393 420 1099 475 ponat. sed significat plures res. nec potest aliquo
397 456 1103 512 modo pro vna re supponere. Unde hoc est vt cre
393 500 1105 560 do quod multos decipit. quod quandocumque aliquid praedicatur
394 555 1108 602 de aliquo. volunt quod sit aliquod abstractum impos
391 595 1111 650 tans rem illam aduenientem alteri propter quam dicitur ipsum
400 640 1115 685 tale. immo volunt quod tot sint res distincte quot
393 675 1114 733 sunt voces significatiue. ita quod tanta sit distin
389 716 1118 779 ctio inter significata quanta est inter voces si¬
393 765 1109 830 gnificantes. siue ille voces sint propositiones si¬
392 809 1113 869 ue nomina siue verba siue alie dictiones. et ideo
400 855 1103 911 volunt quod quando dicitur quod effectus est ab agente. quod
402 896 1116 961 per lued ab sic importatur vna alietas. sicut per album im¬
399 954 1118 1001 portatur albedo. et eodem modo quando dicitur sortes
404 992 1111 1039 fuit heri. dicunt quod per hoc aduerbium heri importa
400 1040 1121 1092 tur vna res alia. et ita habent dicere quod importat
404 1081 1114 1132 vnam heritatem. Et similiter habent dicere quod non im
399 1118 1118 1181 portat vnam nonitatem. et si importat vnam sitatem
405 1171 1117 1218 Et et vnam etitatem. et sic vniversaliter de omnibus conniunctio¬
409 1208 1114 1261 nibus. praepositionibus. aduerbiis. et similiter signa
403 1249 1117 1305 sincathegoreumatica importabunt alias res: si
407 1294 1130 1349 eut omnis vnam omnitatem. et aliquis vnam aliquita
409 1344 1117 1393 tem. que omnia videntur absurda. et procedunt ex igno
409 1385 1123 1436 rantia differentie inter cathegoreumata et sinca
398 1426 1114 1479 thegoreumata et ex ignorantia differentie inter
406 1477 1126 1526 nomina et verba et alias partes indeclinabiles in
405 1514 1121 1572 significando. ⁋ Ideo dico quod relatio vel equali¬
404 1561 1131 1614 tas non est talis res adueniens equali. non plus quam
411 1602 1123 1658 crastitas est vna res correspondens huic aduer¬
409 1649 1136 1699 bio cras. quando queritur quando orietur sol. et respondetur
417 1692 1136 1749 tras orietur. Unde non denotatur quod sol habet modo
416 1736 1138 1788 vnam rem in se: propter quam sol vere orietur cras. si¬
402 1779 1144 1832 cut sortes habet in se vnam rem propter quam est al
411 1819 1135 1878 bus. Unde si aristoteles tenuisset quod talia relati¬
414 1865 1129 1924 ua importarent tales respectus reales. oporteret
415 1914 1120 1965 eum ponere quod de facto in sole essent infinite res
417 1956 1130 2009 tales. sicut de facto est verum dicere quod sol erit:
420 1998 1133 2052 in infinitis diebus secundum eum. quia haberet respe¬
411 2046 1127 2097 ctum vnum propter quem diceretur sol orietur cras. et
417 2086 1135 2143 vnum alium propter quem diceretur quod orietur post
417 2139 1132 2181 cras. et sic in infinitum. quod est satis absurdum.
424 2181 1138 2240 ⁋ Et ideo dico quod talia nomina abstracta non sunt
424 2220 1141 2275 inuenta ad significandum alias res quam significam¬
412 2267 1138 2316 turper alia nomina. sed ad breuius loquendum.
423 2314 1126 2367 quia aliquando ad vtendum nomine vno pro multis
429 2346 1145 2410 nominibus. et propter alias commoditates. ⁋ Ad ar¬
429 2393 1135 2455 gumentum principale dico quod omnis relatio que
424 2435 1132 2496 est realiter et subiectiue in deo constituit aliquam
420 2480 1144 2548 personam. sed equalitas non accipiendo pro personis
420 2535 1141 2585 que sunt equales non est realiter et subiectiue in
432 2567 1148 2638 deo. non plus quam identitas sortis ad sortem est ali
1207 176 1919 251 quid subiectiue existens in sorte. ⁋ Per idem ad se
1216 242 1940 285 cundum dico quod non sunt tales relationes reales
1209 275 1919 322 subiectiue existentes in deo. Et si queratur an pos¬
1221 320 1925 375 set concedi quod equalitas est in patre ad filium. Di
1212 364 1934 414 co quod proprie loquendo non debet concedi quod equali
1210 414 1931 455 tas est in patre. sed debet concedi quod concretum il¬
1224 447 1937 507 lius abstracti praedicatur de patre. et sic intelligunt
1222 494 1909 549 omnes sancti in illa materia. Distinctio. xxxii.
1545 548 1924 642 Irca distin¬
1539 620 1930 690 ctionem. xxxii. quaero. ⁋ Utrum
1545 673 1930 729 pater sit sapiens sapietia ge
1538 715 1922 776 nita. ⁋ Quod sic. quia pater dicit
1545 758 1934 818 verbo secundum beatum augusti
1533 802 1930 862 num. tunc quaero Aut dicere ac
1217 847 1934 913 cipitur essentialiter aut notionaliter. si essentialiter. ergo
1215 894 1928 944 idem est quod intelligere. ergo pater intelligit verbo sic dicit
1215 935 1933 991 verbo. et per consequens sapit sapientia genita. Si teneatur
1215 981 1925 1037 notionaliter tunc est idem quod gignere. sed hoc est falsa. patr
1224 1025 1933 1085 gignit verbo. sed generat verbum. ergo haec est falsa. patet dicit
1228 1071 1936 1128 verbo. si dicit teneatur notionaliter. ⁋ Ad opposi
1220 1112 1933 1167 tum est magister in littera. ⁋ Ad. q. dico quod ptri non est
1224 1156 1934 1213 sapiens sapientia genita. cuius ratio est. quia quando per aliquod
1223 1206 1928 1263 praedicabile de aliquo si actualiter praedicatur denota
1222 1254 1934 1295 tur importatum per praedicatum esse subiectum vel esse forma¬
1224 1286 1934 1344 liter et subiectiue in subiecto si tali praedicato adda
1230 1332 1939 1389 tur casus ablatiuus ad hoc quod illa propositio sit vera requi¬
1228 1377 1932 1429 ritur quod ille ablatiuus importet illud quod importatur per
1228 1422 1940 1471 subiectum vel aliquid in es existens formaliter et sub¬
1220 1465 1937 1519 iectiue ita quod sit pars vel accidens suum Exemplum huius
1226 1507 1937 1567 est. quia enim per istam homo est animal denotatur quod illud quod impor
1222 1554 1936 1603 tatur per praedicatum sit illud quod importatur per subiectum
1226 1595 1937 1661 Ideo non potest hoc esse vera. homo est animal albedine vel la¬
1229 1638 1946 1704 pide. vel deo vel quocumque tali. Sed ista potest conm¬
1236 1682 1942 1740 cedi homo est animal animalitate. quia animalitas et illud quod
1221 1738 1946 1784 importatur per animal principaliter idem est. Similiter hec est vera.
1230 1778 1933 1827 homo est albus albedine. quia per istam homo est albus denota
1226 1814 1939 1879 tur quod illud quod principaliter importatur per album sit in
1233 1864 1948 1913 homine subiectiue. cuius modi est albedo. Similiter est de
1229 1899 1945 1962 ista. homo est sciens scientia. Et hic. deus est homo huma
1227 1944 1943 2000 nitate est specialis modus. quia per eam denotatur: quod
1227 1999 1936 2055 principale significatum homis sit vnitum deo quo¬
1239 2039 1949 2095 modo sibi vnitur humanitas. et ita videtur semper
1232 2078 1951 2144 propositio vera. Sed ista propositio. pater est sa
1245 2126 1945 2176 piens est talis secundum omnes. quod importatur per eam quod
1240 2167 1945 2228 principale significatum per praedicatum sit realiter idem
1244 2212 1958 2264 illi quod importatur per subiectum. vel in eo forma¬
1249 2263 1954 2310 liter et subiectiue existens et de constitutione ip¬
1242 2300 1944 2351 sius. ergo sibi non potest vere addi ablatiuus casus ni¬
1233 2340 1954 2391 si quia talem rem importat. sed sapientia genita non est ta¬
1243 2391 1948 2447 lis. quia nec est pater nec aliquid de constitutio
1240 2436 1968 2491 ne patris. ergo talis propositio non est vera. ⁋ Ex isto
1237 2472 1957 2538 patet quod quamuis non possit concedi quod pater est sapi
1240 2523 1954 2577 ens sapientia genita. potest tamen concedi quod filius
1245 2559 1969 2625 est sapiens sapientia ingenita. quia sapientia in¬
