2253 3044
413 200 1114 274 te creature intelligat creaturam sic est concedendum
410 246 1111 320 sed sic loquendo nihil est ad propositum. ⁋ Ad primum
412 302 1111 359 argumentum pro prima parte opinione quando probatur quod essen
417 337 1115 403 tia diuina est prior prioritate perfectionis sapientia bo
417 382 1117 447 nitate et relationibus. Dico quod propositio accepta est
420 425 1126 495 simpliciter fasa. sicut ostensum est supra in prologo. Unde in
424 479 1120 540 proposito sequeretur quod essentia diuina esset prior aliis
417 512 1122 578 causalitate materiali. et per consequens esset quasi materia in
426 559 1121 617 diuinis. quod iste negat. Sequeretur etiam quod esset pri¬
419 604 1130 663 or natura. Nam arguo sic. quemcumque ordinem habe¬
427 642 1130 710 rent aliqua si essent realiter etc. sed si essentia. sapien¬
418 685 1130 754 tia bonitas paternitas. essent distincta realiter
423 730 1119 792 essentia diuina esset prior secundum ordinem causae materia
423 776 1124 835 lis et esset prior natura. ergo nunc in diuinis habent tales
418 822 1135 870 ordines. Minor patet. quia tunc essentia diuina esset
422 859 1133 923 vere subiectum sapientie et posset esse sine ea. ⁋ Ideo
423 908 1121 961 dico quod propositio praeter multas falsitates implicatas
430 952 1132 1006 implicat illud falsum. quod scilicet aliqua possunt distingui et
433 989 1142 1048 tamen esse idem et si generaliter accipiatur falsum est. quamuis
431 1035 1129 1094 instantiam habeat de essentia et relatione. ⁋ Ad se
441 1085 1135 1135 cundum pro secundo dico quod illa propositio quandocumque aliquod commune
429 1117 1144 1178 est abstractum a pluribus etc. implicat multa falsa
442 1164 1136 1224 Unum quod omne obiectum adequatum alicuius potentie
440 1208 1135 1265 mouet eam Et quod hoc sit falsum patet. quia cum obiectum adem
444 1250 1139 1316 quatum potentie cuiuscumque est aliquod commune. quia de aliquo
445 1299 1145 1358 communi praecise praedicatur esse apprehensibile ab illa poten¬
448 1331 1150 1406 tia. et tamen nullum commune mouet potentiam sensitiuam. tumn
451 1388 1145 1448 qui quod intellectus diuinus mouetur a diuina essentia.
451 1435 1145 1483 et quod nihil causat intellectionem nisi diuina essen
444 1474 1154 1530 tia. et huiusmodi non puto veras nec expedientes vo¬
458 1515 1149 1570 lentibus in theologia proficere. ⁋ Ad aliud dico: quod
453 1564 1157 1615 falsum est quod obiectum per se mouet potentiam a qua per se
453 1605 1145 1664 apphenditur. quia totaliter accidit obiecto potentie
453 1643 1150 1708 esse motiuum potentie. vel saltem accidit sibi moue
456 1685 1154 1744 re: potentiam. Unde si deus crearet visionem corporalem
459 1737 1162 1795 huius albedinis in oculo ita vere videretur et ita
469 1773 1154 1829 vere esset obiectum sicut si ipsamet albedo causarm
460 1819 1154 1888 ⁋ Ideo dico quod illa maior est falsa. quia ad hoc quod ali¬
465 1866 1164 1919 quid per se apprehedatur a potentia nihil refert quod mo
459 1900 1155 1963 ueat potentiam vel non moueat. Unde nihil penitus
468 1942 1159 2011 mouet diuinum intellectum. et tamen aliquid per se est obie¬
471 1992 1163 2043 ctum eius ⁋ Ad illud quod innuitur confirmando. Dico quod
471 2030 1165 2087 ista propositio est simpliciter falsa. quia illa cognitio in qua ali
474 2074 1166 2140 quid per se obiicitur intellectui sub propria ratione causatur ab
474 2120 1181 2175 eo vel dependet essentialiter ab eo. ⁋ Et quando dicitur quod in¬
477 2160 1177 2216 tellectio dependet ab intellectum vel intelligibili.
480 2207 1169 2263 Dico quod hoc est simpliciter falsum. immo intellectio diuina
483 2249 1181 2303 nec ab intellectu dependet nec ab intelligibili.
493 2299 1171 2345 Et si dicatur quod intellectio non potest esse sine intelle
477 2342 1162 2391 ctu et intelligibili. ergo dependet ab vtroque. Dico quod
480 2377 1183 2449 consequentia non valet sicut non sequitur. idem non potest esse sine seipso
488 2415 1186 2487 ergo idem dependet a seipo. Ita est in proposito quod intelle¬
482 2460 1178 2527 ctio diuina est ipse intellectus et est illud intelligibile
491 2505 1174 2560 sine quo non potest esse. ⁋ Si dicatur quod intellectio di¬
486 2545 1190 2624 uina non potest esse sine intelligibili alio ab intelle¬
1227 182 1939 251 ctione diuina. et non est ipsum intelligibile. ergo ab il
1223 226 1939 292 lo intelligibili dependet. Dico quod consequentia est bona. sed
1214 268 1939 333 hoc est simpliciter falsum quod intellectio diuina non potest
1223 311 1931 379 esse sine intelligibili alio ab ipsa intellectione. Nec
1216 356 1930 422 sequitur intellectio diuina non potest esse nisi illud in
1218 398 1943 469 telligatur. ergo non potest esse sine illo. ⁋ Ad aliud quod in
1218 445 1930 511 nu: tur ad probandum quod notionale non sit obiectum
1218 495 1931 552 adequatum quamuis essentia sit obiectum adequatum.
1230 535 1939 595 Dico quod si essentia esset obiectum etiam notionale
1224 574 1937 642 esset obiectum adequatum: et eodem modo sicut essen¬
1232 619 1931 683 tia est obiectum primarium. ita etiam relatio est ob
1236 657 1938 735 iectum primarium. Ad probationem dico quod consequentia non
1237 705 1948 769 valet. non plus quam sequitur essentia diuina est ob¬
1229 748 1945 816 iectum adequatum. ergo intellectio diuina dependet
1234 794 1944 859 ab essentia. ⁋ Et si dicatur quod ista responsio repu
1226 836 1945 911 gnat praedictis. quia dictum est prius quod deus non est pri
1227 879 1947 950 mum obiectum primitate originis. ergo non est obiectum
1244 923 1951 994 primarium. ⁋ Respondeo quod aliquis potest esse ordo in
1227 968 1943 1031 ter obiecta: qualis non potest esse ordo inter intellectio.
1239 1007 1947 1081 nem vnius et alterius: etiam si illa obiecta distinctis in
1239 1057 1953 1120 tellectionibus intelligerentur. igitur multo fortius
1239 1097 1946 1163 non requiritur consimilis ordo quando vnica intellectione
1248 1146 1942 1200 intelliguntur. et ideo quamuis diuina essentia sit obie¬
1233 1179 1959 1243 ctum primarium. et creatura sit obiectum secundarium
1245 1233 1957 1292 non oportet quod prius origine intelligatur deus quam crea
1245 1272 1948 1337 tura. sicut deus prioritate durationis est prior crea
1239 1314 1947 1381 tura: et tamen non prius duratione intelligit deus quam
1252 1358 1953 1425 creatura. ⁋ Et si queratur. an sicut conceditur quod
1241 1399 1962 1472 deus vel diuina essentia est obiectum primarium
1249 1443 1967 1508 ita posset concedi quod relatio vel sapientia est ob¬
1254 1490 1958 1552 iectum primarium. Dico quod de sapientia bonitate et
1250 1531 1964 1594 huiusmodi sine omni distinctione concedendum est quod quic¬
1262 1576 1954 1643 quid dicitur de essentia dicitur de sapientia. quia est o¬
1252 1624 1969 1682 modo eadem cum essentia. Similiter de patnitate
1254 1666 1957 1723 ita potest concedi quod est obiectum primarium sicut potest
1258 1707 1970 1771 concedi quod est essentia diuina. Et si arguatur. si pater
1256 1751 1973 1816 nitas est obiectum primarium. et similit eadem ratione
1263 1796 1975 1855 filiatio est obiectum primarium. ergo intellectus diuini
1269 1834 1975 1896 sunt duo obiecta primaria. Dico quod consequentia non va¬
1266 1874 1976 1946 let. sicut non sequitur paternitas est sapientia. filia¬
1268 1921 1973 1991 tio est sapientia. ergo due sunt sapientie. Et propter
1267 1966 1967 2030 eandem rationem ad argumentum quod inducitur ad pro
1275 2008 1975 2077 bandum essentiam sub ratione essentie et non sapientiam
1269 2061 1975 2120 nec bonitatem nec aliquod notionale esse obiectum
1276 2102 1984 2167 adequatum intellectus diuini. Dico quod semper omne per
1280 2150 1979 2214 per se obiectum potentie debet contineri non proprie
1275 2188 1985 2245 in obiecto adequato. sed debet contineri sub ob
1269 2230 1985 2292 iecto adequato si sit aliquod tale. Nec potest esse talis
1272 2272 1976 2330 duplex continentia formalis et virtualis. de qua iste
1273 2316 1988 2381 ibi loquitur. Ad minorem dico quod essentia divina non conti
1287 2359 1980 2415 net sapientiam nec formaliter nec virtualiter. sed est
1278 2400 1994 2462 ipsa. Nec proprie continet virtualitur aliquod persona¬
1280 2445 1994 2506 lea sicut nec producit nec potest producere aliquod per¬
1283 2490 1985 2548 sonale. ⁋ Et si dicatur quod ratio essentie est prima
1277 2534 1995 2596 i n diuinis et prior ratione sapientie. et omnibus aliis rationibus.
