2316 3089
324 217 1028 288 Respondeo quod si ratio essentie accipiatur pro aliquo
324 277 1024 328 realiter existente in deo. et similiter ratio sapientie et sic de
324 319 1031 367 aliis. hec est simpliciter falsa. ratio essentie est prior vel fun
312 366 1028 416 damentum sapientie et omnium aliorum. Si autem ratio essen¬
319 407 1021 459 tie stet pro aliquo praedicabili de deo non tamen pro se sed
306 456 1024 507 pro deo. sic potest concedi. sed tunc nihil est ad propositum
316 502 1022 548 qui talis ratio non est in deo realiter siue talis ratio sit comn
316 546 1016 596 ceptus existens obiectiue in anima siue subiectiue
330 583 1025 642 ⁋ Ad argumentum principale dico quod obiectum pri
303 632 1024 675 nium potentie primitate adequationis est praedicabi¬
307 674 1021 727 le de omni per se obiecto. sed tale non est deus respectu
312 718 1021 773 intellectus sui. et hoc loquendo de tali primitate
306 764 1024 811 de qua loquitur philosophus id est poste. et ideo non est primum ob¬
309 808 1021 858 iectum illa primitate. ⁋ Ad argumentum in opposi
303 853 1021 900 tum dico quod non est inconueniens aliquid esse prius deo pri¬
300 901 1012 945 oritate praedicationis. isto enim modo ens quod est vni
300 942 1012 997 uocum deo eat creature est prius deo. quia est eo communius. tamen
303 986 1018 1033 aliquid esse prius deo prioritate perfectionis. durationis
296 1025 1014 1083 casalitatis vel nature est impossibile. ⁋ Et si quaeratur
303 1070 1021 1122 quid est illud obiectum adequatum in diuino. ⁋ Di¬
300 1121 1022 1175 eo quod si ens sit commune vniuocum omnibus intelligibi
297 1160 1019 1222 libus. tunc habet intellectus diuinus obiectum adequa¬
298 1207 1018 1250 tum quod est ens. si autem ens non sit commune vniuocum omni¬
291 1242 1022 1309 bus. tunc non habet obiectum adequatum. ⁋ Questio. iii.
508 1297 974 1396 ibarto quero.
504 1379 1017 1436 Utrum ad hoc quod deus intelligat di
482 1433 1016 1482 stincte omnia alia a se requirantur in eo
489 1473 1004 1523 necessario distincte relationes ratio
288 1509 1019 1576 nis ad ipsa intelligibilia. ⁋ Quod sic. quia impossibi¬
279 1560 1007 1608 le est quod idem sub eadem ratione sit plurium repraesentatiuum
277 1597 999 1655 qui sicut idem inquantum idem semper agit ide. ita idem in
269 1650 1000 1694 quantum idem semper repraesentat idem. sed essentia diuina
282 1691 1003 1738 distincte repraesentat plura. ergo sunt ibi distincte ratio¬
276 1736 1010 1779 nes. et non absolute nec relationes reales. ergo sunt
285 1774 1006 1840 ibi plures relationes rationis. ⁋ Preterea. omnis con
277 1825 997 1872 gnitio fit per assimilationem. sed impossibile est quod idem
277 1868 994 1924 sub eadem ratione assimiletur distinctis. ergo requiruntur di¬
282 1906 1007 1957 stincte rationes in intellectu diuino quibus distin¬
283 1956 1008 2007 ctis assimiletur. ⁋ Preterea. omne quod est ex se indetur
283 1998 995 2052 minatum ad plumra non potest in aliquod eorum determi
282 2040 994 2096 nate nisi per aliquod determinetur sed essentia diuina
285 2088 995 2134 est representatiuum indeterminatum omnium aliorum.
279 2131 1000 2179 ergo oportet quod per aliqua determinetur. et non nisi per re
282 2174 985 2228 lationes rationis. ergo etc ⁋ Ad oppositum. quod non cau¬
277 2218 990 2272 satur per actum intellectus sed praecedit ipsum est reale. sed
279 2267 992 2313 tales relationes non causarentur per actum intellectus.
282 2301 1005 2362 quia nihil causatum per actum intellectus requiritur ad
276 2347 1003 2404 hoc quod iste intellectus intelligat. ergo iste relationes
273 2398 994 2449 essent reales. ⁋ Ad istam questionem est vna opi¬
270 2439 998 2498 nio que ponit quod negessario ad hoc quod deus intel¬
270 2481 1001 2536 ligat distincte aliqua a se requiruntur ille rela¬
274 2525 995 2582 tiones rationis. Unde dicitur quod deus intelligendo essen
274 2572 1001 2628 tiam suam intelligit omnia alia a se. quia hoc quod ipse in
282 2611 1007 2687 telligit essentiam suam causa est intelligendi illud
1132 218 1845 307 quod est post essentiam suam. suum enim intelligere quod
1143 287 1852 342 est post essentiam suam causatum est eius quod est ipsum
1135 323 1837 384 intelligere essentiam suam. et hoc quia est illimitata
1140 375 1858 424 qui propter suam similitudinem continet in se omnis esse et
1135 415 1853 476 essentie limitabilitatem vt non cognoscat alia
1137 466 1852 505 tanquam propria obiecta. secundum quod alia sunt a se. sed secundum
1129 500 1852 561 quod in se sunt idem sibi. et non ista cognitione cogno
1134 550 1850 598 scit alia a se naturaliter siue in vniversali sed ad hoc quod co
1128 593 1843 650 gnoscendo essentiam suam cognoscat illa distincte
1129 644 1849 683 vecundum distinctionem quam habent inter se. oportet quod cogno¬
1122 679 1844 736 scat essentiam suam vt vniversalem ab altero. et secundum hoc
1125 726 1849 774 essentia sua habet rationem idee vt idea dicitur ali¬
1123 766 1846 825 quid aliud quam diuina essentia sub ratione respectus imi¬
1132 820 1849 871 tabilitatis. et ita requiruntur diuersi respectus
1122 856 1837 913 reales ad distincte cognoscendum alia. Contra
1116 899 1835 956 istam opinionem arguo sic. quandocumque sunt aliqua eque
1116 944 1846 1002 illimitata respectu eorundem. qua ratione vnum eorum
1122 996 1839 1048 non requirit distinctas rationes respectu illorum nec
1128 1033 1831 1095 reliquum: sed intellectus diuinus et essentia diuina
1116 1080 1840 1129 sunt eque illimitati respectu intelligibilium secundum
1107 1124 1831 1183 istos. et a parte intellectus non requiruntur tales di¬
1110 1166 1833 1224 stincte relationes rationis. ergo nec ex parte essentie.
1149 1208 1840 1264 Preterea. quandocumque a non distinguitur quocumque mo¬
1116 1255 1832 1313 do a beat a parte rei. quod non requiritur ad a non requiri
1116 1306 1838 1357 tur ad b. sed cognitio diuine essentie nullo modo di
1122 1339 1839 1405 stinguitur a cognitione creature et ad cognitionem
1104 1386 1828 1441 diuine essentie non requiritur talis relatio rationis
1114 1436 1828 1484 ergo nec ad cognitionem creature. ergo tales rela¬
1110 1482 1841 1534 tiones rationis nihil faciunt ad hoc quod creature co¬
1116 1523 1843 1580 gnoscantur. ⁋ Preterea. quandocunque ad aliqua requirum¬
1114 1569 1840 1616 tur plura. etia si tantum posset in vnum. adhuc ali
1104 1615 1841 1667 quod consimile requireretur a parte illius vnius. ergo si ad
1105 1653 1838 1711 representandum plura distincte requiruntur plu¬
1114 1693 1821 1756 res relationes rationis. si essentia diuina esset reprae¬
1104 1740 1819 1802 sentatiua tantum vnius. adhuc requireretur vna rela¬
1107 1787 1834 1849 tio rationis quod ipsi negant. Atecedens patet. quia si ad plures
1101 1829 1820 1884 effectus requirantur plura principia. ita neccessario ad
1098 1866 1821 1925 producendum vnum effectum requireretur neccessario sal¬
1099 1921 1823 1974 tem vnum principium. et ita inductiue. Ex isto seque
1095 1963 1819 2012 tur quod essentia requirit relationem rationis ad hoc vt
1091 2006 1832 2060 distincte intelligatur. quia non est maior ratio quare ad vnum in
1092 2051 1817 2098 telligibile requiritur aliqua relatio plus quam ad aliud
1092 2093 1822 2144 ⁋ Preterea eadem causa sine omni distinctione potest in plu¬
1092 2141 1817 2197 res effectus. ergo eadem ratione idem repraesentatiuum sine omni
1098 2182 1817 2242 distinctione poterit repraesentare plura ⁋ Preterea
1110 2222 1814 2284 quod dicit primo videtur repugnare secundo. ista enim repu
1102 2272 1823 2320 gnant scilicet hoc quod deus intelligit essentiam suam causa intelligen¬
1093 2313 1817 2362 di illud quod est post essentiam suam. et quod non cognoseat
1104 2353 1810 2416 alia a se vt propria obiecta secundum quod alia sunt. sed secundum quod
1098 2398 1816 2450 in se sunt idem ibi. Quod ista repugnant patet. quia vbicu¬
1107 2445 1813 2499 quom est causa et causatum oportet quod ibi sit pluralitas. quia ni
1091 2489 1815 2544 hil est causa suiipsius. sed hoc non est pluralitas ex parte intel
1092 2529 1816 2582 tectionis nec ex parte intellectus. nec parte essentie.
1095 2575 1820 2636 ergo ex parte obiecti est pluralitas. ergo vnum obiectum sed
1102 2626 1813 2685 quod intelligitur est aliud. ergo deus non intelligit alia a se vt
