2299 3082
456 213 1172 274 sunt idem cum deo. sed magis secundum quod sunt propria obie¬
475 270 1165 326 cta. cuius tamen oppositum dicit secunda propositio. ⁋ Preterea
456 311 1165 371 ex hoc ipso quod est post essentiam non est ipsa essentia. ergo si
457 359 1169 412 intelligatur vt post essentiam suam. non intelligitur vt
456 401 1168 461 idem essentie sue. ⁋ Preterea prima propositio non tantum repu
469 446 1165 507 gnat secunde sed etia est in se falsa. quia nihil est causa quod deus in
460 485 1166 548 telligat alia a se. quia nihil est in deo causatum. et ideo
456 539 1169 589 non plus causatur intellectio creatur e quam intellectio dei.
463 585 1166 629 Et quando innuitur quod si non intelligeret alia a se secundum quod
456 620 1163 674 sunt idem sibi. intellectus intelligeret recipiendo ab
457 664 1168 719 eis cognitionem. illa consequentia non valet. non plus quam quando in
457 701 1172 769 telligit comprando essentiam suam ad alia a se⁋ Con¬
463 752 1177 812 tra predictam opinin facit etiam quadam doctor alias ratio
459 807 1172 856 nes satis sufficientes. ideo eas hic omitto propter
459 843 1174 900 quas dicit aliter ad. q. ⁋ Dicendo quod sunt relationes
456 891 1169 940 eterne in deo ad cognita sen non sunt priores natura
456 931 1175 984 liter ipsis cognitis in ratione obiectorum. Unde ponit
462 972 1174 1033 quod deus in primo instanti intelligit essentiam sub ratione
469 1021 1184 1070 absoluta. in secundo instanti producit lapidem in esse intel
471 1069 1168 1117 ligibili et intelligit lapide. ita quod ibi est relatio in
468 1107 1177 1159 lapide de intellectu ad intellectionem diuinam. sed
475 1153 1190 1200 nulla adhuc intellectione diuina ad lapidem. sed in
469 1193 1194 1249 tellectio dei terminat lapidem intellectum ad ipus¬
456 1243 1186 1290 sam. In tertio instanti forte intellectus diuinus potest
467 1281 1174 1338 compare suam intellectionem ad quodcumque intelligibile
469 1330 1192 1386 ad quod nos possumus comprare. et tunc comprando se
457 1370 1177 1429 ad lapidem intellectum potest causare in se relationem ratio
463 1423 1181 1475 nis. et in quarto instanti potest quasi reflecti super
472 1458 1174 1512 istam relationem causatam in tertio instanti. et tunc illa
467 1505 1191 1554 relatio est cognita. Sic ergo non est relatio rationis ne
471 1544 1178 1605 cessaria ad intelligendum lapidem tamquam prior lapide
468 1593 1175 1648 vt obiectum. immo ipsa vt causata est posterior in tertio
481 1635 1186 1697 nstanti. et adhuc ipsa est posterior vt cognita quia in
474 1685 1181 1742 quarto instanti. ⁋ Circa istam opiniono posset argui
474 1726 1187 1787 per dicta prius vbi ostensum est vt mihi videtur suffici
472 1766 1190 1826 enter. quia talia instantia non sunt ponenda. et ita impos
474 1817 1180 1864 sibile est dari primo aliquod instans in quo prius intelli¬
468 1864 1177 1917 gatur essentia quam creatura. ⁋ Preterea si deus in primo
472 1899 1183 1959 instanti intelligit essentiam diuinam et in secundo instanti in
474 1944 1184 2000 telligit lapidem. quaero. aut hoc est propter ordinem obiectum
481 1988 1190 2048 ad obiectum scilicet essentie diuine ad lapidem aut pro¬
474 2039 1189 2095 pter ordinem intellectionis lapidis ad intellectio¬
478 2078 1212 2130 nem essentie. Non propter primum. quia tunc eadem ratione ha¬
480 2122 1186 2170 berm dicere quod prius natura intelligit essentiam suam
474 2172 1187 2224 quam lapidem. quia essentia diuina tam prioritatem natu¬
474 2214 1199 2261 re quam durationis quam etiam perfectionis habet respectu la
483 2261 1199 2315 pidis. et ita deberet dici quod in primo instanti durati¬
490 2298 1196 2353 onis deus intelligeret essentiam suam. et in secundo iustam
492 2341 1196 2396 ti durationis intelligeret lapidem. Si dicatur quod hoc
490 2388 1193 2438 sit propter ordinem intellectionis. Contra. intellectio est
491 2430 1200 2486 omnino indistincta ex natura rei. ergo vna nullo modo est
489 2479 1192 2533 posterior alia. nec potest dici quod ille intellectiones
485 2520 1211 2577 distinguantur formaliter. quia in nobis vnicus actus intelle¬
490 2572 1199 2619 ctus est quo intelligimus totum complexum. et per consequens
492 2609 1202 2681 plures terminos. ergo multo fortius deus intelligit
1267 205 1993 277 omnia quecumque intelligit vnico actu indistincto
1272 263 1987 315 Similiter eadem ratione posset dici quod intellectio hominis di¬
1272 308 1990 360 stinguitur formaliter ab intellectione asini. et ab
1269 352 1997 403 intellectione bouis. et sic de aliis. quod est absur
1266 397 1993 456 dum. ⁋ Si dicatur quod intellectio lapidis et essentie
1272 444 1996 491 distinguuntur ratione. et ideo secundum rationem intellectio essen
1275 487 1987 537 tie est prior intellectione lapidis. hoc non valet.
1282 534 1985 585 qui consideratio intellectus nihil facit ad hoc quod res
1273 578 1990 628 sit prior vel posterior. tunc enim posset facere quod in¬
1275 616 1990 669 tellectio lapidis esset prior intellectione essentie.
1278 662 1993 716 sicut econuerso. ⁋ Preterea. quod dicit quod in deo sunt
1278 710 2005 757 relationes eterne ad cognita. quaero aut relatio ta
1277 745 1993 802 lis est vna res extra animam aut non. si sic. ergo vere
1269 796 1988 847 est realis. et ita realiter refertur. ad creaturam. quod
1278 836 2002 890 iste negat. si non sit vna res: tunc non est in deo ni
1281 887 2005 939 si tantum obiectiue. hoc est quia est cognita. et per consequens
1275 927 2005 985 non est in tertio instanti. et postea erit cognita in
1283 969 2002 1036 quarto instanti. immo quandocunque erit erit cognita.
1269 1014 2005 1073 ⁋ Confirmatur. quia etiam per istos. omne imaginabile: vel
1281 1056 1996 1110 habetur esse reale et subiectiuum. vel obiectiuum. si
1279 1103 2006 1156 subiectiuum. ergo tunc est realiter. si obiectiuum. ergo tunc
1286 1146 2004 1203 est cognita vel volita. et siue sic. siue sic sequitur
1281 1195 2005 1250 quod est cognita. ergo in tertio instanti est cognita.
1277 1237 1996 1294 ⁋ Ideo dico alit ad. q. et consequenter ad dicta prius
1285 1278 2005 1334 Circa quam primo videndum est quid sit relatio rationis
1275 1327 2006 1382 secundo ex hoc ad questionem Circa primum dico quod
1287 1367 1996 1421 relatio rationis dupliciter accipitur. Uno modo pro ista vo¬
1288 1417 2005 1466 ce vel conceptu importante aliquid vel aliqua. Secundo
1281 1455 2011 1518 pro ipsis significatis. et siue ista distinctio sit secundum
1279 1496 2009 1557 artem logice siue non. non multum curo ad praesens. tamen
1287 1538 2021 1600 necessaria est propter modum loquendi multorum. Sit
1281 1589 2015 1649 primo modo dico quod talia sunt relationes. precium
1288 1633 2011 1690 signum et huiusmodi. Si secundo modo dico quod talia nomina
1291 1679 2011 1731 relatiua et conceptus relatiui nihil penitus imagina
1293 1722 2008 1774 bile important quod non sit absolutum: et secundum esse sub
1287 1764 2006 1830 iectiuum in actu vel in potentia. vel saltem esse ob
1292 1812 2006 1861 iectiuum secundum vnam opinionem prius frequenter tactam
1285 1857 2009 1909 sed talia relatiua important absoluta simul cum
1288 1888 2003 1946 actu intellectus et voluntatis. sicut hanc vocem homo
1293 1938 2015 1995 significare homines nihil aliud estnec importat ni
1290 1989 2021 2043 si vocem et homines et actum voluntatis praesentem vel pri¬
1291 2038 2009 2084 teritum quo volumus hac voce vti pro hominibus. ita
1300 2068 2021 2125 signum nihil aliud importat. et ita nihil consequitur
1305 2117 2015 2172 istos actus nec istas voces a parte rei nec alibi. sed
1289 2158 2016 2219 postea potest recipere praedicatione vocum absolutarum
1303 2209 2014 2258 vel conceptuum quaie non vere praedicarentur nisi ipsis pre
1306 2252 2018 2300 suppositis. Unde nisi instituens vellet quod ipse et qui¬
1295 2291 2016 2350 libet alius vteretur hac voce sortes pro illo homine numquam
1290 2348 2018 2389 diceretur quod hec vox sortes significat hunc hominem
1296 2384 2020 2435 et ita non consequitur aliquid absolutum vel relatiuum.
1295 2424 2019 2480 sed vere hoc est signum et illud aliud significatum.
1310 2470 2018 2532 quamuis sine talibus vocibus relatiuis non posset hoc
1302 2510 2029 2578 exprimi. et ita talia relatiua non significant aliqua
1305 2565 2033 2611 alia ab ipsis absolutis. sed significant vel connotant
1316 2596 2035 2679 ipsa absoluta. et nihil aliud imaginabile. ita cum
