2319 3091
334 220 1044 300 dicitur deus est intelligens creaturam. illud quod dico intell
343 292 1053 356 gens quoddam relatiuum est. et non significat aliquod yma
334 339 1046 393 ginabile nisi intellectionem diuinam et ipsam crea¬
343 383 1054 428 turam. et ex hoc ipso quod est intellectio diuina vere deus in¬
340 427 1051 479 telligit creaturam. quamuis hoc non possit exprimi nisi¬
334 466 1057 538 per nomen vel verbum relatiuum Ueruntamen de nomine rela¬
330 518 1040 567 tiuo rationis potest distingui. quia potest accipi dupliciter Uno
331 552 1049 622 modo quod omne illud nome dicatur relatiuum secundum rationem. quando
328 607 1050 664 res non potest esse talis: qualis exprimitur per tale relatiuum
317 652 1024 701 nomen sine actu vel potentia ratiocinatiua. et iste
334 691 1031 739 modo intellectum. intelligibile. subiectum. praedicatum. es
322 734 1047 790 huiusmodi sunt relationes rationis. et per istam expresse connotatur
319 776 1028 846 actus rationis. Alio modo potest dici relatiuum rationis. quando
328 827 1031 884 res non est talis qualis exprimitur esse per tale nomen nisi co¬
322 865 1029 924 currente vel actu voluntatis vel intellectus et nullo isto
309 917 1037 970 rum concurrente poterunt manere extrema et neutrum
312 963 1039 1014 esse quale denotatur esse per tale relatiuum. et talia sunt
316 997 1028 1048 huiusmodi. praecium. signum. diomfirnum. seuitus. secundum quod ista conueni¬
318 1041 1044 1103 unt creaturis quia vox non est signum. et nummus non est
319 1088 1027 1138 praecium. nec pecunia nisi actu praeuio intellectus et vo¬
320 1135 1031 1191 luntatis quo volumus sic vti voce et nummo. et ex hoc
321 1177 1032 1234 ipso quod ponitur talis volitio in nobis vel aliquando fuerit
321 1224 1029 1284 et non fuit volitio contraria. statim sine omni alio addito
315 1266 1032 1330 vox est signum et nummus praecium. Sicut ex hoc ipso quod est crea
313 1307 1038 1365 tura. nullo alio posito deus est creator. ita quod non re
316 1352 1032 1414 quaritur aliquid aliud quam deus et creatura. et non posita
303 1399 1021 1465 creatura deus non est creator. ita etiam quicquid ponatur
313 1446 1028 1505 circa vocem et quicquid consideretur. et cuicumque coperetur si
309 1489 1028 1542 non assit volitio qua velimus ea vti pro re. non erit si¬
310 1533 1022 1590 gnum. et illud est nomen relatiuum rationis. strictissime
303 1577 1021 1627 supto relatiuo rationis. ⁋ Ex istis respondeo ad . q. quod in
302 1616 1021 1677 deo non sunt relationes rationis nisi obiectiue. hoc est sunt
310 1665 1026 1718 cognite sicut omnia alia sunt cognita. nec aliter sunt in
307 1704 1019 1761 deo quaecumque relationes rationis in deo quam sunt vere voces
305 1751 1012 1815 reales ex producte. et ideo sicut ad hoc quod deus intelligat
298 1795 1016 1856 alia a se distincte non requiruntur tales voces vel nomina
307 1840 1017 1894 relatiua. ita etiam ad hoc quod deus intelligat distincte
291 1886 1004 1944 omnia alia a se non requiruntur relationes rationis quiecumque. Ud
291 1931 1012 1987 runtamen aliqua possent imponi nomina relatiua quae possent
295 1968 1019 2022 de deo vere praedicari. non pro se sed pro ipso deo. non tamen re
295 2016 1003 2070 quiruntur talia nomina. ⁋ Secundo dico quod non sunt talia
301 2055 1000 2118 istantia imdeo. nec deus in aliquo instanti ymaginabi
295 2099 1004 2157 lintelligit essentiam suam. quin in eodem intelligat crea
291 2148 1000 2197 turam quancumque. quia vnica est intellectio indistincta on
288 2197 1000 2241 modo quae intelligit omnia. et in eodem instanti quo deus intelli¬
294 2239 998 2286 git essentia suam creatura vere intelligitur. et deus vere
294 2280 1004 2333 intelligit ⁋ Sed tunc est dubium an pro eodem instanti potest
286 2316 1005 2382 concedi quod deus refertur ad creaturam et econuerso. Se
291 2370 1004 2427 cundo ante debeat concedi quod talis relatio est realis vel
294 2411 1005 2470 rationis. ⁋ Ad primum istorum dico quod hoc est magis diffi¬
287 2457 1005 2515 cultas propter voces et modum. quam propter rem in se. Nam quae
288 2497 994 2553 vocat omne illud referri quod est tale quale potest ex
289 2539 997 2599 primi per nomen relatiuum sic concedendum est quod deus ab
294 2591 1010 2649 eterno referebatur ad creaturam intellectam. quia siue
286 2625 1011 2708 ex primatur siue non. deus ab etno fuit intelligens et ita
1159 226 1865 322 fuit tale quale exprimiter esse per hoc relatiuum intel
1151 302 1864 368 ligens. et isto modo concedi potest quod si sortes et plato
1150 349 1862 408 sint albi. quod sortes refertur ad platonem. quamuis ni
1146 389 1865 450 hil in mundo ponatur preter ista absoluta. quia sor. est
1150 432 1861 498 simplicitur similis platoni nullo alio nouo posito
1151 480 1865 547 si aut vocet referri illud praecise cui actualiter deno¬
1146 528 1867 589 tatur inesse signum aliquod relatiuum sic potest adhuc com¬
1143 573 1871 636 cedi quod deus ab etno intellexit omnes propositiones possi¬
1147 614 1869 680 biles concipi a quocumque intellectu creato. et ista pro¬
1147 664 1873 715 positio. deus intelligit creaturam ab etno fuit vera
1137 706 1866 768 sicut modo est vera. ⁋ hic tamen est aduertendum. quod quae
1137 757 1874 802 ponit quod omnia relatiua sunt signa voluntarie insti¬
1146 798 1856 852 tuta. et hoc a voluntate creata. habet ponere quod
1131 828 1864 893 hec non fuit ab etno vera. deus intelligit creaturam
1141 888 1866 943 quia secundum illam opinionem ante institutionem: vel fuit
1135 920 1871 995 falsa vel fuit impropria. Et eodem modo consequenter habet
1136 970 1852 1030 dicere. quod accipiendo referri isto secundo modo. hoc non
1131 1020 1868 1075 est vera modo. deus ab eterno referebatur ad creatu
1131 1052 1863 1121 ram. Sed quia hic est magis difficultas vocalis quam
1131 1099 1862 1169 logicalis vel realis. ideo pertranseo. hoc tamen sim
1135 1146 1853 1204 plicitur est concedendum sine omni distinctione quod deus
1135 1199 1859 1250 ab etno intellexit creaturam. et ideo alia omnia a se. si
1137 1239 1850 1291 ue ista deus intelligit creaturam vel alia a se ab et
1143 1284 1858 1337 non vera fuit vel non. ⁋ Et si proteruiatur dicendo quod
1132 1319 1846 1382 hec est consequentia formalis. deus ab etrno intellexit crea
1126 1372 1852 1421 turam vel aliud a se. ergo ab etno hec fuit vera. deus
1138 1406 1857 1472 intellexit aliud a se. ⁋ Respondeo. quod hec consequentia non
1125 1450 1865 1513 valet. sicut patet in exemplo. quod hec modo est falsa. bu
1132 1507 1855 1550 est ba. et tamen si postea instituatur bu ad significam¬
1134 1540 1868 1605 dum illud quod significat homo et eodem modo. similiter ba ad
1128 1588 1852 1639 significandum illud quod significat hoc vox animal et eo
1137 1629 1854 1694 dem modo. tunc post institutione hoc fuit vera bum est
1125 1673 1846 1734 ba. Ita est in proposito quod non sequitur consequentia formali
1128 1720 1852 1772 deus ab etno intellexit aliud a se. ergo hec fuit vera ab
1126 1768 1851 1815 eterno deus intellexit aliud a se. et hoc si ab eterno isti
1129 1811 1837 1866 termini non erant instituti ad significandum illud
1129 1852 1844 1912 quod modo significant. sed illud magis pertinet ad logi¬
1120 1902 1836 1954 cum. ideo est pertranseundum. ⁋ Ad secundum dubium dico quod
1113 1936 1843 2003 potest dici quod hec est relatio rationis primo modo accipie
1120 1989 1834 2036 do relationem rationis. et hoc quia ipsa diuina essentia est
1119 2033 1844 2090 vna cognitio. Dico tamen quod non est relatio rationis se¬
1117 2078 1845 2130 cundo modo scilicet vbi requiritur actus voluntatis libere
1119 2121 1838 2174 volens illud. et quando extrema possunt manere. quamuis
1123 2157 1824 2220 vnum non sit tale quale denotatur esse per relatiuum
1113 2198 1835 2263 Unde strictissime relatio rationis est ista. quando manenti
1120 2245 1829 2298 bus extremis propter solum concursum actus voluntatis
1107 2292 1844 2353 vel intellectus. vnum extremum est tale quale denotatur
1113 2336 1842 2397 esse per tale relatiuum. quo non exnte non est tale quale
1107 2385 1839 2439 per tale relatiuum denotatur esse. et tamen extrema ma¬
1110 2415 1835 2485 nent. ⁋ Et si dicatur et quaeratur an debeat dici relatio.
1101 2468 1835 2533 realis. Dico quod stricte loquendo non. quia ad relatio
1101 2518 1831 2578 nem realem stricte requiritur quod vtrumque extremum im
1101 2562 1834 2619 portet veram rem. sic autem non est in proposito. quia tantum
1111 2604 1853 2662 vnum extremum scilicet deus est vera res. scilicet actu existens.
1106 2646 1830 2709 tamen large secundum quod distinguitur contra relationem rationis
