2306 3093
331 229 1037 291 pltima consequentia patet. quia quando aliquid aggregatur
322 277 1036 322 vel constituitur ex pluribus: quorum vnum non est realiter
318 327 1038 375 reliquum illud totum. neutrum eorum est realiter sicut com¬
313 364 1037 414 positum nec est realiter materia nec forma. vnde
322 415 1031 464 vtraque illarum est falsa. compositum est realiter forma.
316 459 1026 503 compositum est realiter materia ⁋ Circa secundum ar¬
316 498 1022 551 ticulum dicitur vbi prius. quod propter quattuor necesse
313 544 1019 595 est ponere ideas in deo. Primo ad cognoscen
306 584 1021 636 dum alia a se perfecte secundum rationem qua alia et plures
313 629 1017 688 ideas in deo: vt omnia alia a se cognoscat perfecte.
306 670 1027 724 qui sicut dicit Augustinus quaestione de ideis. tanta
313 719 1025 767 vis in eis constituitur vt nisi hiis intellectis sa¬
312 766 1028 816 piens esse non possit. scilicet cognitione illa qua habet
313 806 1013 856 cognoscere alia a se. Et quia talis scientia de rebus ex
312 850 1016 900 parte dei est causa exemplaris vt sit ad se aliquid
313 897 1018 942 per essentiam. ideo secundo propter creaturas plures spe
301 940 1013 991 cie differentes vt sint aliquid per essentiam necesse
308 984 1013 1036 est ponere plures ideas in deo quo in notitia
293 1029 1010 1083 sua habet principaliter vt inmundo archetipo sin
298 1071 1017 1123 gula praesentia ab eterno. tertio necesse est ponere
301 1117 1010 1164 in eo licet non sub ratione idearum rerum perfectiones
301 1158 1007 1209 quibus est singularum rerum propria mensura. differunt
295 1208 1011 1255 enim sola ratione idea et perfectio in deo. Quarto oportet
307 1245 1013 1295 ponere ideas propter rerum productiones in existen¬
305 1291 1012 1344 tia actuali. quia non posset plura diuersa et distin¬
297 1334 1016 1382 cta producere nisi ea producendo cognosceret. sed
301 1380 1015 1434 talis cognitio non est nisi per ideas. ⁋ Cicet aliqua
298 1420 1016 1475 hic dicta sicut sonant vera sint. tamen secundum intentionem
301 1469 1007 1518 dicentis reputo ea simplicitur falsa. quia secundum intentio
297 1509 1004 1564 nem istius iste idee quae ponuntur non realiter sunt ipse
294 1556 1000 1611 creature. sed quidam respectus imitabilitatis quibus
294 1597 1013 1645 diuina essentia est imitabilis a creaturis. sed ta
304 1642 1013 1704 es respectus rationis non est necesse ponere propter
313 1681 1010 1736 uanmcunque rationum praedictarum. ergo tales ideas quales il¬
292 1727 1001 1778 le ponit non oportet ponere. maior est concessa ab istis
289 1774 1013 1823 miorem probo. quia non propter primum. patet. quia intellectus diui
289 1819 997 1873 nus poterit intelligere omnia alia a se sine omnibus
288 1864 1013 1911 respectibus rationis. ⁋ Preterea. per istos intellectus
295 1909 1000 1954 maxime vilesceret. quia secundum istos. si intellectus diui¬
283 1950 1003 2001 nus intelligeret aliud a se. ita quod illud obiectum
295 1993 997 2045 esset informans actu suo intelligendi vilesceret.
297 2032 1007 2092 ergo si sola essentia diuina non esset motiuum sufficiens
291 2077 998 2133 qui intellectus ad intelligendum omnia aliarequereret ali¬
289 2116 1012 2178 quid aliud. et per consequens vilesceret. ⁋ Preterea. aut iste
288 2169 991 2217 respectus rationis praesupponit intellectionem creature
282 2214 994 2267 aut consequitur intellectionem creature. Non primum
283 2254 995 2312 quia secundum istum respectus rationis neccessario consequitur aliquem
282 2302 1012 2354 actum intelligendi. ergo iste respectus consequeretur actum in¬
300 2343 1010 2399 telligendi diuinum quo intelligit suam esentiam abso¬
297 2386 1007 2441 lute. non comprando eam ad quodcumque aliud quod isti ne¬
286 2435 1011 2490 gant. Nec potest dici secundum. tum quia tunc nihil face
294 2482 1003 2526 rent ad hoc quod deus intelligeret distincte alia a se. si
288 2520 1009 2572 cut effectus nihil facit ad esse sue cause quam conse
301 2571 1008 2617 quitur. Tum quia talis respectus rationis non consequitur intel¬
294 2609 1006 2665 lectionem quae deus intelligit suam essentiam. ergo eadem ratione
1134 231 1828 287 nec intellectionem qua intelligit aliud a se quia non
1138 281 1853 337 est maior ratio de vno quam de alio. ⁋ Secundo ostendo p
1132 321 1835 375 quod propter secundum non oportet ponere tales plures ideas
1134 364 1835 417 qui artifex creatus sine omni respectu rationis potest habere co
1133 413 1847 468 gnitionem distinctam plurium et distincta producere
1138 466 1835 507 ergo multo fortius artifex increatus poterit distincte
1135 504 1829 556 plura cognoscere et postea in esse producere sine
1129 546 1850 599 omni tali respectu rationis. ⁋ Tertio ostendo quod non ortet
1119 587 1841 638 ponere tales ideas propt tertium: quia si perfectio cre.
1126 630 1832 682 ature in deo idea sint idem. quaero. aut perfectio il¬
1116 673 1825 720 la in deo est realiter ipse deus aut non. si sic. ergo sicut ipse
1123 718 1832 768 deus non est plures. ita idee non erunt realiter plures
1123 761 1826 812 Si non hoc est conraeum. quia ponit quod ipsa idea est realiter divina
1122 810 1822 865 essentia. Similiter nihil aliud a deo potest esse propria men
1123 853 1822 897 sura suprime creature. ergo secundum istum. cum illa perfectio
1110 893 1825 947 sit mensura creature. sequitur quod suprima creatura
1116 939 1832 986 non haberet ideam in deo. ⁋ Circa quartam rationem patet
1116 975 1822 1039 per praedicta quod non valet. quia ad producendum aliquod non
1120 1027 1828 1079 requiritur in artifice aliquis talis respectus rationis
1128 1075 1823 1120 ⁋ Ideo aliter dico ad istam. q. Circa quam sic proce
1116 1115 1819 1161 da. quia primo videndum est quid nominis istius quod dico ideam
1123 1160 1826 1213 Secundo videndum est cui competit illud quid nominis. et sic
1121 1202 1825 1258 patebit primus articulus. Tertio videndum est quae sit ne
1110 1248 1826 1303 cessitas ponendi ideas. Quarto inferam aliquas con
1126 1292 1822 1343 clusiones. Quinto respondebo ad formam quaestionis
1113 1331 1844 1382 Sexto mouebo aliqua dubia et soluam ⁋ Circa
1110 1381 1832 1437 primum sciendum quod idea non habet quid rei. quia est nomen
1120 1424 1832 1470 connotatiuum vel relatiuum secundum alium modum loquen¬
1122 1465 1831 1520 di. nam omnis idea necessario est alicuius idealis vel
1122 1515 1828 1567 ideati idea. et ideo non praecise significat aliquid vnum
1123 1554 1832 1604 ed significat vnum et connotat aliquid aliud vel il¬
1107 1599 1828 1647 lud idem quod significat et propter hoc habet tantum quid nominis
1122 1643 1828 1696 et potest sic deseribi. Idea est aliquod cognitum a prin¬
1114 1691 1819 1743 cipio effectiuo intellectuali. ad quod actiuum aspi¬
1108 1732 1814 1779 ciens potest aliquid in esse reali producere. Ista
1104 1777 1817 1827 descriptio patet quantum ad primam particulam per beatum
1104 1818 1819 1866 augustinum. lxxxiii. questionum. q. xliii. vbi dicit.
1123 1864 1829 1912 has autem rationes vbi esse arbitrandum est nisi in ipi¬
1104 1907 1823 1955 sa mente creatoris. non enim extra se quiecquem positum in¬
1113 1951 1820 1999 tuebatur. vt secundum idem constitueret quod costituebat.
1108 1997 1820 2041 ex ista auc. patet quod idee sunt cognite a mente diui¬
1101 2035 1826 2097 na. ⁋ Secunda particula patet. scilicet quod idea sit aliquid
1101 2081 1822 2141 cognitum ab actiuo intellectuali. Per eandem
1099 2124 1817 2183 auc. per hoc quod dicit vbi esse arbitrandum nisi in
1116 2172 1817 2223 mente creatoris. ⁋ Tertia particula quod sit illud
1105 2214 1814 2265 ad quod aspiciens potest aliquid producere in esse rea
1102 2260 1825 2308 li patet per finem auctoritatis. quia dicit. non enim extra¬
1104 2301 1817 2350 se quicquod positum intuebatur vt secundum illud constitueret.
1102 2340 1811 2402 quod constituebat. manifeste ex hoc insinuans quod deus
1102 2389 1813 2442 ideas intuetur vt secundum illas constituat. hoc est efficiat il
1102 2434 1801 2488 la quae constituit. hoc est efficit. Item ista descriptio
1098 2487 1813 2530 patet per senecam eplura. lxvi. vbi enumeratis quatuor
1110 2520 1808 2578 causis positis ab aristotele dicit sic. hiis quintam
1081 2566 1805 2619 prlo adiicit exemplar quam ideam vocat. hoc enim est
1101 2609 1823 2678 ad quod aspiciens artifex illud quod destituiet
