2232 3074
435 210 1153 279 quod idea non haberet aliter esse ab eterno quam lapis
438 261 1154 321 extra existens. et per consequens idea non est eterna: quod est
435 311 1148 361 contra beatum augustinum et senecam vbi supra. vbi¬
438 355 1139 401 dicit sic. exemplaria omnium intra se deus habet numeros
442 398 1145 453 vniuersorum quae agenda sunt et modos mente comple¬
433 447 1135 498 xus plenus hiis figuris quas plso ideas appel
432 491 1142 532 lat immortales immobiles infactibiles. sed creature
442 530 1142 588 sunt mortales mutabiles et factibiles. ⁋ Preter
432 577 1141 636 ea neque oriuntur neque intereunt secundum eos. tamen formari
435 617 1136 664 dicitur omne quod oriri et interire potest. et omne quod oriter
439 661 1144 714 interit secundum augustinum vbi supra. sed impossibile
442 708 1146 763 et idem oriri et non oriri. interire et non interire. ergo crea¬
439 749 1142 812 ture quae oriuntur et intereunt non sunt idee quae neque oriuntur
431 792 1135 842 neque intereunt. ⁋ Tertium dubium est. quia non videtur
442 842 1135 900 quod idee tantum sunt singularium. quia pluro ponit ideas
432 883 1139 933 specierum et non singularium. sed beatus augs. approbat
445 933 1136 978 ninam platonis. ergo ipsorum singularium non sunt idem
457 972 1151 1020 mo. ⁋ Quartum dubium. quia videtur quod praeter ideas
432 1014 1141 1068 illas quae ponuntur esse res singulares sint aliqua alie po
433 1060 1142 1115 nende. quia tante efficientie est deus in producendo sicut quaecum
435 1107 1144 1163 que artifex creatus sed artifex creatus habendo cogni¬
438 1145 1133 1206 tionem vniversalem de domo potest domum particulare pro
445 1191 1133 1253 ducere per ideam. et per consequens ipsa domus particularis no
433 1234 1144 1291 est idea sed aliquid aliud a domo particulari. ergo cum
424 1278 1142 1326 deus non tantum habeat notitiam rerum particularium sed et
439 1324 1139 1372 vniuersalium. non tantum res particulares erunt sibi
439 1366 1148 1413 dee sed etiam ipsa vniversalia quia ita aspicit ad vniversalia in produ
441 1414 1144 1467 cendo sicut ad particularia ⁋ Ad primum istorum di
429 1457 1135 1503 co quod idee non sunt in deo realiter et subiectiue sed
433 1501 1145 1549 tantum obiectiue. sicut omns creature ab eterno fu
425 1544 1133 1602 erunt in deo. quia ab eterno fuerunt cognite a deo.
439 1585 1148 1636 et ideo numquam iuenitur quod augustinus alicubi ponat
438 1633 1133 1689 idenas nisi in diuina intelligentia. non in essentia.
432 1683 1147 1737 per hoc innuens quod non sunt in deo nisi sicut cogni¬
430 1719 1138 1769 ta et non sicut ibidem realiter existentia. Unde dicit.
435 1762 1145 1812 vbi eas arbitrandum est esse nisi in mentecreatoris
442 1809 1141 1858 est superius dixit eas diuina intelligentia contine
430 1853 1145 1910 ri. ⁋ Ad auctoritates augustini dico quod eter¬
442 1889 1143 1948 num dupliciter accipitur. Uno modo proprie pro eo
432 1935 1141 1979 quod vere et proprie et realiter est actualiter existens etr¬
436 1976 1148 2038 naliter. Aliter pro illo quod est eternaliter immutabiliter in
432 2023 1139 2075 tellectum vel cognitum. et hoc est improprie accipere
435 2068 1144 2116 eternum et extensiue. Primo modo dico quod idee non
435 2111 1145 2158 sunt etrne. sed solus deus sic est eternus. Secundo modo idee
445 2155 1139 2200 sunt eterne. hoc est. eternaliter et immutabiliter cogni¬
435 2202 1142 2252 te. et sic loquitur beatus augustinus et alii sancti et philosophi
439 2242 1135 2292 quando dicunt ideas esse eternas et immortales et infacti
442 2286 1142 2333 biles. hoc est quod sunt eternaliter immortaliter immuta¬
441 2331 1150 2379 biliter infactibiliter intellecte. Et omnia talia verba
447 2371 1141 2421 dicunt solum vt insinuent differentiam in mente diuina. et
444 2418 1142 2473 in mente cuiuscumque artificis creati. quia idee in men
447 2462 1148 2515 te diuina sunt etene hoc est sunt ab ipso eternaliter et incon
442 2511 1148 2555 mutabiliter intellecte Et quando dicitur quod creature non
450 2548 1150 2597 sunt eterne. Dico quod creature non sunt eterne primo modo
441 2589 1162 2655 accipiendo etinum. sed secundo modo accipiendo etrnum non
1257 210 1970 272 est inconueniens. quia hoc non est aliud quam dicere quod creatu
1249 266 1964 315 resunt eternaliter intellecteUeruntamen quia hoc nomen idea
1248 301 1960 361 ex suam impositione connotat cognitionem quae cogno¬
1248 347 1961 397 scitur. non sic autem creature vel nomen lapidis vel
1251 391 1967 446 hominis: et sic de aliis. ideo a sanctis frequentur conceditur
1253 436 1955 490 quod idee sunt eterne magis quam quod creature sunt eterne. quam¬
1245 479 1954 526 uis siue dicant vnum siue dicant reliquum improprie et
1249 526 1964 579 large loquentur de eterno. ⁋ Et si dicantur quod in eadem
1252 576 1952 627 auc. dicit quod vere sunt. quia eterne sunt. ergo vere fue¬
1251 614 1954 667 runt ab etuo et non tantum intellecte. ⁋ Similiter in eadem
1248 658 1957 710 auc. dicitur. quod idee sunt principales forme vel rationes
1250 710 1954 757 rerum stabiles etc. Ex ista auc. arguitur. quia principa
1254 747 1963 794 le dicitur respectu minus principalis. ergo pter ideas sunt
1260 793 1951 849 aliqua forme vel rationes non principales. ergo sunt ali¬
1257 831 1957 894 uae res quae non sunt idee. ergo non omnis res est idea. ⁋ Ad
1266 880 1954 932 imum illorum dicitur quod improprie accipit beatus augusti¬
1249 926 1954 970 nus quando dicit quod vere sunt. scilicet pro illis quae vere intel
1248 967 1949 1015 liguntur. Unde dicunt aliqua quod creature fsuerunt ab
1244 1012 1954 1058 eterno in dei potentia et non erant in sui natura
1248 1054 1955 1105 et dicunt quod erant et non erant. Ista non possunt intelli¬
1254 1099 1954 1154 gi sicut verba sonant. quia implicaretur contradictio. et
1258 1144 1960 1194 oportet quod sic intelligantur. erant in dei potentia. hoc est
1248 1198 1957 1243 potuerunt a deo produci qui vere erat ab eterno. et
1255 1230 1958 1278 tamen simpliciter non erant in actu. Sic dico in proposito quod
1255 1271 1965 1325 quando augustinus dicit quod idee vere sunt. debet: intel
1252 1318 1961 1373 ligi sic. vere sunt intellecte a deo ab eterno. qui
1251 1369 1961 1415 ab etno vere est. ⁋ Et si dicatur quod eodem modo posset
1243 1405 1970 1454 concedi quod homo ab eterno vere est. quia ab eterno vere in
1251 1454 1954 1501 telligitur etc. Dico quod si vsitatus modus loquendi
1245 1491 1970 1542 sanctorum sic intelligeret. posset concedi vnum sicut.
1251 1538 1949 1586 reliquum. sed non est ita. cuius causa tacta est prius. ⁋ Ad
1255 1580 1955 1634 secundum dico: quod non est intentio beati augustini quod
1258 1626 1955 1677 preter ideas sint aliqua res minus principales quae non
1258 1667 1955 1719 sunt idee. sed ideo dicit ideas esse formas principales
1257 1719 1955 1764 qui res ille prius natura et duratione fuerunt idee.
1257 1763 1967 1813 quam erant extra deum actualiter existentes. et necessa¬
1246 1806 1964 1856 rio sunt idee non tamen necessario sunt existentes actu
1248 1849 1974 1898 aliter sed contingenter. Unde necessario sunt in
1255 1888 1955 1940 tellecte a deo. et ita necessario sunt idee non tamen
1249 1928 1974 1976 necessario sunt existentes in rerum natura. ⁋ Ue¬
1249 1975 1955 2032 runtamen haec posset esse vna difficultas vocalis. vtrum
1242 2022 1951 2068 scilicet idea dicatur respectu ideati vel respectu idea
1252 2062 1963 2124 bilis. hoc est. vtrum precise debeat vocari idea quando
1248 2104 1948 2166 deus secundum eam producit actualiter an etiam siue non produ
1252 2147 1955 2205 cat secundum eam. dum tamen possit secundum eam producere. ⁋ Et
1245 2196 1961 2249 quantum ad hoc potest dici quod est magis de vsu san¬
1243 2234 1952 2294 ctorum vocari ideam etiam quamuis deus non producat secundum
1251 2292 1956 2339 eam actualiter. et ideo ab eterno res fuerunt idee
1242 2325 1945 2379 sed non ab eterno fuerunt actualiter existentes
1261 2371 1961 2425 ⁋ Et si dicatur quod hoc est impossibile. quia secundum se¬
1251 2413 1954 2462 necam vbi prius. idea est causa quinta preter cau
1241 2457 1954 2518 sas quatuor positas ab aristotele. sed nihil est
1243 2503 1954 2556 causa suiipius. ergo illa res quae primo est idea non est post¬
1251 2552 1951 2599 ea ideatum vel causatum. Similiter sancti cum
1243 2591 1952 2647 attribuunt aliquam causalitatem idee. attribuuntur
