<?xml version="1.0" encoding="UTF-8" standalone="yes"?>
<PcGts xmlns="http://schema.primaresearch.org/PAGE/gts/pagecontent/2013-07-15" xmlns:xsi="http://www.w3.org/2001/XMLSchema-instance" xsi:schemaLocation="http://schema.primaresearch.org/PAGE/gts/pagecontent/2013-07-15 http://schema.primaresearch.org/PAGE/gts/pagecontent/2013-07-15/pagecontent.xsd">
    <Metadata>
        <Creator>prov=University of Rostock/Institute of Mathematics/CITlab|PLANET AI GmbH/Gundram Leifert/gundram.leifert@planet-ai.de:name=cod-LyXLXy-m2-withbase(htr_id=25980)::::v=2.6.6
prov=University of Rostock/Institute of Mathematics/CITlab|PLANET AI GmbH/Tobias Gruening/tobias.gruening@planet-ai.de:name=de.uros.citlab.module.baseline2polygon.B2PSeamMultiOriented:v=2.6.6
prov=University of Rostock/Institute of Mathematics/CITlab|PLANET AI GmbH/Tobias Gruening/tobias.gruening@planet-ai.de:name=/net_tf/LA73_249_0mod360.pb:de.uros.citlab.segmentation.CITlab_LA_ML:v=2.6.6
Transkribus</Creator>
        <Created>2020-08-11T01:44:59.114+02:00</Created>
        <LastChange>2020-09-05T02:55:50.959+02:00</LastChange>
        <TranskribusMetadata docId="449428" pageId="18339125" pageNr="514" tsid="39292469" status="IN_PROGRESS" userId="25065" imgUrl="https://files.transkribus.eu/Get?id=DZOFCUBBFUUGMQJEQYGECDRZ&amp;fileType=view" xmlUrl="https://files.transkribus.eu/Get?id=OUCOGKFHPHEVFIFKLTVCEIPA" imageId="13970947"/>
    </Metadata>
    <Page imageFilename="513.jpg" imageWidth="2250" imageHeight="3082">
        <ReadingOrder>
            <OrderedGroup id="ro_1599307868561" caption="Regions reading order">
                <RegionRefIndexed index="0" regionRef="r3"/>
                <RegionRefIndexed index="1" regionRef="TextRegion_1597850522146_329"/>
            </OrderedGroup>
        </ReadingOrder>
        <TextRegion orientation="0.0" id="r3" custom="readingOrder {index:0;}">
            <Coords points="431,153 431,2647 1175,2647 1175,153"/>
            <TextLine id="r3l2" custom="readingOrder {index:0;}">
                <Coords points="462,253 1163,266 1175,214 1049,199 833,227 679,207 644,227 603,201 549,222 463,202"/>
                <Baseline points="467,248 502,248 537,248 572,248 607,248 642,249 677,249 712,249 747,249 782,249 818,251 853,251 888,251 923,251 958,251 993,251 1028,251 1063,252 1098,252 1133,252 1169,252"/>
                <TextEquiv>
                    <Unicode>bus modis ipsa voluntas. Aliter accipitur volitio</Unicode>
                </TextEquiv>
            </TextLine>
            <TextLine id="r3l3" custom="readingOrder {index:1;}">
                <Coords points="468,303 1178,306 1178,267 1149,262 468,262"/>
                <Baseline points="473,291 508,293 543,294 578,294 613,294 648,296 683,296 718,296 753,296 788,296 823,296 858,296 893,296 928,296 963,296 998,296 1033,296 1068,297 1103,297 1138,298 1173,299"/>
                <TextEquiv>
                    <Unicode>diuina. vt sit idem quod velle creaturam esse vel velle</Unicode>
                </TextEquiv>
            </TextLine>
            <TextLine id="r3l4" custom="readingOrder {index:2;}">
                <Coords points="456,352 1180,349 1167,306 456,301"/>
                <Baseline points="461,336 496,338 532,339 568,339 603,341 639,341 675,341 710,341 746,341 782,341 818,341 853,341 889,341 925,341 960,341 996,341 1032,341 1067,341 1103,341 1139,341 1175,341"/>
                <TextEquiv>
                    <Unicode>remunerare. vel huiusmodi aliquid. et sic non praecise di¬</Unicode>
                </TextEquiv>
            </TextLine>
            <TextLine id="r3l5" custom="readingOrder {index:3;}">
                <Coords points="456,399 1171,393 1156,349 456,351"/>
                <Baseline points="461,383 496,383 531,383 566,384 602,384 637,384 672,384 707,384 743,384 778,384 813,384 848,384 884,384 919,384 954,384 989,384 1025,384 1060,386 1095,386 1130,386 1166,387"/>
                <TextEquiv>
                    <Unicode>cit voluntatem diuinam. sed etiam connotat creaturam in</Unicode>
                </TextEquiv>
            </TextLine>
            <TextLine id="r3l6" custom="readingOrder {index:4;}">
                <Coords points="459,442 771,446 802,428 1114,446 1165,439 1165,396 459,399"/>
                <Baseline points="464,426 498,426 533,428 568,428 603,428 638,429 672,429 707,429 742,429 777,429 812,428 846,428 881,428 916,428 951,428 986,428 1020,429 1055,429 1090,429 1125,431 1160,431"/>
                <TextEquiv>
                    <Unicode>esse reali. et sic est idem quod creatio vel conseruatio</Unicode>
                </TextEquiv>
            </TextLine>
            <TextLine id="r3l7" custom="readingOrder {index:5;}">
                <Coords points="465,490 1142,489 1165,440 465,444"/>
                <Baseline points="470,471 504,471 539,472 573,473 608,473 642,473 677,473 711,473 746,473 780,473 815,473 849,473 884,473 918,473 953,473 987,473 1022,473 1056,473 1091,473 1125,473 1160,474"/>
                <TextEquiv>
                    <Unicode>vel aliquid huiusmodi. et sicut est in potenstate sua. sicut con¬</Unicode>
                </TextEquiv>
            </TextLine>
            <TextLine id="r3l8" custom="readingOrder {index:6;}">
                <Coords points="460,532 1147,532 1162,484 460,488"/>
                <Baseline points="465,515 499,515 534,515 568,516 603,516 638,516 672,516 707,516 741,516 776,516 811,516 845,516 880,516 914,516 949,516 984,516 1018,516 1053,518 1087,518 1122,518 1157,519"/>
                <TextEquiv>
                    <Unicode>tingenter creat conseruat et huiusmodi. ⁋ Ad aliud </Unicode>
                </TextEquiv>
            </TextLine>
            <TextLine id="r3l9" custom="readingOrder {index:7;}">
                <Coords points="456,566 1172,577 1172,525 456,530"/>
                <Baseline points="461,560 496,560 531,560 566,560 602,560 637,560 672,560 708,560 743,560 778,560 814,560 849,560 884,561 919,561 955,561 990,561 1025,561 1061,561 1096,563 1131,563 1167,563"/>
                <TextEquiv>
                    <Unicode>dico quod speculatio quae est in potenstate voluntatis est</Unicode>
                </TextEquiv>
            </TextLine>
            <TextLine id="r3l10" custom="readingOrder {index:8;}">
                <Coords points="460,614 1116,621 1157,617 1158,583 657,563 611,584 461,579"/>
                <Baseline points="465,602 499,603 533,603 568,603 602,603 636,603 671,603 705,604 739,605 774,605 808,605 842,605 877,606 911,606 945,606 980,606 1014,608 1048,608 1083,608 1117,608 1152,608"/>
                <TextEquiv>
                    <Unicode>vere praxis. sic dictum est prius ⁋ Ad primum in contra</Unicode>
                </TextEquiv>
            </TextLine>
            <TextLine id="r3l11" custom="readingOrder {index:9;}">
                <Coords points="448,667 956,652 1117,674 1163,664 1163,617 448,621"/>
                <Baseline points="453,647 488,648 523,648 558,648 594,648 629,648 664,648 699,648 735,650 770,650 805,650 840,650 876,650 911,650 946,650 981,650 1017,650 1052,650 1087,650 1122,650 1158,650"/>
                <TextEquiv>
                    <Unicode>rium dico quod hec est falsa simpliciter. omnibus praxibus genera</Unicode>
                </TextEquiv>
            </TextLine>
            <TextLine id="r3l12" custom="readingOrder {index:10;}">
                <Coords points="448,711 1159,706 1159,669 1084,658 448,666"/>
                <Baseline points="453,692 488,692 523,692 558,692 593,692 628,692 663,692 698,692 733,693 768,693 803,693 838,693 873,695 908,695 943,695 978,695 1013,695 1048,695 1083,696 1118,696 1154,696"/>
                <TextEquiv>
                    <Unicode>tur habitus practicus. cuius ratio est. quia speculatiuum et</Unicode>
                </TextEquiv>
            </TextLine>
            <TextLine id="r3l13" custom="readingOrder {index:11;}">
                <Coords points="444,756 1105,756 1159,751 1159,707 444,711"/>
                <Baseline points="449,740 484,738 519,738 554,737 590,737 625,737 660,737 695,737 731,737 766,737 801,737 836,737 872,737 907,738 942,738 977,738 1013,738 1048,738 1083,740 1118,740 1154,740"/>
                <TextEquiv>
                    <Unicode>practicum non sunt dicere opposite habituum intelle</Unicode>
                </TextEquiv>
            </TextLine>
            <TextLine id="r3l14" custom="readingOrder {index:12;}">
                <Coords points="438,803 635,782 1141,799 1160,750 438,756"/>
                <Baseline points="443,782 478,782 514,782 549,782 585,782 621,782 656,782 692,782 727,782 763,782 799,782 834,782 870,782 905,782 941,782 977,783 1012,783 1048,783 1083,783 1119,785 1155,785"/>
                <TextEquiv>
                    <Unicode>ctualium. et ideo non semper ex praxibus que sunt in intelle</Unicode>
                </TextEquiv>
            </TextLine>
            <TextLine id="r3l15" custom="readingOrder {index:13;}">
                <Coords points="444,839 1160,843 1160,796 1077,788 444,800"/>
                <Baseline points="449,827 484,825 519,825 554,825 590,825 625,825 660,825 696,825 731,825 766,825 802,826 837,827 872,827 907,827 943,827 978,828 1013,828 1049,828 1084,828 1119,827 1155,827"/>
                <TextEquiv>
                    <Unicode>ctu generatur habitus practicus ⁋ Et si dicatur quod sal</Unicode>
                </TextEquiv>
            </TextLine>
            <TextLine id="r3l16" custom="readingOrder {index:14;}">
                <Coords points="435,888 1165,879 1148,840 435,845"/>
                <Baseline points="440,870 476,869 512,869 548,869 584,869 620,869 656,869 692,869 728,869 764,870 800,870 836,870 872,870 908,871 944,872 980,872 1016,872 1052,872 1088,872 1124,872 1160,872"/>
                <TextEquiv>
                    <Unicode>tem ex praxibus quae sunt in intellectu generatur habitus</Unicode>
                </TextEquiv>
            </TextLine>
            <TextLine id="r3l17" custom="readingOrder {index:15;}">
                <Coords points="438,931 1084,936 1166,925 1166,881 438,889"/>
                <Baseline points="443,917 478,915 514,915 550,915 586,914 622,914 658,914 694,914 730,914 766,914 802,914 837,914 873,915 909,915 945,915 981,915 1017,915 1053,915 1089,916 1125,917 1161,917"/>
                <TextEquiv>
                    <Unicode>practicus et nullo modo speculatiuus. Dicendum quod non</Unicode>
                </TextEquiv>
            </TextLine>
            <TextLine id="r3l18" custom="readingOrder {index:16;}">
                <Coords points="439,976 1139,978 1160,973 1160,926 439,932"/>
                <Baseline points="444,960 479,959 515,959 550,959 586,959 621,959 657,959 692,959 728,959 763,959 799,959 835,960 870,960 906,960 941,960 977,960 1012,960 1048,960 1083,959 1119,959 1155,959"/>
                <TextEquiv>
                    <Unicode>semper ex praximbus quae sunt in intellectu generatur habitus</Unicode>
                </TextEquiv>
            </TextLine>
            <TextLine id="r3l19" custom="readingOrder {index:17;}">
                <Coords points="442,1023 858,1007 1051,1025 1153,1017 1153,974 442,975"/>
                <Baseline points="447,1004 482,1004 517,1004 552,1004 587,1004 622,1004 657,1002 692,1004 727,1004 762,1004 797,1004 832,1004 867,1004 902,1004 937,1004 972,1004 1007,1004 1042,1004 1077,1004 1112,1005 1148,1005"/>
                <TextEquiv>
                    <Unicode>practicus. cuius ratio est. quia habitus practicus generatur ex</Unicode>
                </TextEquiv>
            </TextLine>
            <TextLine id="r3l20" custom="readingOrder {index:18;}">
                <Coords points="441,1063 863,1050 1096,1069 1156,1058 1156,1018 441,1023"/>
                <Baseline points="446,1047 481,1047 516,1047 551,1047 587,1047 622,1047 657,1047 692,1047 728,1047 763,1047 798,1047 833,1047 869,1049 904,1049 939,1049 974,1049 1010,1049 1045,1049 1080,1049 1115,1050 1151,1050"/>
                <TextEquiv>
                    <Unicode>actibus practicis. sed aliqua actus intelligibiles quae sunt</Unicode>
                </TextEquiv>
            </TextLine>
            <TextLine id="r3l21" custom="readingOrder {index:19;}">
                <Coords points="441,1111 792,1094 1140,1110 1157,1057 441,1063"/>
                <Baseline points="446,1094 481,1093 516,1092 551,1092 587,1091 622,1091 657,1091 693,1091 728,1091 763,1091 799,1091 834,1091 869,1092 904,1092 940,1092 975,1092 1010,1092 1046,1092 1081,1094 1116,1094 1152,1094"/>
                <TextEquiv>
                    <Unicode>praxes sunt speculatiui et aliqua sunt practici. et ideo</Unicode>
                </TextEquiv>
            </TextLine>
            <TextLine id="r3l22" custom="readingOrder {index:20;}">
                <Coords points="445,1155 1160,1151 1160,1102 445,1111"/>
                <Baseline points="450,1137 485,1136 520,1136 555,1136 591,1136 626,1136 661,1136 696,1136 732,1136 767,1136 802,1136 837,1136 873,1136 908,1136 943,1136 978,1136 1014,1136 1049,1137 1084,1137 1119,1137 1155,1137"/>
                <TextEquiv>
                    <Unicode>ex aliquibus talibus praxibus generatur habitus practi</Unicode>
                </TextEquiv>
            </TextLine>
            <TextLine id="r3l23" custom="readingOrder {index:21;}">
                <Coords points="444,1200 1154,1190 1154,1157 1104,1144 444,1155"/>
                <Baseline points="449,1181 484,1181 519,1181 554,1181 589,1181 624,1181 659,1181 694,1181 729,1181 764,1179 799,1179 834,1179 869,1179 904,1179 939,1179 974,1180 1009,1181 1044,1181 1079,1181 1114,1181 1149,1182"/>
                <TextEquiv>
                    <Unicode>cus. et ex aliquibus generatur habitus speculatiuus</Unicode>
                </TextEquiv>
            </TextLine>
            <TextLine id="r3l24" custom="readingOrder {index:22;}">
                <Coords points="462,1240 1160,1241 1160,1190 462,1189"/>
                <Baseline points="467,1223 501,1223 535,1224 570,1224 604,1224 639,1224 673,1224 707,1224 742,1224 776,1224 811,1224 845,1224 879,1224 914,1224 948,1224 983,1224 1017,1224 1051,1224 1086,1224 1120,1224 1155,1224"/>
                <TextEquiv>
                    <Unicode>Ad cuius intellectum sciendum est quod differentiam est inter actum</Unicode>
                </TextEquiv>
            </TextLine>
            <TextLine id="r3l25" custom="readingOrder {index:23;}">
                <Coords points="445,1281 1154,1283 1154,1242 1130,1232 445,1238"/>
                <Baseline points="450,1268 486,1268 523,1268 560,1269 597,1269 633,1269 670,1269 707,1269 744,1269 781,1269 817,1269 854,1269 891,1269 928,1269 965,1269 1001,1269 1038,1269 1075,1269 1112,1269 1149,1269"/>
                <TextEquiv>
                    <Unicode>practicum et praxim. Nam praxis est operatio existens</Unicode>
                </TextEquiv>
            </TextLine>
            <TextLine id="r3l26" custom="readingOrder {index:24;}">
                <Coords points="439,1332 742,1316 1141,1333 1148,1283 439,1284"/>
                <Baseline points="444,1313 480,1313 517,1313 554,1313 591,1313 627,1313 664,1313 701,1313 738,1313 775,1313 811,1313 848,1313 885,1313 922,1313 959,1313 995,1313 1032,1313 1069,1313 1106,1313 1143,1313"/>
                <TextEquiv>
                    <Unicode>in potestate voluntatis: quia omnis talis actus potest eli¬</Unicode>
                </TextEquiv>
            </TextLine>
            <TextLine id="r3l27" custom="readingOrder {index:25;}">
                <Coords points="441,1374 1113,1373 1147,1361 1147,1332 741,1316 441,1334"/>
                <Baseline points="446,1358 480,1356 515,1356 550,1356 585,1356 620,1358 654,1358 689,1358 724,1358 759,1358 794,1358 828,1358 863,1358 898,1358 933,1358 968,1358 1002,1358 1037,1357 1072,1356 1107,1356 1142,1355"/>
                <TextEquiv>
                    <Unicode>ci virtuose et viciose. loquendo de actu volunta¬</Unicode>
                </TextEquiv>
            </TextLine>
            <TextLine id="r3l28" custom="readingOrder {index:26;}">
                <Coords points="442,1408 571,1424 982,1403 1016,1422 1145,1409 1145,1370 442,1373"/>
                <Baseline points="447,1400 481,1400 516,1401 550,1401 585,1400 620,1400 654,1400 689,1400 724,1400 758,1400 793,1400 828,1400 862,1400 897,1400 932,1400 966,1400 1001,1401 1036,1401 1070,1401 1105,1401 1140,1401"/>
                <TextEquiv>
                    <Unicode>tis nostre de quo est modo sermo. sed actus practicus est</Unicode>
                </TextEquiv>
            </TextLine>
            <TextLine id="r3l29" custom="readingOrder {index:27;}">
                <Coords points="426,1459 1147,1459 1130,1403 902,1424 426,1403"/>
                <Baseline points="431,1443 466,1445 502,1445 537,1445 573,1445 608,1446 644,1446 679,1446 715,1446 750,1446 786,1446 822,1445 857,1445 893,1445 928,1445 964,1445 999,1445 1035,1445 1070,1445 1106,1446 1142,1446"/>
                <TextEquiv>
                    <Unicode>ille quae habet pro obiecto saltem partiali praxim. vel ali¬</Unicode>
                </TextEquiv>
            </TextLine>
            <TextLine id="r3l30" custom="readingOrder {index:28;}">
                <Coords points="432,1505 1151,1506 1151,1456 432,1465"/>
                <Baseline points="437,1490 472,1490 507,1490 543,1490 578,1488 614,1488 649,1488 685,1488 720,1488 756,1488 791,1488 826,1488 862,1488 897,1488 933,1488 968,1488 1004,1488 1039,1490 1075,1490 1110,1490 1146,1490"/>
                <TextEquiv>
                    <Unicode>quod operabile contingenter a voluntate. Nam multi</Unicode>
                </TextEquiv>
            </TextLine>
            <TextLine id="r3l31" custom="readingOrder {index:29;}">
                <Coords points="433,1545 1148,1550 1148,1509 1088,1497 433,1505"/>
                <Baseline points="438,1532 473,1532 508,1533 543,1533 579,1533 614,1533 649,1533 684,1533 720,1533 755,1533 790,1533 825,1533 861,1533 896,1533 931,1533 966,1533 1002,1533 1037,1533 1072,1535 1107,1535 1143,1535"/>
                <TextEquiv>
                    <Unicode>sunt actus intelligendi existentes in nostra potestate</Unicode>
                </TextEquiv>
            </TextLine>
            <TextLine id="r3l32" custom="readingOrder {index:30;}">
                <Coords points="448,1596 1148,1591 1148,1550 1087,1541 658,1556 448,1539"/>
                <Baseline points="453,1578 487,1578 522,1578 556,1578 591,1578 625,1578 660,1578 694,1577 729,1577 763,1577 798,1577 832,1577 867,1577 901,1578 936,1578 970,1578 1005,1578 1039,1579 1074,1580 1108,1580 1143,1581"/>
                <TextEquiv>
                    <Unicode>qui non habent praxim nec aliquod operabile a nobis pro¬</Unicode>
                </TextEquiv>
            </TextLine>
            <TextLine id="r3l33" custom="readingOrder {index:31;}">
                <Coords points="444,1639 1127,1643 1157,1631 1157,1587 444,1593"/>
                <Baseline points="449,1622 484,1622 519,1623 554,1623 589,1623 624,1623 659,1623 695,1623 730,1622 765,1622 800,1622 835,1622 870,1622 905,1622 941,1622 976,1622 1011,1622 1046,1623 1081,1623 1116,1623 1152,1623"/>
                <TextEquiv>
                    <Unicode>pbiecto partiali. sicut actus considerandi geometri</Unicode>
                </TextEquiv>
            </TextLine>
            <TextLine id="r3l34" custom="readingOrder {index:32;}">
                <Coords points="432,1670 494,1687 1147,1675 1147,1639 1072,1630 432,1644"/>
                <Baseline points="437,1667 472,1667 507,1667 542,1667 578,1667 613,1667 648,1667 683,1667 719,1667 754,1667 789,1667 824,1667 860,1667 895,1667 930,1667 965,1667 1001,1667 1036,1667 1071,1667 1106,1667 1142,1668"/>
                <TextEquiv>
                    <Unicode>calia et similiter considerandi deum. et actus speculandi me</Unicode>
                </TextEquiv>
            </TextLine>
            <TextLine id="r3l35" custom="readingOrder {index:33;}">
                <Coords points="438,1726 1147,1725 1147,1676 438,1673"/>
                <Baseline points="443,1707 479,1709 516,1709 553,1710 590,1712 626,1712 663,1712 700,1712 737,1712 774,1712 810,1712 847,1712 884,1712 921,1712 958,1712 994,1712 1031,1712 1068,1712 1105,1712 1142,1713"/>
                <TextEquiv>
                    <Unicode>thaphisicalia sunt in potestate nostra. et possunt vir</Unicode>
                </TextEquiv>
            </TextLine>
            <TextLine id="r3l36" custom="readingOrder {index:34;}">
                <Coords points="442,1770 1126,1774 1139,1721 442,1726"/>
                <Baseline points="447,1751 481,1752 515,1752 550,1754 584,1755 618,1755 653,1755 687,1755 721,1755 756,1755 790,1755 824,1755 859,1755 893,1755 927,1754 962,1754 996,1754 1030,1754 1065,1755 1099,1755 1134,1755"/>
                <TextEquiv>
                    <Unicode>tuose et viciose secundum diuersas circumstantias finis</Unicode>
                </TextEquiv>
            </TextLine>
            <TextLine id="r3l37" custom="readingOrder {index:35;}">
                <Coords points="432,1814 1145,1815 1145,1770 1069,1760 432,1770"/>
                <Baseline points="437,1794 472,1796 507,1796 542,1797 577,1797 612,1798 647,1799 683,1799 718,1799 753,1799 788,1799 823,1799 858,1799 893,1799 929,1799 964,1799 999,1799 1034,1799 1069,1799 1104,1799 1140,1799"/>
                <TextEquiv>
                    <Unicode>et aliorum elici et impari a voluntate. non sunt tamen ideo pra</Unicode>
                </TextEquiv>
            </TextLine>
            <TextLine id="r3l38" custom="readingOrder {index:36;}">
                <Coords points="436,1854 1151,1857 1151,1809 436,1812"/>
                <Baseline points="441,1835 476,1836 511,1838 546,1838 582,1839 617,1840 652,1841 687,1841 723,1842 758,1842 793,1842 828,1842 864,1842 899,1842 934,1842 969,1842 1005,1842 1040,1842 1075,1842 1110,1842 1146,1842"/>
                <TextEquiv>
                    <Unicode>ctici. sed tamen vere sunt praxes. Et ideo ex eis non gene</Unicode>
                </TextEquiv>
            </TextLine>
            <TextLine id="r3l39" custom="readingOrder {index:37;}">
                <Coords points="442,1896 1085,1905 1142,1891 1143,1860 443,1855"/>
                <Baseline points="447,1877 481,1878 516,1880 550,1880 585,1881 619,1881 654,1883 688,1883 723,1884 757,1884 792,1886 826,1886 861,1886 895,1886 930,1886 964,1886 999,1886 1033,1886 1068,1886 1102,1886 1137,1884"/>
                <TextEquiv>
                    <Unicode>ratur habitus practicus sed tantum speculatiuus. Quod autem ta</Unicode>
                </TextEquiv>
            </TextLine>
            <TextLine id="r3l40" custom="readingOrder {index:38;}">
                <Coords points="432,1938 1138,1936 1138,1892 980,1912 432,1889"/>
                <Baseline points="437,1923 471,1923 506,1923 541,1923 576,1925 611,1925 645,1926 680,1926 715,1926 750,1927 785,1928 819,1928 854,1928 889,1929 924,1929 959,1929 993,1929 1028,1929 1063,1929 1098,1928 1133,1928"/>
                <TextEquiv>
                    <Unicode>lis speculatio sit vere praxis. patet. quia omnis operatio</Unicode>
                </TextEquiv>
            </TextLine>
            <TextLine id="r3l41" custom="readingOrder {index:39;}">
                <Coords points="429,1986 1148,1986 1140,1936 429,1937"/>
                <Baseline points="434,1968 469,1968 504,1967 540,1967 575,1967 611,1967 646,1967 682,1968 717,1968 753,1970 788,1970 823,1970 859,1971 894,1971 930,1973 965,1973 1001,1973 1036,1973 1072,1973 1107,1973 1143,1973"/>
                <TextEquiv>
                    <Unicode>secundum electionem hominis est vere praxis. sed talis operatio</Unicode>
                </TextEquiv>
            </TextLine>
            <TextLine id="r3l42" custom="readingOrder {index:40;}">
                <Coords points="429,2030 1151,2026 1151,1992 1034,1979 429,1986"/>
                <Baseline points="434,2015 469,2013 505,2013 540,2013 576,2012 612,2012 647,2012 683,2012 718,2013 754,2013 790,2013 825,2015 861,2015 896,2015 932,2016 968,2016 1003,2016 1039,2016 1074,2015 1110,2015 1146,2013"/>
                <TextEquiv>
                    <Unicode>potest esse secundum electionem homois. ergo vere potest esse praxis</Unicode>
                </TextEquiv>
            </TextLine>
            <TextLine id="r3l43" custom="readingOrder {index:41;}">
                <Coords points="445,2065 1031,2078 1148,2066 1148,2023 445,2033"/>
                <Baseline points="450,2057 484,2057 519,2057 553,2057 588,2057 623,2057 657,2057 692,2057 727,2058 761,2058 796,2058 831,2058 865,2058 900,2058 935,2060 969,2060 1004,2060 1039,2060 1073,2060 1108,2060 1143,2060"/>
                <TextEquiv>
                    <Unicode>maior patet per commen id est ethi. in principio vbi descri¬</Unicode>
                </TextEquiv>
            </TextLine>
            <TextLine id="r3l44" custom="readingOrder {index:42;}">
                <Coords points="445,2108 1052,2125 1150,2113 1150,2068 445,2076"/>
                <Baseline points="450,2099 484,2099 519,2100 554,2100 589,2101 623,2102 658,2102 693,2102 728,2102 762,2102 797,2102 832,2102 867,2102 901,2103 936,2103 971,2103 1006,2103 1040,2103 1075,2103 1110,2105 1145,2105"/>
                <TextEquiv>
                    <Unicode>omnes praxim dicit sic. Praxis quam consueuerunt trans</Unicode>
                </TextEquiv>
            </TextLine>
            <TextLine id="r3l45" custom="readingOrder {index:43;}">
                <Coords points="436,2164 1150,2166 1150,2113 1127,2110 1054,2127 436,2108"/>
                <Baseline points="441,2144 476,2144 511,2145 546,2145 581,2145 617,2146 652,2147 687,2147 722,2147 757,2147 793,2147 828,2148 863,2148 898,2148 933,2148 969,2148 1004,2148 1039,2148 1074,2148 1109,2150 1145,2150"/>
                <TextEquiv>
                    <Unicode>ferre in actum est secundum electionem homoinis energia. id est</Unicode>
                </TextEquiv>
            </TextLine>
            <TextLine id="r3l46" custom="readingOrder {index:44;}">
                <Coords points="439,2197 1078,2213 1138,2207 1139,2169 926,2151 897,2170 870,2152 440,2163"/>
                <Baseline points="444,2189 478,2189 512,2190 547,2190 581,2190 616,2190 650,2192 685,2192 719,2192 754,2192 788,2192 822,2193 857,2193 891,2193 926,2193 960,2193 995,2193 1029,2193 1064,2193 1098,2193 1133,2193"/>
                <TextEquiv>
                    <Unicode>operatio. minor patet. quia potest aliquis considerare et de¬</Unicode>
                </TextEquiv>
            </TextLine>
            <TextLine id="r3l47" custom="readingOrder {index:45;}">
                <Coords points="435,2253 1126,2259 1139,2212 436,2198"/>
                <Baseline points="441,2234 475,2234 510,2234 544,2234 579,2235 614,2235 648,2235 683,2235 718,2235 752,2237 787,2237 822,2237 856,2237 891,2238 926,2238 960,2238 995,2238 1030,2238 1064,2238 1099,2237 1134,2237"/>
                <TextEquiv>
                    <Unicode>liberare an sit speculandum vel aliquid aliud extra</Unicode>
                </TextEquiv>
            </TextLine>
            <TextLine id="r3l48" custom="readingOrder {index:46;}">
                <Coords points="428,2300 769,2283 1136,2301 1145,2250 429,2253"/>
                <Baseline points="434,2280 469,2280 504,2279 539,2279 575,2279 610,2279 645,2279 680,2280 716,2280 751,2280 786,2280 821,2280 857,2282 892,2282 927,2282 962,2282 998,2282 1033,2282 1068,2283 1103,2283 1139,2283"/>
                <TextEquiv>
                    <Unicode>operandum. et potest postea habita deliberatione et</Unicode>
                </TextEquiv>
            </TextLine>
            <TextLine id="r3l49" custom="readingOrder {index:47;}">
                <Coords points="433,2327 576,2346 686,2327 1138,2334 1138,2302 1076,2288 433,2296"/>
                <Baseline points="438,2321 472,2322 507,2322 542,2322 577,2324 611,2324 646,2324 681,2324 716,2324 750,2324 785,2324 820,2324 855,2324 889,2324 924,2324 959,2324 994,2324 1028,2324 1063,2324 1098,2325 1133,2325"/>
                <TextEquiv>
                    <Unicode>concluso quod sit speculandum vel studendum etc. elige</Unicode>
                </TextEquiv>
            </TextLine>
            <TextLine id="r3l50" custom="readingOrder {index:48;}">
                <Coords points="427,2385 494,2369 1142,2387 1142,2345 1090,2334 427,2342"/>
                <Baseline points="432,2367 467,2367 502,2367 537,2367 573,2367 608,2367 643,2367 678,2367 714,2369 749,2369 784,2369 819,2369 855,2369 890,2369 925,2369 960,2369 996,2369 1031,2369 1066,2367 1101,2367 1137,2367"/>
                <TextEquiv>
                    <Unicode>re vel praeponere studium vel speculationem operi ex¬</Unicode>
                </TextEquiv>
            </TextLine>
            <TextLine id="r3l51" custom="readingOrder {index:49;}">
                <Coords points="435,2419 1144,2423 1144,2388 1120,2386 435,2383"/>
                <Baseline points="440,2411 476,2411 513,2411 550,2411 587,2411 623,2411 660,2411 697,2411 734,2411 771,2411 807,2411 844,2411 881,2411 918,2411 955,2411 991,2411 1028,2411 1065,2411 1102,2412 1139,2412"/>
                <TextEquiv>
                    <Unicode>teriori et postea potest illum actum elicere. et per consequens ta</Unicode>
                </TextEquiv>
            </TextLine>
            <TextLine id="r3l52" custom="readingOrder {index:50;}">
                <Coords points="439,2461 1141,2476 1141,2422 439,2421"/>
                <Baseline points="444,2453 478,2454 513,2454 547,2455 582,2456 617,2456 651,2456 686,2456 720,2456 755,2456 790,2456 824,2455 859,2454 893,2454 928,2454 963,2454 997,2454 1032,2456 1066,2456 1101,2457 1136,2457"/>
                <TextEquiv>
                    <Unicode>lis speculatio potest esse operatio secundum homois electionem</Unicode>
                </TextEquiv>
            </TextLine>
            <TextLine id="r3l53" custom="readingOrder {index:51;}">
                <Coords points="445,2519 1144,2511 1144,2475 1123,2469 445,2461"/>
                <Baseline points="450,2498 484,2499 518,2499 553,2499 587,2499 622,2499 656,2499 691,2499 725,2499 760,2499 794,2499 828,2499 863,2499 897,2499 932,2499 966,2499 1001,2499 1035,2499 1070,2501 1104,2501 1139,2502"/>
                <TextEquiv>
                    <Unicode>ergo tunc vere erit praxis. ⁋ Ad secundum dico quod non</Unicode>
                </TextEquiv>
            </TextLine>
            <TextLine id="r3l54" custom="readingOrder {index:52;}">
                <Coords points="427,2550 1151,2558 1151,2516 1125,2509 427,2511"/>
                <Baseline points="432,2544 467,2544 503,2543 539,2543 574,2543 610,2543 646,2543 681,2543 717,2544 753,2544 789,2544 824,2544 860,2544 896,2544 931,2544 967,2544 1003,2546 1038,2546 1074,2546 1110,2546 1146,2546"/>
                <TextEquiv>
                    <Unicode>sequitur. omnis operatio existens in potestate voluntatis</Unicode>
                </TextEquiv>
            </TextLine>
            <TextLine id="r3l55" custom="readingOrder {index:53;}">
                <Coords points="426,2601 1138,2600 1138,2553 426,2550"/>
                <Baseline points="431,2589 466,2588 501,2588 536,2588 571,2588 606,2588 641,2588 676,2588 711,2588 746,2588 782,2588 817,2588 852,2589 887,2589 922,2589 957,2589 992,2589 1027,2589 1062,2589 1097,2588 1133,2588"/>
                <TextEquiv>
                    <Unicode>est praxis. ergo ego possum face re quod geometria est</Unicode>
                </TextEquiv>
            </TextLine>
            <TextLine id="r3l56" custom="readingOrder {index:54;}">
                <Coords points="427,2668 1097,2651 1154,2670 1145,2597 427,2603"/>
                <Baseline points="432,2637 467,2637 503,2637 539,2637 575,2637 611,2637 647,2636 682,2636 718,2636 754,2636 790,2636 826,2636 862,2636 898,2636 933,2636 969,2637 1005,2637 1041,2637 1077,2637 1113,2637 1149,2637"/>
                <TextEquiv>
                    <Unicode>practica. sed sequitur quod ego facere possum quod aliquis</Unicode>
                </TextEquiv>
            </TextLine>
            <TextEquiv>
                <Unicode>bus modis ipsa voluntas. Aliter accipitur volitio
diuina. vt sit idem quod velle creaturam esse vel velle
remunerare. vel huiusmodi aliquid. et sic non praecise di¬
cit voluntatem diuinam. sed etiam connotat creaturam in
esse reali. et sic est idem quod creatio vel conseruatio
vel aliquid huiusmodi. et sicut est in potenstate sua. sicut con¬
tingenter creat conseruat et huiusmodi. ⁋ Ad aliud 
dico quod speculatio quae est in potenstate voluntatis est
vere praxis. sic dictum est prius ⁋ Ad primum in contra
rium dico quod hec est falsa simpliciter. omnibus praxibus genera
tur habitus practicus. cuius ratio est. quia speculatiuum et
practicum non sunt dicere opposite habituum intelle
ctualium. et ideo non semper ex praxibus que sunt in intelle
ctu generatur habitus practicus ⁋ Et si dicatur quod sal
tem ex praxibus quae sunt in intellectu generatur habitus
practicus et nullo modo speculatiuus. Dicendum quod non
semper ex praximbus quae sunt in intellectu generatur habitus
practicus. cuius ratio est. quia habitus practicus generatur ex
actibus practicis. sed aliqua actus intelligibiles quae sunt
praxes sunt speculatiui et aliqua sunt practici. et ideo
ex aliquibus talibus praxibus generatur habitus practi
cus. et ex aliquibus generatur habitus speculatiuus
Ad cuius intellectum sciendum est quod differentiam est inter actum
practicum et praxim. Nam praxis est operatio existens
in potestate voluntatis: quia omnis talis actus potest eli¬
ci virtuose et viciose. loquendo de actu volunta¬
tis nostre de quo est modo sermo. sed actus practicus est
ille quae habet pro obiecto saltem partiali praxim. vel ali¬
quod operabile contingenter a voluntate. Nam multi
sunt actus intelligendi existentes in nostra potestate
qui non habent praxim nec aliquod operabile a nobis pro¬
pbiecto partiali. sicut actus considerandi geometri
calia et similiter considerandi deum. et actus speculandi me
thaphisicalia sunt in potestate nostra. et possunt vir
tuose et viciose secundum diuersas circumstantias finis
et aliorum elici et impari a voluntate. non sunt tamen ideo pra
ctici. sed tamen vere sunt praxes. Et ideo ex eis non gene
ratur habitus practicus sed tantum speculatiuus. Quod autem ta
lis speculatio sit vere praxis. patet. quia omnis operatio
secundum electionem hominis est vere praxis. sed talis operatio
potest esse secundum electionem homois. ergo vere potest esse praxis
maior patet per commen id est ethi. in principio vbi descri¬
omnes praxim dicit sic. Praxis quam consueuerunt trans
ferre in actum est secundum electionem homoinis energia. id est
operatio. minor patet. quia potest aliquis considerare et de¬
liberare an sit speculandum vel aliquid aliud extra
operandum. et potest postea habita deliberatione et
concluso quod sit speculandum vel studendum etc. elige
re vel praeponere studium vel speculationem operi ex¬
teriori et postea potest illum actum elicere. et per consequens ta
lis speculatio potest esse operatio secundum homois electionem
ergo tunc vere erit praxis. ⁋ Ad secundum dico quod non
sequitur. omnis operatio existens in potestate voluntatis
est praxis. ergo ego possum face re quod geometria est
practica. sed sequitur quod ego facere possum quod aliquis</Unicode>
            </TextEquiv>
        </TextRegion>
        <TextRegion orientation="0.0" id="TextRegion_1597850522146_329" custom="readingOrder {index:1;}">
            <Coords points="1236,152 1997,152 1974,2653 1236,2653"/>
            <TextLine id="r4l2" custom="readingOrder {index:0;}">
                <Coords points="1282,265 1988,272 1972,206 1863,233 1804,207 1522,231 1491,211 1367,226 1282,190"/>
                <Baseline points="1287,251 1321,251 1356,252 1391,253 1426,254 1461,254 1495,255 1530,255 1565,255 1600,255 1635,255 1669,255 1704,255 1739,255 1774,255 1809,255 1843,255 1878,255 1913,254 1948,254 1983,254"/>
                <TextEquiv>
                    <Unicode>actus geometrie. puta iste quem possum contingen</Unicode>
                </TextEquiv>
            </TextLine>
            <TextLine id="r4l3" custom="readingOrder {index:1;}">
                <Coords points="1275,304 1993,309 1993,275 1910,261 1275,262"/>
                <Baseline points="1280,294 1315,296 1350,297 1386,297 1421,298 1457,299 1492,299 1527,300 1563,300 1598,300 1634,300 1669,300 1704,300 1740,300 1775,300 1811,300 1846,299 1881,299 1917,299 1952,299 1988,300"/>
                <TextEquiv>
                    <Unicode>ter elicere sit vere praxis. quamuis non possit ille</Unicode>
                </TextEquiv>
            </TextLine>
            <TextLine id="r4l4" custom="readingOrder {index:2;}">
                <Coords points="1275,351 1994,360 1994,308 1275,316"/>
                <Baseline points="1280,341 1315,341 1350,341 1386,341 1421,342 1457,342 1492,342 1528,342 1563,344 1599,344 1634,344 1669,345 1705,345 1740,345 1776,345 1811,345 1847,345 1882,344 1918,344 1953,344 1989,342"/>
                <TextEquiv>
                    <Unicode>actus esse practicus ⁋ Ad aliud dico quod manifestum</Unicode>
                </TextEquiv>
            </TextLine>
            <TextLine id="r4l5" custom="readingOrder {index:3;}">
                <Coords points="1272,400 1961,406 1977,359 1273,353"/>
                <Baseline points="1277,384 1311,384 1346,386 1381,386 1415,386 1450,386 1485,387 1519,387 1554,388 1589,389 1624,389 1658,389 1693,389 1728,389 1762,389 1797,389 1832,389 1866,389 1901,389 1936,389 1971,387"/>
                <TextEquiv>
                    <Unicode>est quod aliqua speculatio diuina non est praxis quia illa</Unicode>
                </TextEquiv>
            </TextLine>
            <TextLine id="r4l6" custom="readingOrder {index:4;}">
                <Coords points="1272,436 1724,436 1781,456 1818,437 1981,440 1981,396 1272,400"/>
                <Baseline points="1277,429 1313,429 1350,429 1387,431 1424,431 1460,431 1497,432 1534,432 1571,433 1608,434 1644,434 1681,434 1718,434 1755,434 1792,434 1828,434 1865,433 1902,431 1939,431 1976,429"/>
                <TextEquiv>
                    <Unicode>non est in potestate voluntatis. sed de speculationibus</Unicode>
                </TextEquiv>
            </TextLine>
            <TextLine id="r4l7" custom="readingOrder {index:5;}">
                <Coords points="1267,490 1976,491 1959,442 1267,444"/>
                <Baseline points="1272,473 1308,473 1345,474 1382,474 1419,474 1455,474 1492,476 1529,476 1566,477 1603,477 1639,477 1676,477 1713,479 1750,479 1787,479 1823,477 1860,477 1897,477 1934,476 1971,476"/>
                <TextEquiv>
                    <Unicode>nostris non est ita manifestum. Unde quae dicunt quod omnis</Unicode>
                </TextEquiv>
            </TextLine>
            <TextLine id="r4l8" custom="readingOrder {index:6;}">
                <Coords points="1270,533 1938,540 1991,533 1992,481 1784,500 1270,488"/>
                <Baseline points="1275,518 1310,518 1346,519 1381,519 1417,519 1452,520 1488,521 1523,521 1559,521 1594,521 1630,521 1666,521 1701,522 1737,522 1772,522 1808,522 1843,522 1879,522 1914,522 1950,521 1986,521"/>
                <TextEquiv>
                    <Unicode>speculatio nostra sit in potestate voluntatis. habent di</Unicode>
                </TextEquiv>
            </TextLine>
            <TextLine id="r4l9" custom="readingOrder {index:7;}">
                <Coords points="1275,569 1822,587 1991,566 1991,538 1912,528 1861,545 1275,535"/>
                <Baseline points="1280,563 1315,563 1350,564 1385,564 1421,564 1456,564 1491,565 1527,566 1562,566 1597,566 1633,566 1668,566 1703,566 1738,566 1774,566 1809,566 1844,566 1880,566 1915,566 1950,566 1986,566"/>
                <TextEquiv>
                    <Unicode>cere nisi errent. quod omnis speculatio nostra potest esse pra¬</Unicode>
                </TextEquiv>
            </TextLine>
            <TextLine id="r4l10" custom="readingOrder {index:8;}">
                <Coords points="1278,621 1961,631 1970,586 1279,575"/>
                <Baseline points="1284,605 1318,606 1352,607 1386,608 1420,608 1454,609 1488,609 1522,610 1556,611 1590,611 1624,611 1658,611 1692,611 1726,611 1760,611 1794,611 1828,611 1862,611 1896,611 1930,611 1965,611"/>
                <TextEquiv>
                    <Unicode>xis. Sed quia reputo quod aliqua speculatio non sit in po</Unicode>
                </TextEquiv>
            </TextLine>
            <TextLine id="r4l11" custom="readingOrder {index:9;}">
                <Coords points="1276,665 1939,673 1970,671 1971,629 1277,621"/>
                <Baseline points="1281,650 1315,650 1349,651 1383,651 1417,652 1452,653 1486,653 1520,654 1554,654 1588,654 1623,655 1657,656 1691,656 1725,656 1759,656 1794,656 1828,656 1862,655 1896,654 1930,654 1965,653"/>
                <TextEquiv>
                    <Unicode>testate nostra. qui autem sit illa dicetur in quarto. Ideo</Unicode>
                </TextEquiv>
            </TextLine>
            <TextLine id="r4l12" custom="readingOrder {index:10;}">
                <Coords points="1276,713 1963,718 1982,660 1276,665"/>
                <Baseline points="1281,695 1315,695 1350,696 1385,696 1420,696 1455,696 1489,698 1524,698 1559,699 1594,699 1629,699 1663,701 1698,701 1733,701 1768,701 1803,701 1837,701 1872,700 1907,699 1942,698 1977,698"/>
                <TextEquiv>
                    <Unicode>dico quod est aliqua speculatio humana quae non potest esse</Unicode>
                </TextEquiv>
            </TextLine>
            <TextLine id="r4l13" custom="readingOrder {index:11;}">
                <Coords points="1267,756 1979,755 1979,717 1856,707 1267,714"/>
                <Baseline points="1272,738 1307,740 1342,740 1377,740 1412,741 1447,741 1482,742 1517,743 1552,743 1587,743 1623,744 1658,744 1693,744 1728,744 1763,744 1798,744 1833,744 1868,744 1903,744 1938,743 1974,743"/>
                <TextEquiv>
                    <Unicode>praxis. et ideo dico quod non omnis speculatio est in pote</Unicode>
                </TextEquiv>
            </TextLine>
            <TextLine id="r4l14" custom="readingOrder {index:12;}">
                <Coords points="1269,797 1915,807 1976,796 1976,751 1269,755"/>
                <Baseline points="1274,783 1308,783 1343,783 1378,784 1413,785 1448,785 1483,786 1517,786 1552,786 1587,786 1622,788 1657,788 1692,788 1727,788 1761,789 1796,789 1831,789 1866,789 1901,789 1936,788 1971,788"/>
                <TextEquiv>
                    <Unicode>state nostra nisi forte meritorie vel demeritorie.</Unicode>
                </TextEquiv>
            </TextLine>
            <TextLine id="r4l15" custom="readingOrder {index:13;}">
                <Coords points="1273,843 1979,842 1972,796 1273,796"/>
                <Baseline points="1278,827 1312,827 1347,827 1382,828 1417,828 1452,828 1486,830 1521,830 1556,830 1591,831 1626,831 1660,831 1695,831 1730,831 1765,831 1800,831 1834,831 1869,831 1904,831 1939,830 1974,830"/>
                <TextEquiv>
                    <Unicode>Sed de illo modo habendi aliquid in potestate volun¬</Unicode>
                </TextEquiv>
            </TextLine>
            <TextLine id="r4l16" custom="readingOrder {index:14;}">
                <Coords points="1260,887 1907,893 1975,889 1976,849 1261,846"/>
                <Baseline points="1266,869 1301,870 1336,871 1371,872 1407,873 1442,873 1477,873 1512,875 1548,875 1583,875 1618,876 1653,876 1689,876 1724,876 1759,876 1794,876 1830,876 1865,876 1900,876 1935,876 1971,875"/>
                <TextEquiv>
                    <Unicode>tatis non est modo sermo. ⁋ Ad aliud quod innuitur dico</Unicode>
                </TextEquiv>
            </TextLine>
            <TextLine id="r4l17" custom="readingOrder {index:15;}">
                <Coords points="1256,933 1959,937 1971,885 1257,885"/>
                <Baseline points="1262,915 1297,915 1332,917 1367,917 1402,917 1437,918 1472,918 1508,918 1543,918 1578,920 1613,920 1648,920 1683,920 1718,921 1754,921 1789,921 1824,921 1859,921 1894,921 1929,920 1965,920"/>
                <TextEquiv>
                    <Unicode>in ptante mea est quod speculatio sit praxis. vel non sit</Unicode>
                </TextEquiv>
            </TextLine>
            <TextLine id="r4l18" custom="readingOrder {index:16;}">
                <Coords points="1254,976 1946,983 1979,971 1979,933 1254,936"/>
                <Baseline points="1259,965 1294,963 1330,963 1366,963 1402,962 1437,962 1473,962 1509,963 1545,963 1580,963 1616,963 1652,963 1688,965 1723,965 1759,965 1795,965 1831,965 1866,965 1902,965 1938,964 1974,963"/>
                <TextEquiv>
                    <Unicode>praxis. quia si contigentur et ex imprio voluntatis speculor</Unicode>
                </TextEquiv>
            </TextLine>
            <TextLine id="r4l19" custom="readingOrder {index:17;}">
                <Coords points="1260,1020 1877,1027 1973,1018 1973,972 1260,981"/>
                <Baseline points="1265,1002 1300,1003 1335,1004 1370,1005 1405,1007 1440,1007 1475,1007 1511,1008 1546,1008 1581,1008 1616,1008 1651,1008 1686,1008 1721,1008 1757,1008 1792,1008 1827,1008 1862,1008 1897,1010 1932,1010 1968,1010"/>
                <TextEquiv>
                    <Unicode>tunc illa speculatio est praxis. Si non speculor. vel</Unicode>
                </TextEquiv>
            </TextLine>
            <TextLine id="r4l20" custom="readingOrder {index:18;}">
                <Coords points="1254,1063 1960,1069 1983,1023 1255,1023"/>
                <Baseline points="1259,1047 1294,1047 1330,1049 1366,1049 1402,1049 1438,1049 1474,1050 1510,1050 1546,1050 1582,1050 1618,1052 1653,1052 1689,1052 1725,1052 1761,1053 1797,1053 1833,1053 1869,1053 1905,1053 1941,1052 1977,1052"/>
                <TextEquiv>
                    <Unicode>si non speculor ex imprio voluntatis tunc non est praxis</Unicode>
                </TextEquiv>
            </TextLine>
            <TextLine id="r4l21" custom="readingOrder {index:19;}">
                <Coords points="1269,1107 1972,1108 1972,1070 1916,1061 1269,1063"/>
                <Baseline points="1274,1092 1308,1092 1343,1092 1377,1094 1412,1094 1447,1094 1481,1095 1516,1095 1551,1095 1585,1095 1620,1097 1655,1097 1689,1097 1724,1097 1759,1097 1793,1097 1828,1097 1863,1098 1897,1098 1932,1098 1967,1098"/>
                <TextEquiv>
                    <Unicode>et eodem modo eadem speculatio quando primo elicitur ante</Unicode>
                </TextEquiv>
            </TextLine>
            <TextLine id="r4l22" custom="readingOrder {index:20;}">
                <Coords points="1257,1154 1981,1157 1972,1104 1257,1107"/>
                <Baseline points="1262,1134 1297,1136 1333,1137 1369,1137 1404,1139 1440,1139 1476,1139 1511,1140 1547,1140 1583,1140 1619,1140 1654,1140 1690,1140 1726,1140 1761,1140 1797,1140 1833,1140 1868,1140 1904,1140 1940,1140 1976,1140"/>
                <TextEquiv>
                    <Unicode>omnem actum voluntatis non est praxis. quando postea eli¬</Unicode>
                </TextEquiv>
            </TextLine>
            <TextLine id="r4l23" custom="readingOrder {index:21;}">
                <Coords points="1263,1197 1966,1192 1966,1160 1898,1150 1263,1153"/>
                <Baseline points="1268,1181 1302,1181 1337,1181 1371,1182 1406,1182 1441,1182 1475,1184 1510,1184 1545,1184 1579,1184 1614,1184 1649,1185 1683,1185 1718,1185 1753,1185 1787,1185 1822,1185 1857,1185 1891,1185 1926,1185 1961,1185"/>
                <TextEquiv>
                    <Unicode>citur vel continuatur ex iperio voluntatis tunc vere erit pra</Unicode>
                </TextEquiv>
            </TextLine>
            <TextLine id="r4l24" custom="readingOrder {index:22;}">
                <Coords points="1260,1242 1857,1232 1882,1250 1911,1232 1953,1251 1973,1244 1973,1192 1260,1196"/>
                <Baseline points="1265,1227 1300,1227 1335,1227 1370,1227 1405,1227 1440,1227 1475,1228 1511,1229 1546,1229 1581,1229 1616,1230 1651,1230 1686,1230 1721,1230 1757,1230 1792,1230 1827,1230 1862,1229 1897,1229 1932,1229 1968,1227"/>
                <TextEquiv>
                    <Unicode>xis. nec est haoc magis incoueniens de speculatione quam de</Unicode>
                </TextEquiv>
            </TextLine>
            <TextLine id="r4l25" custom="readingOrder {index:23;}">
                <Coords points="1261,1279 1973,1280 1973,1243 1914,1233 1882,1250 1857,1232 1828,1249 1261,1244"/>
                <Baseline points="1266,1268 1301,1269 1336,1269 1371,1271 1406,1271 1441,1272 1476,1272 1511,1272 1546,1272 1581,1274 1617,1274 1652,1274 1687,1274 1722,1274 1757,1274 1792,1274 1827,1274 1862,1274 1897,1274 1932,1274 1968,1274"/>
                <TextEquiv>
                    <Unicode>aliis praxibus. sed de aliis est hoc possibile secundum istos</Unicode>
                </TextEquiv>
            </TextLine>
            <TextLine id="r4l26" custom="readingOrder {index:24;}">
                <Coords points="1254,1332 1958,1330 1967,1283 1255,1280"/>
                <Baseline points="1260,1313 1295,1313 1330,1314 1365,1314 1400,1314 1435,1314 1470,1315 1505,1316 1540,1316 1575,1316 1611,1317 1646,1317 1681,1317 1716,1317 1751,1317 1786,1317 1821,1317 1856,1317 1891,1317 1926,1316 1962,1316"/>
                <TextEquiv>
                    <Unicode>sic arguentes. Nam secundum istos numquam est actus voluntatis</Unicode>
                </TextEquiv>
            </TextLine>
            <TextLine id="r4l27" custom="readingOrder {index:25;}">
                <Coords points="1266,1375 1881,1383 1972,1368 1973,1329 1267,1331"/>
                <Baseline points="1272,1358 1306,1358 1341,1358 1376,1359 1411,1359 1446,1359 1480,1359 1515,1360 1550,1361 1585,1361 1620,1361 1654,1361 1689,1361 1724,1362 1759,1362 1794,1362 1828,1362 1863,1362 1898,1362 1933,1361 1968,1361"/>
                <TextEquiv>
                    <Unicode>praxis nisi sit elicitus. sed in potenstate voluntatis est eli</Unicode>
                </TextEquiv>
            </TextLine>
            <TextLine id="r4l28" custom="readingOrder {index:26;}">
                <Coords points="1260,1418 1964,1423 1964,1368 1260,1377"/>
                <Baseline points="1265,1403 1299,1403 1334,1403 1369,1403 1403,1403 1438,1403 1473,1403 1507,1404 1542,1404 1577,1404 1612,1404 1646,1404 1681,1404 1716,1404 1750,1404 1785,1406 1820,1406 1854,1406 1889,1406 1924,1406 1959,1407"/>
                <TextEquiv>
                    <Unicode>cere illum actum vel non elicere. Similiter secundu istos actus</Unicode>
                </TextEquiv>
            </TextLine>
            <TextLine id="r4l29" custom="readingOrder {index:27;}">
                <Coords points="1266,1464 1391,1447 1580,1470 1969,1463 1969,1425 1921,1417 1266,1417"/>
                <Baseline points="1271,1448 1305,1448 1340,1448 1374,1448 1409,1448 1444,1448 1478,1448 1513,1448 1548,1448 1582,1448 1617,1448 1652,1448 1686,1449 1721,1449 1756,1449 1790,1449 1825,1449 1860,1449 1894,1449 1929,1448 1964,1448"/>
                <TextEquiv>
                    <Unicode>appetitus sensitiui quatenus praecedit actum intelle¬</Unicode>
                </TextEquiv>
            </TextLine>
            <TextLine id="r4l30" custom="readingOrder {index:28;}">
                <Coords points="1258,1502 1957,1512 1979,1462 1258,1465"/>
                <Baseline points="1263,1490 1298,1490 1334,1490 1369,1491 1405,1491 1440,1491 1476,1491 1511,1492 1547,1493 1582,1493 1618,1493 1654,1493 1689,1493 1725,1493 1760,1493 1796,1493 1831,1493 1867,1493 1902,1493 1938,1493 1974,1493"/>
                <TextEquiv>
                    <Unicode>ctus non est praxis hoc enim modo communis est voluntati et</Unicode>
                </TextEquiv>
            </TextLine>
            <TextLine id="r4l31" custom="readingOrder {index:29;}">
                <Coords points="1258,1552 1967,1550 1967,1511 1861,1500 1258,1502"/>
                <Baseline points="1263,1532 1299,1533 1336,1533 1373,1535 1410,1535 1446,1536 1483,1536 1520,1536 1557,1536 1594,1537 1630,1538 1667,1538 1704,1538 1741,1538 1778,1538 1814,1538 1851,1538 1888,1538 1925,1538 1962,1538"/>
                <TextEquiv>
                    <Unicode>brutis. nec respectu illorum actuum est aliqua cogni¬</Unicode>
                </TextEquiv>
            </TextLine>
            <TextLine id="r4l32" custom="readingOrder {index:30;}">
                <Coords points="1251,1592 1969,1600 1969,1547 1251,1552"/>
                <Baseline points="1256,1577 1291,1577 1326,1578 1362,1579 1397,1580 1433,1580 1468,1581 1503,1581 1539,1581 1574,1581 1610,1581 1645,1581 1680,1581 1716,1580 1751,1580 1787,1580 1822,1580 1857,1580 1893,1580 1928,1581 1964,1581"/>
                <TextEquiv>
                    <Unicode>tio practica. nisi quia aliquo modo est moderatiua il</Unicode>
                </TextEquiv>
            </TextLine>
            <TextLine id="r4l33" custom="readingOrder {index:31;}">
                <Coords points="1264,1634 1967,1633 1967,1599 1907,1589 1319,1603 1264,1587"/>
                <Baseline points="1269,1620 1303,1621 1338,1622 1372,1623 1407,1623 1442,1625 1476,1625 1511,1625 1546,1625 1580,1625 1615,1626 1650,1626 1684,1626 1719,1626 1754,1626 1788,1626 1823,1626 1858,1625 1892,1625 1927,1625 1962,1625"/>
                <TextEquiv>
                    <Unicode>lorum actuum. et isti actus consequuntur intellectionem mo</Unicode>
                </TextEquiv>
            </TextLine>
            <TextLine id="r4l34" custom="readingOrder {index:32;}">
                <Coords points="1255,1675 1970,1680 1970,1635 1950,1629 1699,1648 1255,1625"/>
                <Baseline points="1260,1667 1295,1667 1330,1667 1365,1667 1401,1668 1436,1668 1471,1668 1506,1668 1542,1670 1577,1670 1612,1670 1647,1671 1683,1671 1718,1671 1753,1671 1788,1671 1824,1671 1859,1670 1894,1670 1929,1668 1965,1667"/>
                <TextEquiv>
                    <Unicode>deratiuam vt sunt per ipsam moderati. ⁋ Ex istis ver¬</Unicode>
                </TextEquiv>
            </TextLine>
            <TextLine id="r4l35" custom="readingOrder {index:33;}">
                <Coords points="1257,1715 1964,1730 1965,1688 1907,1677 1601,1693 1258,1675"/>
                <Baseline points="1262,1710 1296,1710 1331,1710 1366,1712 1401,1712 1436,1712 1471,1712 1505,1713 1540,1713 1575,1714 1610,1715 1645,1715 1680,1715 1715,1715 1749,1715 1784,1715 1819,1715 1854,1715 1889,1714 1924,1713 1959,1712"/>
                <TextEquiv>
                    <Unicode>bis eorum patet manifeste quod actus appetitus sensitiui</Unicode>
                </TextEquiv>
            </TextLine>
            <TextLine id="r4l36" custom="readingOrder {index:34;}">
                <Coords points="1254,1771 1979,1765 1979,1723 1744,1738 1254,1715"/>
                <Baseline points="1259,1757 1294,1757 1330,1757 1366,1757 1402,1757 1437,1758 1473,1758 1509,1758 1545,1758 1580,1760 1616,1760 1652,1760 1688,1760 1723,1760 1759,1760 1795,1760 1831,1760 1866,1760 1902,1759 1938,1758 1974,1757"/>
                <TextEquiv>
                    <Unicode>quae praecedit actum intelligendi non est praxis. sed actus ap¬</Unicode>
                </TextEquiv>
            </TextLine>
            <TextLine id="r4l37" custom="readingOrder {index:35;}">
                <Coords points="1264,1811 1710,1824 1912,1802 1967,1821 1967,1777 1911,1762 1726,1781 1686,1761 1264,1770"/>
                <Baseline points="1269,1799 1303,1799 1338,1799 1372,1800 1407,1800 1442,1800 1476,1801 1511,1802 1546,1802 1580,1803 1615,1803 1650,1803 1684,1803 1719,1805 1754,1805 1788,1805 1823,1803 1858,1803 1892,1803 1927,1802 1962,1802"/>
                <TextEquiv>
                    <Unicode>petitus sensitiui sequens actum intelligendi cuius mo</Unicode>
                </TextEquiv>
            </TextLine>
            <TextLine id="r4l38" custom="readingOrder {index:36;}">
                <Coords points="1258,1852 1966,1858 1966,1821 1901,1809 1258,1816"/>
                <Baseline points="1263,1841 1297,1842 1332,1842 1367,1842 1402,1843 1437,1844 1472,1844 1507,1845 1542,1845 1577,1845 1612,1847 1646,1847 1681,1847 1716,1847 1751,1847 1786,1847 1821,1847 1856,1847 1891,1847 1926,1846 1961,1845"/>
                <TextEquiv>
                    <Unicode>di est ille actus intelligendi moderatiuus vere est pra¬</Unicode>
                </TextEquiv>
            </TextLine>
            <TextLine id="r4l39" custom="readingOrder {index:37;}">
                <Coords points="1255,1903 1340,1886 1370,1905 1523,1888 1546,1909 1967,1899 1967,1862 1878,1852 1255,1857"/>
                <Baseline points="1260,1883 1295,1884 1330,1886 1365,1886 1400,1887 1435,1887 1470,1889 1505,1889 1540,1889 1575,1889 1611,1889 1646,1889 1681,1889 1716,1889 1751,1889 1786,1889 1821,1889 1856,1889 1891,1889 1926,1889 1962,1889"/>
                <TextEquiv>
                    <Unicode>xis. sed ille idem actus quae praecessit actum intelligendi potest</Unicode>
                </TextEquiv>
            </TextLine>
            <TextLine id="r4l40" custom="readingOrder {index:38;}">
                <Coords points="1248,1947 1960,1949 1969,1904 1248,1906"/>
                <Baseline points="1253,1931 1288,1930 1324,1929 1359,1929 1395,1929 1430,1929 1466,1930 1501,1931 1537,1931 1572,1931 1608,1931 1644,1932 1679,1932 1715,1932 1750,1932 1786,1932 1821,1932 1857,1932 1892,1932 1928,1931 1964,1931"/>
                <TextEquiv>
                    <Unicode>postea moderari per intellectum et voluntatem. ergo idem</Unicode>
                </TextEquiv>
            </TextLine>
            <TextLine id="r4l41" custom="readingOrder {index:39;}">
                <Coords points="1252,1984 1735,1980 1766,1999 1863,1979 1924,1998 1960,1989 1960,1934 1928,1956 1833,1937 1252,1950"/>
                <Baseline points="1257,1973 1291,1973 1326,1973 1361,1973 1396,1973 1431,1973 1466,1973 1501,1973 1536,1974 1571,1974 1606,1974 1640,1974 1675,1975 1710,1976 1745,1976 1780,1976 1815,1976 1850,1976 1885,1977 1920,1977 1955,1977"/>
                <TextEquiv>
                    <Unicode>actus primo non est praxis et postea est praxis et eque fa</Unicode>
                </TextEquiv>
            </TextLine>
            <TextLine id="r4l42" custom="readingOrder {index:40;}">
                <Coords points="1264,2035 1517,2018 1931,2039 1967,2028 1968,1990 1265,1987"/>
                <Baseline points="1269,2016 1303,2016 1338,2016 1372,2015 1407,2015 1442,2015 1476,2016 1511,2016 1546,2017 1580,2018 1615,2018 1650,2019 1684,2019 1719,2019 1754,2021 1788,2021 1823,2021 1858,2021 1892,2021 1927,2021 1962,2021"/>
                <TextEquiv>
                    <Unicode>ciliter potest hoc dici de actu intellectus qui potest praecedere</Unicode>
                </TextEquiv>
            </TextLine>
            <TextLine id="r4l43" custom="readingOrder {index:41;}">
                <Coords points="1256,2079 1335,2062 1964,2075 1961,2029 1257,2037"/>
                <Baseline points="1262,2061 1296,2061 1331,2060 1366,2060 1401,2060 1436,2060 1471,2061 1505,2061 1540,2061 1575,2062 1610,2063 1645,2063 1680,2064 1715,2064 1749,2064 1784,2066 1819,2066 1854,2066 1889,2066 1924,2066 1959,2066"/>
                <TextEquiv>
                    <Unicode>actu voluntatis. et tunc non est praxis. Et potest sequae imperium</Unicode>
                </TextEquiv>
            </TextLine>
            <TextLine id="r4l44" custom="readingOrder {index:42;}">
                <Coords points="1248,2126 1465,2107 1498,2127 1561,2110 1956,2132 1968,2082 1626,2067 1571,2084 1495,2064 1249,2081"/>
                <Baseline points="1253,2106 1288,2106 1323,2105 1359,2105 1394,2105 1430,2105 1465,2105 1501,2106 1536,2106 1572,2106 1607,2106 1642,2108 1678,2108 1713,2108 1749,2109 1784,2109 1820,2111 1855,2111 1891,2112 1926,2112 1962,2112"/>
                <TextEquiv>
                    <Unicode>voluntatis et tunc est praxis. Et hoc posset confirmari. quia</Unicode>
                </TextEquiv>
            </TextLine>
            <TextLine id="r4l45" custom="readingOrder {index:43;}">
                <Coords points="1257,2161 1966,2168 1966,2129 1909,2116 1257,2125"/>
                <Baseline points="1262,2151 1298,2150 1335,2150 1372,2150 1409,2150 1445,2150 1482,2151 1519,2151 1556,2151 1593,2151 1629,2153 1666,2153 1703,2153 1740,2153 1777,2154 1813,2154 1850,2154 1887,2154 1924,2154 1961,2154"/>
                <TextEquiv>
                    <Unicode>actus intelligendi magis est in potestate voluntatis quam a¬</Unicode>
                </TextEquiv>
            </TextLine>
            <TextLine id="r4l46" custom="readingOrder {index:44;}">
                <Coords points="1261,2211 1964,2218 1952,2164 1261,2165"/>
                <Baseline points="1266,2195 1300,2195 1335,2195 1369,2195 1404,2195 1439,2195 1473,2195 1508,2195 1543,2196 1577,2196 1612,2196 1647,2197 1681,2198 1716,2198 1751,2199 1785,2199 1820,2199 1855,2199 1889,2199 1924,2199 1959,2199"/>
                <TextEquiv>
                    <Unicode>ctus appetitus sensitiui. et per consequens magis potest dici</Unicode>
                </TextEquiv>
            </TextLine>
            <TextLine id="line_1597850522270_332" custom="readingOrder {index:45;}">
                <Coords points="1258,2253 1983,2264 1983,2212 1258,2210"/>
                <Baseline points="1263,2238 1305,2238 1347,2238 1389,2238 1432,2238 1474,2240 1516,2240 1558,2240 1601,2240 1643,2240 1685,2241 1727,2241 1770,2243 1812,2243 1854,2244 1896,2246 1939,2247 1978,2249"/>
                <TextEquiv>
                    <Unicode>praxis. ⁋ Et si dicatur. quod praxis debet esse posterior </Unicode>
                </TextEquiv>
            </TextLine>
            <TextLine id="line_1597850522271_334" custom="readingOrder {index:46;}">
                <Coords points="1254,2299 1982,2301 1982,2266 1940,2253 1254,2258"/>
                <Baseline points="1259,2280 1301,2282 1343,2283 1385,2283 1428,2285 1470,2285 1512,2285 1555,2285 1597,2285 1639,2285 1682,2286 1724,2286 1766,2286 1808,2288 1851,2288 1893,2289 1935,2291 1977,2292"/>
                <TextEquiv>
                    <Unicode>naturaliter intellectione. ⁋ Dico quod hoc est verum. quia omnis</Unicode>
                </TextEquiv>
            </TextLine>
            <TextLine id="r4l49" custom="readingOrder {index:47;}">
                <Coords points="1251,2345 1728,2331 1843,2356 1869,2333 1948,2349 1967,2308 1396,2286 1252,2301"/>
                <Baseline points="1256,2327 1291,2327 1326,2327 1361,2327 1397,2327 1432,2327 1467,2327 1502,2327 1538,2327 1573,2328 1608,2328 1643,2329 1679,2330 1714,2330 1749,2331 1784,2331 1820,2331 1855,2333 1890,2333 1925,2333 1961,2333"/>
                <TextEquiv>
                    <Unicode>praxis vel est actus voluntatis elicitus vel imparatus. et ita</Unicode>
                </TextEquiv>
            </TextLine>
            <TextLine id="r4l50" custom="readingOrder {index:48;}">
                <Coords points="1255,2388 1952,2381 1952,2350 1870,2334 1843,2356 1381,2330 1255,2344"/>
                <Baseline points="1260,2370 1294,2370 1328,2370 1363,2370 1397,2370 1431,2370 1466,2370 1500,2372 1534,2372 1569,2372 1603,2372 1637,2373 1672,2373 1706,2373 1740,2375 1775,2375 1809,2375 1843,2376 1878,2376 1912,2376 1947,2378"/>
                <TextEquiv>
                    <Unicode>vnus actus voluntatis est posterior alio actu. sicut actus</Unicode>
                </TextEquiv>
            </TextLine>
            <TextLine id="r4l51" custom="readingOrder {index:49;}">
                <Coords points="1261,2435 1512,2419 1949,2440 1970,2436 1971,2382 1261,2387"/>
                <Baseline points="1266,2414 1302,2414 1339,2414 1376,2414 1413,2414 1449,2414 1486,2414 1523,2415 1560,2415 1597,2415 1633,2415 1670,2417 1707,2417 1744,2417 1781,2418 1817,2418 1854,2418 1891,2420 1928,2420 1965,2420"/>
                <TextEquiv>
                    <Unicode>quo speculor diuina est posterior actu dictandi</Unicode>
                </TextEquiv>
            </TextLine>
            <TextLine id="r4l52" custom="readingOrder {index:50;}">
                <Coords points="1248,2467 1961,2481 1962,2439 1888,2424 1249,2435"/>
                <Baseline points="1253,2460 1288,2459 1323,2459 1358,2457 1393,2457 1428,2457 1463,2457 1499,2457 1534,2459 1569,2459 1604,2459 1639,2460 1674,2460 1709,2461 1745,2462 1780,2462 1815,2463 1850,2463 1885,2465 1920,2465 1956,2465"/>
                <TextEquiv>
                    <Unicode>quo intellectus meus dictauit quod modo debeat specu</Unicode>
                </TextEquiv>
            </TextLine>
            <TextLine id="r4l53" custom="readingOrder {index:51;}">
                <Coords points="1258,2515 1964,2521 1964,2482 1815,2467 1258,2480"/>
                <Baseline points="1263,2504 1297,2504 1332,2502 1367,2502 1402,2502 1437,2502 1471,2502 1506,2502 1541,2502 1576,2502 1611,2502 1645,2504 1680,2504 1715,2505 1750,2505 1785,2506 1819,2507 1854,2507 1889,2508 1924,2508 1959,2510"/>
                <TextEquiv>
                    <Unicode>ari divina. nunc actus speculandi divina est praxis et</Unicode>
                </TextEquiv>
            </TextLine>
            <TextLine id="r4l54" custom="readingOrder {index:52;}">
                <Coords points="1251,2555 1925,2572 1970,2553 1971,2529 1754,2510 1252,2522"/>
                <Baseline points="1256,2549 1291,2547 1326,2547 1362,2547 1397,2547 1433,2546 1468,2546 1504,2546 1539,2546 1575,2547 1610,2547 1645,2547 1681,2547 1716,2549 1752,2549 1787,2549 1823,2550 1858,2550 1894,2552 1929,2553 1965,2553"/>
                <TextEquiv>
                    <Unicode>non practicus sed actus dictandi est practicus</Unicode>
                </TextEquiv>
            </TextLine>
            <TextLine id="r4l55" custom="readingOrder {index:53;}">
                <Coords points="1237,2610 1958,2611 1959,2560 1238,2566"/>
                <Baseline points="1242,2591 1277,2591 1313,2591 1348,2591 1384,2591 1419,2591 1455,2591 1490,2591 1526,2592 1561,2592 1597,2592 1633,2592 1668,2594 1704,2594 1739,2594 1775,2594 1810,2595 1846,2595 1881,2595 1917,2595 1953,2595"/>
                <TextEquiv>
                    <Unicode>et forte non est pro tunc praxis. quamuis possit esse</Unicode>
                </TextEquiv>
            </TextLine>
            <TextLine id="r4l56" custom="readingOrder {index:54;}">
                <Coords points="1231,2665 1924,2668 1961,2664 1961,2608 1231,2613"/>
                <Baseline points="1236,2640 1272,2639 1308,2639 1344,2639 1380,2639 1416,2639 1452,2639 1488,2639 1524,2640 1560,2640 1596,2640 1632,2641 1668,2642 1704,2642 1740,2643 1776,2643 1812,2643 1848,2643 1884,2643 1920,2643 1956,2643"/>
                <TextEquiv>
                    <Unicode>praxis. quia potest esse imperatus a veluntate:</Unicode>
                </TextEquiv>
            </TextLine>
            <TextEquiv>
                <Unicode>actus geometrie. puta iste quem possum contingen
ter elicere sit vere praxis. quamuis non possit ille
actus esse practicus ⁋ Ad aliud dico quod manifestum
est quod aliqua speculatio diuina non est praxis quia illa
non est in potestate voluntatis. sed de speculationibus
nostris non est ita manifestum. Unde quae dicunt quod omnis
speculatio nostra sit in potestate voluntatis. habent di
cere nisi errent. quod omnis speculatio nostra potest esse pra¬
xis. Sed quia reputo quod aliqua speculatio non sit in po
testate nostra. qui autem sit illa dicetur in quarto. Ideo
dico quod est aliqua speculatio humana quae non potest esse
praxis. et ideo dico quod non omnis speculatio est in pote
state nostra nisi forte meritorie vel demeritorie.
Sed de illo modo habendi aliquid in potestate volun¬
tatis non est modo sermo. ⁋ Ad aliud quod innuitur dico
in ptante mea est quod speculatio sit praxis. vel non sit
praxis. quia si contigentur et ex imprio voluntatis speculor
tunc illa speculatio est praxis. Si non speculor. vel
si non speculor ex imprio voluntatis tunc non est praxis
et eodem modo eadem speculatio quando primo elicitur ante
omnem actum voluntatis non est praxis. quando postea eli¬
citur vel continuatur ex iperio voluntatis tunc vere erit pra
xis. nec est haoc magis incoueniens de speculatione quam de
aliis praxibus. sed de aliis est hoc possibile secundum istos
sic arguentes. Nam secundum istos numquam est actus voluntatis
praxis nisi sit elicitus. sed in potenstate voluntatis est eli
cere illum actum vel non elicere. Similiter secundu istos actus
appetitus sensitiui quatenus praecedit actum intelle¬
ctus non est praxis hoc enim modo communis est voluntati et
brutis. nec respectu illorum actuum est aliqua cogni¬
tio practica. nisi quia aliquo modo est moderatiua il
lorum actuum. et isti actus consequuntur intellectionem mo
deratiuam vt sunt per ipsam moderati. ⁋ Ex istis ver¬
bis eorum patet manifeste quod actus appetitus sensitiui
quae praecedit actum intelligendi non est praxis. sed actus ap¬
petitus sensitiui sequens actum intelligendi cuius mo
di est ille actus intelligendi moderatiuus vere est pra¬
xis. sed ille idem actus quae praecessit actum intelligendi potest
postea moderari per intellectum et voluntatem. ergo idem
actus primo non est praxis et postea est praxis et eque fa
ciliter potest hoc dici de actu intellectus qui potest praecedere
actu voluntatis. et tunc non est praxis. Et potest sequae imperium
voluntatis et tunc est praxis. Et hoc posset confirmari. quia
actus intelligendi magis est in potestate voluntatis quam a¬
ctus appetitus sensitiui. et per consequens magis potest dici
praxis. ⁋ Et si dicatur. quod praxis debet esse posterior 
naturaliter intellectione. ⁋ Dico quod hoc est verum. quia omnis
praxis vel est actus voluntatis elicitus vel imparatus. et ita
vnus actus voluntatis est posterior alio actu. sicut actus
quo speculor diuina est posterior actu dictandi
quo intellectus meus dictauit quod modo debeat specu
ari divina. nunc actus speculandi divina est praxis et
non practicus sed actus dictandi est practicus
et forte non est pro tunc praxis. quamuis possit esse
praxis. quia potest esse imperatus a veluntate:</Unicode>
            </TextEquiv>
        </TextRegion>
    </Page>
</PcGts>
