2248 3050
511 207 1196 291 ⁋ Item ans. vult quod creatura in deo non est nisi cre
492 259 1193 330 atrix essentia. ⁋ Specialiter autem probant aliqua quod
489 303 1196 373 esse intelligibile creature vel esse repraesentatum non
498 355 1188 420 distinguitur realiter a diuina essentia. sed esse reprasen¬
490 391 1196 462 tatum est idem realiter cum forma repraesentante. et esse co¬
501 443 1198 513 gnitum est idem realiter cum cognitione. ⁋ hoc probant
496 480 1192 550 sic. omnis entitas positiua non depedens ab anima est
497 524 1189 597 entitas realis. sed esse repraesentatum est quadam entitas
494 566 1198 638 positiua. et non dependet ab operatione intellectus.
495 609 1192 682 qui species repraesentaret etiam si intellectus non intellige
492 656 1197 725 ret. ergo esse repraesentatum est entitas realis et non alia a
507 706 1198 760 deo. ergo etc. Idem argumentum posset fieri de esse co¬
507 742 1198 816 gnito. ⁋ Secundo sic. Quicquid sequitur entitatem
496 787 1201 854 realem necessitate naturali est estitas realis neces
494 830 1194 894 sario. sed ad formam repraesentantem necessitate natu
506 865 1204 940 rali sequitur esse repraesentatum et ad cognitionem esse
503 917 1199 978 cognitum. ergo etc. ⁋ Ite terminus productionis rea
513 961 1207 1026 lis habet esse reale. sed intellectus agens actione rea
507 1001 1199 1075 li producit esse intelligibile obiecti siue obiectum in
509 1047 1196 1110 esse intelligibili. ipsius enim est aliquod esse reale. et non
512 1091 1199 1158 producit nisi speciem intelligibilem. ergo esse intelligibi¬
510 1134 1198 1195 le obiecti quod est suum esse repraesentatum per speciem est idem
507 1176 1198 1244 realiter cum specie repraesentante. ⁋ Preterea. iiii. me
507 1230 1202 1290 tha. dicit philosophus quod ens et vnum sunt idem et vna na¬
506 1261 1195 1327 tura. quia non separantur in generatione et corruptione
506 1304 1210 1380 ergo illa sunt idem realiter quando impossibile est vnum generari vel
500 1351 1207 1412 corrumpi sine alio. sed impossibile est formam repraesentam
507 1394 1210 1461 tem esse. nisi sit esse repraesentatum alicuius. vel econuer¬
515 1434 1208 1499 so. ergo etc. ⁋ Item omnis entitas non prima ab actu in
506 1480 1215 1545 tellectus fabricata est ab aliquo effectiue. sed esse in
510 1521 1205 1587 telligibile non est per intellectum fabricatum. nec est a
515 1565 1211 1636 deo effectiue. quia cuiuscumque diuina essentia est prin¬
521 1606 1222 1676 cipium efficit illud naturaliter et secundum vltimum posse
507 1653 1210 1726 suum et tale necessario habet esse in effectu. ergo non est ab
513 1698 1217 1769 eter non esse repraesentatum creature. nisi sit diuina
519 1739 1217 1807 essentia. ⁋ Preterea. omne prius natura alio potest
525 1783 1211 1849 esse sine illo absque contradictione. repraesentans non
524 1824 1210 1896 potest esse absque esse repraesentato. nec cognitio absque
521 1869 1211 1933 esse cognito. ergo etc. ⁋ Preterea esse intelligibile cre
518 1912 1222 1979 ature sibi coueniens ab eterno aut est ex se neces
530 1959 1222 2022 se esse. et habetur propositum. Aut possibile esse. et hoc
534 1998 1226 2059 est falsum. quia tunc deus non necessario coexigeret esse
527 2040 1232 2111 intelligibile creature. ⁋ Preterea voluntas vult
538 2087 1225 2147 creaturam secundum esse suum intelligibile. quia vult se intel
528 2126 1226 2196 ligere omne intelligibile et non contingenter. ergo ne¬
533 2168 1221 2237 cessario. sed non vult aliquod aliud a se necessario. ergo
524 2220 1223 2277 etc. ⁋ Confirmatur. quia deus non vult necessario ali¬
542 2255 1234 2328 quid quod est ad finem. ⁋ Preterea voluntas quae determi
540 2299 1228 2368 natur ad finem. non determinatur ad aliquod eorum quae sunt
537 2348 1230 2407 ad finem. nisi quatinus per spllogismum practicum conclu
539 2386 1232 2455 datur ex fine necessitas illius entis ad finem. sed esse in¬
545 2426 1239 2490 telligibile si sit aliud a deo. non est necessarium ad
534 2478 1240 2532 vltimum finem. ergo necessario intelligitur. ⁋ Preterea.
537 2522 1231 2582 si aliquis necessitate absoluta vult ens diminu
537 2568 1252 2643 tum et diminute ordinatum ad finem multo magis
1292 184 1998 253 vult necessario ens perfectum perfecte ordinatum ad
1302 235 1988 306 finem. quia perfectior ratio diligibilitatis est in ente perfe
1302 280 2001 346 cto quam in ente diminuto. ergo si deus necessario vult
1297 322 1992 385 esse intelligibile creature diminute ordinatum ad
1292 366 1994 433 deum multo magis vult necessario creaturam in esse
1298 418 1998 486 perfecto. quod fallum est. ⁋ Preterea esse intelligibile cre
1308 455 2003 522 ature est prius voluntate et actu voluntatis diuine
1298 495 2006 565 qui essentia diuina prius repraesentat creaturam. et im¬
1304 542 2002 607 tellectus diuinus prius intelligit creaturam quam volun
1307 584 1993 649 tas velit eam in esse reali vel intelligibili. ergo si sit alium
1304 634 1999 695 esse a deo aliquod aliud a deo est prius voluntate divina.
1327 676 1998 744 ⁋ Preterea esse intelligibile creature ab eterno.
1304 722 2008 781 aut est proprium. aut intrinsecum deo. et haber propositum.
1302 762 2008 826 Aut ese creature. et per consequens fundatur in esse creature
1305 800 2000 875 quae intelligitur. et per consequens persupponit creaturam in quae fun
1308 844 2000 910 datur et esse creature anquam a deo intelligeretur. tam secundum
1313 895 2008 959 quidditatem quam secundum essentiam. quia vtrumque habuit esse in¬
1303 930 2032 996 telligibile ab eterno. ⁋ Preterea nullum esse distin¬
1305 981 1999 1040 ctum ex natura rei eque perfecte conuenit creaturis
1319 1019 1998 1095 quando sunt et quando non sunt. sed esse intelligibile creature ab
1312 1077 2001 1133 eterno eque perfecte couenit omnibus creaturis quando non
1313 1114 2006 1173 sunt sicut quando sunt. quia equae perfecte deus intelligit creatur
1311 1155 2035 1215 ras. ⁋ Preterea quicquid est omnino immutabile est omnino
1313 1194 2011 1268 necesse esse. sed esse intelligibile conueniens creature
1305 1235 2008 1296 ab eterno est immutabile. quia aliter intelligere diuiuus
1308 1282 2008 1347 esset mutabile. ergo esse intelligibile creature est nece
1311 1323 2040 1387 se esse. ⁋ Preterea creatura secundum esse suum intelligibi¬
1311 1371 2021 1434 le ab eterno est magis necessaria quam secundum esse suum in est
1317 1415 2024 1483 fectu. quia esse intelligibile virtute nullius causae potest
1314 1458 2016 1518 non esse. ergo ea secundum esse intelligibile est magis perfecta quae
1320 1500 2027 1572 secundum esse in effectu. sed non est magis perfecta entitate
1326 1540 2043 1605 creature. ergo entitate dei. ⁋ Preterea tale esse intel
1331 1585 2027 1649 ligibile est aliquid positiuum. et non est ens rationis. nec est
1317 1630 2021 1699 substantia creata. ergo substantia increata. Pro praedictis a
1328 1678 2026 1748 ticulis multa alia dicuntur. sed quia solutis praedictuis ma
1322 1726 2023 1787 nifeste patet solutio omnium aliorum. ideo ipsa causa breuitatis
1322 1760 2015 1826 omitto. ⁋ Sed ista opinio iaver mihi irrationalis. quia tam
1325 1805 2024 1874 plus constat in vbis quam in re. et verba sunt ad placitum. et
1325 1844 2040 1913 vnusquisque potest vocare esse intelligibile creature sicut
1328 1891 2032 1957 placet. ideo arguere conclusio istam opiniono est arguere ad no
1329 1934 2026 2005 men et non ad re. et propterea breuiter improbo eam. et infe
1328 1982 2033 2040 ro multa inconuenietia ex ea. ⁋ Unum est quod iste
1338 2020 2021 2084 opinans habet concedere: quod esse creabile creature est
1334 2064 2028 2130 idem realiter cum deo. quia sicut iste ponit quod quia de necesst
1329 2108 2030 2173 tate sequitur si deus est intelligens quod creatura necessa
1333 2155 2029 2210 rio habet esse cognitum et quod esse cognitum creature est idem
1338 2196 2036 2261 realiter cum deo. Et eodem modo sequitur. si deus est creatiuus
1335 2240 2039 2301 quod creatura est creabilis. et quod creatura habet esse crea¬
1338 2282 2029 2343 bile et per consequens esse creabile creature erit idem realiter
1335 2325 2035 2388 cum deo. Unde inducendo per omnes suas rationes patet quod eque
1338 2379 2041 2438 concludunt quod esse creabile creature est idem realiter cum
1336 2409 2035 2468 deo. sic quod esse intelligibile creature est idem realiter cum
1332 2458 2045 2513 deo. Et hoc manifeste ostendetur soluendo rationes praedi¬
1335 2502 2062 2555 ctas ⁋ Similiter sequeretur quod esse possibile creature esset
1331 2550 2056 2617 idem realiter cum deo. et per consequens quod esse possibile creatfe¬
