2352 3094
336 170 1061 249 esset necesse esse. Prima consequentia patet. quia sicut impossi
330 229 1054 277 bile est formam repraesentare esse nisi sit esse repraesenta¬
316 277 1050 336 tum: et cognitione esse nisi sit esse cognitum. sic impossi
330 319 1045 372 bile est deum productiuum esse nisi creatura possit esse.
331 368 1049 420 et per consequens nisi creatura habeat esse possibile. et per
333 410 1051 461 consequens si propter praedictam rationem esse repraesentatum et esse co¬
333 455 1046 510 gnitum creature est idem realiter cum deo. sequeretur equaliter
324 502 1036 555 quod etiam esse possibile creature est deus. Similiter sequitur quod
321 541 1040 604 esse dealbabile corporis esset idem realiter cum deo. Si
327 588 1046 631 militer sequitur quod esse damnabile demonis esset idem rea¬
325 628 1045 685 liter cum deo. Utramque consequentiam probo per argumentum suum
334 672 1043 729 Nam ipse arguit sic. quicquid sequitur entitatem realem ne
331 721 1046 769 cessitate naturali neccessario est esse reale. sed ad formam
324 761 1030 815 repraesentatiuam necessitate naturali sequitur esse reprae¬
325 805 1034 870 sentatum et ad cognitionem esse cognitum. ergo etc. Co¬
316 851 1037 899 dem modo arguo in proposito accipiedo maiorem sic.
330 894 1031 946 uicquid sequitur etc. sed ad deum esse dealbatiuum corporis
313 946 1024 998 necessario sequitur esse dealbabile corporis. et ad deum
317 986 1025 1040 esse damnatiuum demonis necessitate naturali sequi
325 1032 1036 1073 tur esse damnabile demonis. quia sicut consequentia necessaria
313 1071 1037 1124 sequitur forma est repraesentans. ergo aliquid est repraesentatum.
319 1117 1028 1167 et similiter sequitur. deus intelligit creaturam. ergo creatura est in
318 1167 1024 1208 tellecta. Eodem momdo sequitur. deus potest dealbare cor¬
318 1208 1028 1262 pus. ergo corpus est dealbabile. et similiter sequitur. deus potest
306 1255 1030 1301 damnare demonem. ergo demodo est damnabilis. ergo esse deal¬
312 1290 1024 1352 babile corporis. et esse damnabile demonis est aliqua en
306 1337 1025 1395 titas positiua et non dependet ab intellectu non
306 1379 1024 1440 plus quam esse intelligibile creature. TManifestum est. ergo
304 1427 1022 1469 est esse reale. et non est aliud esse: reale a potentia dei de¬
313 1469 1021 1522 albatiua et damnatiua. quia tunc fuisset aliquod aliud
307 1510 1022 1563 reale a deo ab eterno ⁋ TMulta alia absurda
306 1554 1030 1608 sequuntur ad istum modum loquendi sic quod esse illumina¬
312 1602 1028 1645 bile aeris sit idem realiter cum deo. esse calefacti¬
312 1640 1030 1696 bile ligni sit idem realiter cum deo. ⁋ E vniversaliter sequitur de
306 1694 1032 1745 quolibet composito ex infinitiuo esse et quaecumque passi
304 1739 1025 1783 one quae necessario de aliquo praedicatur vere sit dice¬
300 1776 1018 1830 re quod sit idem realiter cum deo. quia omnia talia prbant equaliter
319 1822 1024 1872 ones praedicte sicut conclusione intentam. ⁋ Ideo aliter di¬
309 1867 1022 1914 co. Et primo videndum est quodo perfectiones creatura¬
306 1907 1016 1966 rum continentur in deo. Secundo quomodo distinguebantur ab et
300 1950 1021 2005 non. Tertio dicenda sunt aliqua praanbula ad solutio¬
298 1996 1012 2051 nes argumentorum ⁋ Circa primum dico quod idem est di¬
304 2049 1014 2101 cere perfectiones creaturarum contineri in deo. et ipsas
295 2070 1010 2145 creaturas contineri in deo. Unde non non est ymaginam
294 2132 1021 2187 dum quod differentia sit inter perfectionem creature et creatu¬
294 2180 1014 2228 ram ipsam. quasi aliter possit perfectio creature esse in deo
295 2216 1010 2272 quam creatura ipsa. quia si sit aliqua talis distinctio inter per¬
300 2265 1004 2313 fectionem creature et ipsam creaturam. vocetur illa
297 2306 1003 2364 perfectio lapidis a. tunc quaero quomodo a dicitur perfecto laps
294 2360 1007 2406 dis: aut quia est eadem res cum lapide: ita quod hoc sit co¬
296 2392 1013 2445 structio intransitiua. perfectio lapidis est in deo hoc est
291 2441 1012 2481 aliqua perfectio quae est lapis est in deo. Aut dicitur perfectio
295 2483 1013 2532 lapidis quia est forma lapidis. Aut a dicitur perfecto la
301 2527 1004 2584 pidis quia et causa lapidis. Aut quia est similitudo lapidis
289 2573 1004 2646 Si detur primum. habet propositum. Secundum dari non potest.
1158 190 1873 252 quia non magis est forma lapidis in deo quam ma¬
1150 240 1866 297 teria lapidis. Nec potest dari tertium. quia tunc idem esset
1151 282 1870 340 dicere. perfectio lapidis est in deo et causa lapi¬
1156 321 1873 382 dis est in deo. Et tunc si concedatur quod perfectiones
1152 373 1868 420 creaturarum sunt in deo. debet concedi quod cause
1159 414 1874 472 creaturarum sunt in deo quod est inconuenies. Idem
1149 457 1866 519 potest argui si detur similitudo lapidis aliquid quodcumque
1143 501 1856 556 aliud a lapide. Sic ergo patet quod idem est perfectiones
1143 547 1864 598 creaturarum contineri in deo a creaturas contine
1144 591 1856 643 ri in deo. sed creature non continentur in deo formaliter
1146 636 1864 685 subiectiue: sed tantum obiectiue. ideo formaliter et subie¬
1140 681 1873 730 ctiue: vel actualiter non ibidem continetur perfectiones
1149 726 1867 781 creaturarum. sed sicut creature continentur in deo tamquam
1143 776 1874 815 obiecta cognita. et sicut effectus producibiles co¬
1146 812 1867 865 tinentur in sua causa. et sicut imperfectiora continentur
1140 859 1870 903 in perfectiori. ita illis modis perfectiones creatura
1147 904 1865 963 rum continentur in deo. Sed intelligendum est quod conti
1143 947 1862 1001 neri in deo sicut obiectum cognitum non est aliud quam
1131 985 1867 1036 cognosci a deo. et ideo iste lapis qui est cognitus a
1141 1032 1859 1086 deo. isto modo continetur in deo quod nullo modo est deus.
1144 1080 1859 1127 et isto modo si esset vsitatus modus loquendi vere pos
1134 1121 1853 1172 set dici quod albedo in pariete existens est vel contine
1144 1174 1854 1222 tur in oculo. quia videtur ab oculo meo. Et simiter
1141 1208 1862 1272 contineri in deo virtualiter id est sicut effectus producibilis.
1140 1258 1861 1304 nihil aliud est quam produci vel posse produci a deo.
1134 1300 1855 1344 et ideo ille lapis qui productus est extra vel potest produci cui
1143 1345 1864 1393 repugnat omnino in deo esse formaliter et subiecti¬
1140 1386 1867 1443 ue: continetur in deo virtualitur. et nihil aliud quam ta¬
1134 1431 1862 1476 le cui omnino repugnat esse deum ⁋ Preterea. contine¬
1135 1475 1861 1527 ri eminentur nihil aliud est quam esse vnum eminentius
1135 1519 1853 1569 et perfectius illo quod continetur. et ideo. quia deus non est perfe
1134 1568 1859 1609 ctior quocumque quod est in eo formaliter et subiectiue
1128 1609 1846 1652 sed tantum est perfectior creaturis quae non sunt deus nec rea
1128 1650 1853 1696 liter nec formaliter. ideo solum creature tales continentur
1129 1691 1859 1750 eminenter in deo ⁋ Ex praedictis patet. quod nihil potest con
1131 1738 1856 1793 tineri eminenter in deo vel virtualiter nisi sit aliud
1134 1783 1843 1828 a deo. et ideo perfectiones creaturarum contente in deo
1127 1827 1843 1876 eminenter vel virtualitur nullo modo sunt deus realiter
1131 1871 1853 1926 plus quam iste asinus productus ex est deus. Ueruntamen aliquod
1116 1910 1856 1961 contentum in deo sicut obiectum cognitum est deus
1116 1957 1837 2007 realiter. sed non est nisi ipse et aliqua per sonalis relatio.
1126 2004 1843 2051 quod non potest dici perfectio creature nisi perfectio cre¬
1123 2043 1858 2102 ature vocetur ca creature. ⁋ Ex praedictis satis posset
1117 2088 1843 2139 patere quod in praedicta quaestione quantum ad istum articu
1125 2130 1849 2185 lum non est magis difficultas nisi propter modum lo¬
1125 2178 1841 2232 quendi. Nam sancti dicunt omnia esse in deo. et accipiunt
1110 2227 1856 2273 ab apostolo. Esse autem in: videtur importare
1113 2261 1838 2326 aliud esse in alio tanquam ibi realiter existens. Et ita
1126 2307 1840 2364 quod creature et perfectiones creaturarum fuerunt in deo
1110 2354 1835 2404 tanquam aliqua ibi vere existentia. Sed isto modo essendi in
1116 2400 1840 2456 non vtuntur sancti quae dicunt omnia esse in deo. sed esse in apud
1117 2446 1841 2501 eos in tali propositione significat idem quod cognosci. vel
1114 2487 1828 2535 idem quod produci vel posse produci. ita quod ista propositio
1120 2540 1833 2592 mnia sunt in deo equiualet huic secundum intetione scorum
1104 2579 1840 2631 omnia sunt cognita a deo. vel isti. omnia sunt produ
