2222 3086
421 164 1139 247 cta vel producibilia a deo. Unde quod esse in in multis
414 239 1139 287 auc. secundum eos significet idem quod esse ab eo. et maxime
415 285 1139 343 in auc. apstori. patet per beatum ambrosium et magistrum sen
420 327 1133 377 tentiarum. lid est dis. xxxvi. allegantem abrosiu. Unde dicit
421 369 1141 417 sic mgratir. Si diligenter inspiciamus videtur idem esse. omnia
415 417 1142 472 esse ex deo at per ipsum. et in ipso. Unde abro. li. iii di spiritus sancti
436 460 1127 506 hec tria ex ipso. et per ipsum. et in ipso sunt: omnia vnum esse
414 504 1139 551 supra diximus. et sequitur eandem vim habent hec omnia. scilicet in
430 550 1131 602 prio. et ex ipso. et per ipsum. et sequitur. Ecce habens quod ex
430 596 1139 653 vna et eadem intelligentia scriptura dicit omnia esse in
414 638 1136 683 ipso. et per ipsum. et ex ipso. vel cum ipso. Similiter quod frequen¬
421 682 1136 735 ter omnia esse in deo accipitur pro cognosci a deo. patet per
418 723 1127 776 eundem vbi supra dis. xxxv. Unde post auc. augusti¬
417 775 1127 816 ni dicit sic. hoc etiam apit augustinus ex qua intelligen
420 810 1134 865 tia sunt accipienda huiusmodi verba. omnia deo praesentia sunt. in
421 862 1137 917 deo sunt omnia vel cum deo vel apud deum. vel in eo vita¬
415 909 1131 961 qui ineffabilis omnium in eo cognitio in ipso est. et ita ma¬
417 944 1132 1007 nifeste patet. quod creature non sunt in deo nisi quia cogno¬
420 990 1123 1039 scuntur a deo vel quia producuntur a deo vel saltem possunt pro¬
417 1039 1132 1088 duci. ⁋ Secundo videndum est quomodo perfectiones creatu
421 1079 1121 1138 rarum distinguuntur a deo. Circa quod dico quod numquam
417 1120 1132 1177 fuerunt realiter idem cum deo. hoc patet. quia illud quod potest
415 1167 1133 1215 non esse idem realiter cum aliquo numquam est idem realiter cum eo
414 1210 1139 1271 dem. quia impossibile est quod aliquid fiat aliud a se. sed perfe¬
415 1255 1135 1306 ctiones creaturarum si producantur extra non sunt idem rea¬
420 1302 1124 1359 liter cum deo. ergo ab etno non sunt idem realiter cum deo. ergo
414 1346 1120 1394 etc. ⁋ Secundo dico quod non distinguebantur ab eterno
414 1395 1133 1447 realiter a deo. hoc patet. quia illud quod non est aliquid reale
411 1435 1126 1480 non potest ab aliquo distingui realiter. sed creature non
420 1478 1126 1533 fuerunt ab etno aliqua realiter. ergo non distinguebantur ab
418 1533 1142 1583 eterno a deo realiter. ⁋ Perer idem patet. quod non distingue¬
423 1567 1138 1614 bantur realiter inter se ab etrno. quia non fuerunt aliqua rea¬
426 1606 1138 1677 lia. ⁋ Et si quaeratur. an fuerunt idem realiter. ⁋ Dicendum
420 1651 1134 1710 est quod non. quia hoc est verum quod quaecumque possunt pro quocumque instam
420 1703 1130 1756 ti distingui realiter numquam sunt idem realiter. sed perfectiones
432 1746 1135 1808 creaturarum quando producuntur extra a deo distinguuntur rea¬
426 1787 1135 1853 liter. ergo impossibile est quod sint idem realiter ⁋ Ex praedictis
426 1833 1133 1890 patbet ad formam. q. quod perfectiones creaturarum conten¬
435 1882 1140 1935 te in deo non distinguebantur ab eterno realiter. nec a
429 1914 1143 1976 deo nec inter se. nec etiam fuerunt idem realiter. nec cum
435 1962 1148 2019 deo. nec inter se. ⁋ Circa tertium propter solutiones ar¬
424 2009 1155 2068 gumentorum est sciendum quod esse potest multipliciter accipi
420 2055 1146 2107 vel pro esse existere. vel pro esse quod couertitur cum
426 2099 1140 2155 ente cui non repugnat esse in rerum natura. sed sic
425 2135 1145 2198 non est multum vsitatum. Uel in propositione accipitur secundum
429 2184 1133 2233 quod est compula vniens praedicatum cum subiecto. Secundo
420 2234 1146 2287 sciendum quod hoc quod dico esse sequitur aliquando geniti
423 2274 1143 2327 uus casus sicut si dicam. esse creature. vel esse dei
429 2322 1137 2375 vel esse hominis. Aliquando sequitur ipsum casus accusati
426 2362 1151 2415 uus. sic dicendo. esse animal. esse album. esse cognitum
420 2408 1138 2455 Si primo modo accipitur. semper tale esse nisi forte ratione
433 2451 1138 2508 adiucti. accipitur significatiue et supponit pro esse
429 2500 1138 2549 existere. vel saltem pro aliquo cui non repugnat esse
426 2541 1147 2595 in rerum natura. Si accipitur secundo modo
429 2581 1148 2647 sic vel sequitur ipsum. nomen substantiuum vel
1242 178 1968 246 adiectiuum. si primo modo. semper accipitur mate¬
1245 234 1963 287 rialiter. vel est compula vniens extremum vnum cum alio
1242 282 1967 333 quia sic est dictu vnius propositionis et semper debet expri
1240 326 1961 376 mi aliquid ante hoc verbum esse infinitiui modi. vesl
1237 371 1970 423 subintelligi. sicut si dicam. esse animal. debet subin
1249 419 1955 463 telligi. sortem esse animal. vel hominem esse animal. vel ali
1249 459 1961 507 quid huiusmodi. Et tunc est talis proposito distinguenda si
1243 505 1967 551 sequitur talis modus. scilicet verum vel possibile. neces¬
1243 551 1967 599 sarium contingens falsum. et huiusmodi. qui etiam de propo¬
1245 592 1959 642 sitionibus verificatur. et hoc secundum compositionem et diui¬
1242 637 1951 692 sionem. In sensu composito illud totum supponit pro
1242 688 1966 728 vna propositione. In sensu diuiso est vna compula
1240 727 1954 774 vniens praedicatum cum subiecto. Si autem sequitur ali¬
1236 767 1966 816 quid aliud quam tale praedicatum. sicut homo vel asinus vel ali
1251 823 1961 870 quid tale. semper dictum tale materialiter supponit pro
1242 861 1955 908 vna propositione. sicut in ista. hominem esse animal est deus. si¬
1236 906 1957 961 gnificatur quod hec propositio. homo est animal est deus. et per istam
1243 950 1967 1004 sortem esse album est homo. significatur quod hec proposito sor¬
1243 988 1970 1035 tes est albus sit homo. et sic de aliis. Unde de hoc verbo
1245 1034 1957 1080 esse quando ipsum sequitur substantiuum est vniformiter di¬
1242 1078 1958 1128 cendum et de verbo adiectiuo. Si autem hoc verbum esse
1243 1123 1955 1178 sequitur adiectiuum. tunc distinguendum est. aut scilicet sncnt
1236 1167 1967 1213 esse accipitur puresignificatiue vt non sit compula.
1242 1212 1964 1264 nec supponat materialiter. nec sit pars supponentur
1243 1254 1955 1302 materialiter. Aut accipitur primo modo. illo scilicet modo
1249 1301 1958 1364 quo accipitur quando ipsum sequitur nomen substantiuum. Si
1236 1348 1960 1395 secundo modo. sic dicendum est per omnia sicut de illo. Si acci
1242 1387 1967 1446 pitur primo modo. sic est vnus terminus compositus ex adie¬
1239 1428 1966 1482 ctiuo et substantiuo tanquam ex determinatione et deter
1238 1470 1967 1529 minabili. sicut est iste terminus homo albus. et tunc si esse
1246 1518 1970 1568 sit idem quod esse existere. ad veritatem talis propositionis
1246 1564 1958 1622 vbi praedicatur aliquod predicatum de tali composito ex
1242 1609 1970 1659 esse et tali alia determinatione. requiritur quod praedicatum
1245 1652 1972 1712 vere praedicetur de vtraque parte. et quod vna pars vere di¬
1245 1698 1966 1751 catur de alia. sicut ad veritatem illius. homo albus est animal.
1243 1740 1970 1795 requiritur veritas istarum trium propositionum. homo est animal: album
1254 1787 1972 1838 est animal. homo est albus. Si aut esse sit idem quod ens cui
1249 1829 1960 1881 non repugnat esse in rerum natura. quamuis isto modo
1243 1882 1966 1928 non accipiatur ab auctoribus et maxime sanctis. quamuis
1254 1918 1961 1966 aliqua improprie sic loquuntur. tunc consimiliter est dicendum sicut
1245 1961 1958 2014 nunc dictum est quando est idem cum esse existere. ⁋ Ad primum
1258 2015 1979 2055 argumentum pro alia opinio dico quod non est intentio beati
1260 2049 1967 2094 ohannis. quod illud quod factum est ex a deo vnquam fuerit
1250 2095 1948 2149 in deo realiter vita. sed est intentio sua quod causa productiua ip
1261 2141 1961 2199 ius et quod cognitio qua cognoscitur et qua dicebatur intelligi
1258 2179 1955 2229 fuerit in deo vita. quia fuit et est ipsa diuina essentia
1255 2226 1964 2285 Unde quod ista sit intentio illius auc. et aliarum auctori¬
1254 2269 1958 2322 tatum patet per mgirstum senten. lid est dis. xxxv. vbi dicit
1251 2314 1961 2363 sic. Preterea omnia dicuntur esse in deo et fuisse ab etno.
1257 2360 1964 2414 Unde aug. super gene. lit v. c. vii. hoc visibilia inquat anquam
1245 2401 1963 2458 fierent non erant. quo ergo deo nota erant. Et rursum
1248 2449 1962 2512 quo ea faceret quae sibi nota erant. non enim quiecquam igi¬
1248 2493 1957 2543 rans fecit. nota ergo fecit non fctam cognouit. proide an
1249 2535 1970 2597 quam fierent. et erant et non erant. erant in dei scientia. et non
1252 2578 1967 2653 erant in sui natura. Ipsi autem deo non audeo dicere
