2306 3088
316 244 1035 313 sed quod intelligitur. et de esse cognito est quaestio principaliter.
315 301 1028 354 et ita exempla adducta de esse damnabili demonis
309 347 1022 395 et de esse creabili. non sunt ad propositum. quia omnia ista
310 386 1031 447 sonant in potentiam non in actum. ⁋ Ad illud dicendum quod
325 424 1025 489 xempla satis sunt ad propositum. quia sicut tum compras esse
322 476 1019 540 cognitum ad cognitionem diuinam. quorum vtrumque so
313 519 1021 578 nat in actum. ita coporo ego esse creabile ad potentiam
307 569 1020 622 creatiuam quorum vtrumque sonat in potentiam. et sicut ex
306 609 1022 664 parte vna non est ponenda nisi vna potentia realis
319 655 1010 707 et tamen vere est dicere quod esse creabile non est potentia
307 699 1014 747 creatiua. et ita ex alia parte tantum ponendus est vnus a¬
313 740 1014 796 ctus et tamen vere erit dicere quod esse cognitum creatu
309 780 1011 846 re non est cognitio diuina. et omnia argumenta quae cou
313 828 1020 891 cludunt vnum equaliter concludunt reliquum. ⁋ Ad
309 866 1021 928 aliud dico quod hoc est falsa simpliciter. creatura secundum suum
306 919 1013 974 esse intelligibile est magis necessaria quam secundum esse suum
307 967 1013 1010 i effectu. quia nec est necessarium nec necesse esse nec
296 1002 1010 1064 secundum esse suum intelligibile. nec secundum esse suum in effectu
307 1048 1012 1099 cuius ratio est. quia ista determinatio secundum suum esse intelli¬
298 1098 1008 1149 gibile. nec est determinatio distrahens nec dimin
294 1137 1013 1189 nuens. quod patet ex dictis hic et dis. ii. et est satis cla¬
291 1179 1013 1235 rum. tum quia esse intelligibile non est determinatio di¬
304 1218 1005 1284 grahens nec dimiuuens. tum quia luod secundum habet virtutem
283 1272 1005 1330 reduplicatiuam. et reduplicatio numquam est determina
298 1310 1006 1366 tio distrahens nec diminuens. et ideo ista creatura
295 1349 1007 1417 secundum esse suum intelligibile est magis necessarium quam secundum
285 1401 1013 1460 esse suum in effectum infert illam. creatura est quoddam
289 1445 998 1512 necessarium. quod est manifeste falsum ⁋ Et quando dicitur quod
294 1488 998 1545 esse intelligibile creature virtute nullius esse potest non
289 1531 1009 1590 esse. Dico quod hoc est. simpliciter falsum immo aliquando non fuit. et
295 1581 1013 1636 modo verum es dicere quod esse intelligibile antichristi non est.
292 1615 1007 1678 ed ex ista non sequitur. ergo antichristus non intelligitur. sed est fal
285 1663 998 1721 lacia secundum quid et simpliciter. ergo ex opposito affirmati¬
300 1710 990 1768 le est fallacia secundum quid et simpliciter. sic antichristus in
294 1759 998 1813 elligitur. ergo antichristi esse intelligibile est. ⁋ Ad vlti¬
282 1797 959 1861 mum et ad similia patet solutio ex iam dictis.
334 1837 936 1901 ⁋ Distinctionis. xxxvii. Questio vnica.
607 1888 999 1985 Irca distin¬
594 1967 986 2033 ctionem trigesimamseptimam
605 2017 994 2077 quio. ⁋ Utrum esse vbique et in
597 2062 995 2125 omnibus rebus per essentiam. pri¬
597 2101 993 2166 sentiam. potentiam. sit proprium
595 2149 995 2209 soli deo. ⁋ Quod non. et primo
285 2196 992 2250 quod non conueniat deo. quia deus non est in omnibus per essentiam
267 2232 990 2296 probo. quia illud quod conuenit alicui per essentiam conue¬
267 2290 995 2341 nit sibi necessario et semper. sed esse in omnibus non coue¬
266 2328 985 2389 nit deo necessario et semper. quia ante mundi creationem
282 2370 985 2422 non fuit in eis ⁋ Preterea si sic. deus esset in loco. consequens
276 2412 995 2473 falsum. falsitas consequentis patet. quia sicut se habet informabi¬
269 2453 990 2515 lequalitate ad illud quod habet qualitatem. sic se habet esse
273 2502 988 2551 in loco ad illud quod habet locum. sed quod est informatum quali¬
258 2550 995 2613 tate necessario est alterabile secundum qualitatem. ergo omne
273 2590 995 2648 quod est in loco necessario est mobile secundum loceu. sed deus
255 2633 988 2712 nullo modo est mobilis secundum locum. ergo non est in lo¬
1131 257 1849 318 co. et per consequens non est in omnibus rebus: ⁋ Preterea quod
1128 308 1838 373 non sit proprium deo videtur. quia vniversale. est vbique peressen
1125 351 1845 415 tiam. et per consequens per potentiam illo modo quo habet potentiam
1134 399 1847 451 ⁋ Ad oppositum est magister in littera. ⁋ In ista
1138 436 1848 503 questione conclusio est certa apud theologos. scilicet quod
1123 490 1833 546 proprium est soli deo esse in omnibus rebus existentibus et pos
1126 532 1838 593 sibilibus si ponantur. per essentiam. praesentiam. et potentiam.
1138 579 1844 627 ⁋ Sed vna est difficultas specialis. an. ex hoc
1120 620 1837 679 quod deus est in omnibus rebus per potentiam. ita scilicet quod est
1125 665 1829 725 causa immediata omnium rerum. sequatur ipsum vbique esse per
1125 714 1842 768 essentiam. ⁋ Et dicunt aliqui quod sic. vnde dicut quod deus
1116 749 1829 807 est in omnibus per potentiam inquantum eius potestati omnia
1117 792 1828 848 subduntur. est per praesentiam in omnibus inquantum omnia nu
1120 839 1830 895 da sunt et apta oculis suis. est in omnibus per essentiam in
1120 881 1832 934 quantum adest omnibus vt causa essendi. Istud vlti¬
1119 930 1829 980 mum probant ipsi. quia oportet agens coniungi ei in quod imme
1120 971 1831 1033 diate agit secundum philosophum. vii. phi. mouens et motum de
1104 1011 1826 1076 bent esse simul. sed deus est causa agens cuiuslibet rei. ergo est in
1117 1059 1826 1115 omnibus rebus. ⁋ Sed illud vltimum generaliter acce
1119 1105 1827 1166 ptum non est verum. quia non semper ortet mouens et motum agens
1110 1152 1826 1204 et patiens simul ess scilicet localiter. et adduco ad hoc vnam
1103 1194 1823 1247 experientiam. et probo quod sol immediate causat lumen
1111 1233 1823 1287 in aliquo corpore hic inferius. et tamen non est praesens isti
1111 1278 1814 1336 corpori. quia volo quod radius solis intrans per fenestram
1112 1327 1822 1383 vel foramen aliquod terminetur ad corpus opracum
1108 1365 1824 1422 Tunc quaero. aut illud lumen in corpore opraco scilicet inter
1114 1411 1819 1465 quod et solem est fenestra vel forame causatur immedia
1101 1461 1820 1520 te ia sole. et habetur propositum. Non potest dici quod cau¬
1105 1496 1814 1560 satur a lumine sibi propinquo. quia omne principium acti¬
1099 1546 1822 1598 uum equaliter approximatum diuersis eque passiuis
1101 1593 1819 1644 eque dispositis et nullo existente impedimento. habe
1104 1629 1820 1679 bit effectus equales in illis passiuis sed lumen pro
1097 1679 1823 1741 pinquum illi parti illuminande equaliter approxima¬
1095 1725 1814 1782 tur illi passo et vni alteri passo inter quod et solem est
1107 1768 1826 1825 aliquod corpus operacum. ergo equalem effectum et eque inten¬
1101 1807 1817 1866 sum lume causabit in alio corpore inter quod et solem est
1104 1854 1824 1900 corpus opacum medium. cuius oppositum manifeste
1105 1901 1814 1955 patet ad sensum. ergo oportet dicere quod sol immediate cau¬
1096 1942 1824 1996 sabit lumen in illa parte. et non tantum lumen propinquum
1093 1982 1823 2045 ⁋ Si dicatur quom lumen propinquum non causatur nisi in
1092 2034 1805 2083 vitute soel a quo causatur et conseruatur. et ideo quia inter
1092 2071 1820 2117 solem et inter aliud corpus passum est corpus medium. et in
1095 2119 1810 2169 ter solem et aliud passum non est corpus operacum. ideo inten
1095 2156 1788 2217 sius lumen causatur in vno quam in alio. hoc non valet
1096 2209 1805 2257 quia quaero. qualiter illud lumen propinquum causat in virtute sol
1079 2252 1802 2308 aut quia non potest esse nisi a sole cosuante. aut quia non
1086 2290 1805 2345 potest agere nisi sole aliquam virtutem sibi immittente
1086 2337 1809 2395 aut quia non potest agere nisi sole sibi coagente. primum non
1086 2377 1781 2433 potest dici. quia tale actiuum equaliter agit in diuersa
1095 2429 1801 2478 passa equaliter approximata quamuis conseruanti illud
1092 2462 1787 2529 actiuum non equaliter approximentur. sicut patet de luna il
1080 2514 1811 2572 luminata a sole. quae equi illuminat diuersa diuersi
1080 2561 1789 2613 mode ipsi soli approximata. et patet de igne conser
1083 2605 1798 2648 uato inesse ab alio eque calefacit diuersa passa
1075 2649 1790 2708 eque disposita et equaliter approximata etc. vniversaliter numquam
