2257 3050
436 222 1129 293 potest repiri instantia. Nec potest dici secundum quia de il
420 269 1134 332 la virtute immissa est idem argumentum. quia illa non
422 313 1136 382 potest esse nisi principium actiuum naturale. si ponatur
420 356 1134 424 et per consequens approximata diuersis equaliter dispositis
419 404 1130 468 causabit eque intensos effectus. et stat primum a
428 445 1141 521 gumentum. Si detur tertium. habetur propositum quod sol
425 495 1140 550 immediate causat lumen in distante: quamuis secum ali¬
431 531 1137 599 quid quod non sit distans coagat. Nec valet proteruien
430 587 1135 643 do dicere quod sol bene agit in distans. sed mediate et
419 622 1145 687 non immediate. quia quando aliquid agit non immediate: sed
420 664 1136 727 tantum mediate illo circumscripto et omnibus aliis positum
429 714 1143 768 sequitur idem effectus. ergo circumscripto sole et omni lumi¬
431 762 1148 814 nem generato ab ipso per diuinam potentiam conseruato
423 805 1138 857 sequitur idem effectus. et tunc stat argumentum. quia tunc
419 846 1154 897 solum lumen propinquum est agens secundum opinionem illam
426 887 1147 958 et per consequens eque intensum lume causabit in omni parte per
426 938 1147 988 circuitum. et eadem ratione etiam nunc si sol non agit imme¬
441 972 1150 1033 diate ⁋ Per idem patet quod non potest dici quod sit ibi impe
432 1017 1157 1073 dimentum. quia inter vnum passum et solem est corpus me¬
429 1062 1154 1124 dium. non sic inter alium et solem. quia nunquam tale medium
432 1105 1156 1168 impedit nisi quando est medium inter passum et immediatu
431 1154 1152 1207 agens. et ideo si sol non sit agens immediatum: sed tantum me
432 1193 1156 1254 diatum. tale medium in nullo impedit actionem. nisi
435 1238 1162 1294 esset medium inter passum et illud lumen propinquum.
449 1279 1160 1346 quod praecise ponitur ab eis agens immediatum. ⁋ Ideo
449 1323 1162 1391 dico aliter ad quaestionem quod non ideo praecise deus est in omnibus
446 1376 1162 1428 per essentiam. quia est causa omnium. sic intelligendo quod sit consequentia
447 1418 1156 1471 rormalis hoc agit in hoc. ergo haec est in hoc. vel est praesens huic
446 1456 1161 1510 Ideo circa istam quaestionem. primo videndum est de di¬
449 1497 1167 1567 stinctione modorum quibus dicitur a sanctis: deus esse in di
437 1544 1162 1612 uersis rebus. Secundo quod deus quolibet illorum modorum
455 1587 1165 1653 est in rebus. Tertio an illud possit alicui alteri
443 1630 1170 1700 competere. Et ex hiis patebit ad quaestionem. ⁋ Circa
447 1685 1171 1743 primum dico quod sancti dicunt: sicut mgitr probat in littera quod
449 1724 1173 1784 deus est in omnibus rebus generaliter. sed in quabusdam est spe
457 1767 1174 1822 cialiter. Sunt autem isti modi. scilicet esse in per potentiam. pre
442 1806 1168 1865 sentiam. et essentiam. et esse in aliquo per potentiam non
455 1858 1168 1912 est aliud nisi illud habere subiectum sue potentie
445 1896 1180 1943 et isto modo potest etiam in corporalibus aliquod esse in ali
455 1940 1173 1998 quo per potentiam. a quo tamen localiter distat. sicut sol per
458 1980 1169 2043 potentiam dicitur esse in istis inferioribus. et rex in regno
456 2021 1187 2093 suo. et iste non est vsitatus modus loquendi apud
465 2069 1177 2134 philosophos maxime. ⁋ Aliquid autem dicitur praesens alicui per praesentiam
462 2112 1183 2169 dupliciter. Uno modo cognoscenti. quad scilicet est sufficienter
465 2152 1183 2218 praesens vt cognoscatur ab eo. et illo modo dicunt omnia qua
465 2214 1198 2258 sunt in deo esse praesentialiter. et econuerso. et isto modo potest
467 2242 1190 2305 aliquid quod est in alio per praesentiam distare localiter ab
465 2296 1177 2346 eo. Aliter dicitur aliquod esse in alio per praesentiam. quando vtrumque
465 2331 1177 2389 est et neutrum eorum distat ab alio localitur. et isto mo
472 2376 1189 2436 locus est in locato. et econuerso per praesentiam. quamuis non sic
468 2424 1181 2479 vtantur philosophi maxime de loco et locato. quia dicunt quod
474 2462 1187 2521 locatum est in loco et non econuerso. Propter quod scien¬
480 2515 1202 2564 dum quod quamuis esse in secundum quid nominis sui generale equa¬
475 2554 1184 2609 liter respiciat multa. et ita possit praedicari equaliter
481 2596 1210 2671 de multis. tamen talis modiis loquendi est vsitatus
1224 197 1942 271 frequenter circa aliqua et circa aliqua non. et sicut est in
1237 248 1947 316 proposito. Sed esse in aliquo per essentiam. est esse in ali
1241 292 1947 354 quo et non ab eo nec ab aliquo sibi intrinseco di¬
1229 334 1947 395 stare. quin sit vbicumque est ipsum. aut aliquid ipsius. et il¬
1229 379 1942 449 lo modo forma dicitur esse immateria per essentiam. quia vbicum
1244 424 1942 491 quod est materia vel pas materie. ibi est forma. non sic
1238 468 1951 528 locatum in loco.  Modus autem quo deus dicitur esse in ali
1235 513 1945 581 quo specialiter. vocatur esse in per gratiam. et hoc potest dupliciter in
1235 558 1949 617 telligi. Uno modo vt deus dicatur esse in aliquo per gra
1241 603 1945 658 tiam informantem. sicut accidens informat suum subiectum.
1248 644 1945 716 Aaliter per specialem acceptationem de quo dictum est prius
1248 691 1943 753 Alio etiam. modo magis specialiter dicitur deus esse in christo per
1247 734 1973 796 vnionem. ⁋ Circa secundum dico quod deus est in omnibus re
1245 775 1956 835 bus per potentiam. hoc non est aliud quam esse causam omnium rerum
1241 822 1956 880 et omnia habere in sua ptante. sed quod sit causa omnium non est modo
1247 865 1954 925 tractandum. Sed quod sit in omnibus rebus per praesentiam vtroque
1246 917 1954 969 modo patet. quod enim primo modo sit in omnibus rebus scilicet quod omnia
1247 952 1957 1021 sint sibi sufficienter praesentia. vt omnia perfecte et distin¬
1245 995 1957 1058 cte cognoscat. patet prius vbi habitum est quod deus omnia
1252 1053 1972 1100 alia a se intelligit. Quod etiam secundo modo sit in omnibus re¬
1260 1081 1957 1150 bus. patet quia omnis res vel nusquam est et nulli rei praesens.
1262 1135 1960 1188 vel est praesens illo modo alicui rei et alicui non. vel est ne
1263 1171 1969 1231 cessario praesens omni rei. Primum non potest dari. quia nul¬
1257 1215 1972 1278 la res est realiter existens quae nusquam est. et quae ab omni re distat
1266 1260 1972 1322 Nec potest dari secundum quia si alicui rei sit praesens et ali
1259 1306 1965 1368 cui non sit praesens. tunc quaero. aut est finitus ad illam rem. aut
1258 1358 1969 1411 non. si non. ergo potest esse praesens alteri rei. sed hoc est im¬
1265 1390 1969 1454 possibile. quia quando aliquid est praesens alicui rei. et potest esse
1265 1437 1973 1501 praesens alteri rei cui non est praesens. potest mutari de loco
1261 1485 1985 1539 ad locum. quod deo est impossibile. Si autem deus sit limi
1266 1524 1985 1593 tatus ad illam rem. hoc est inconueniens. quia non plus potest li¬
1272 1574 1984 1634 mitari ad vnam rem quam ad aliam. hoc est etiam derogare
1272 1610 1979 1672 multum perfectioni sue. Tertio dico quod deus est in omni
1261 1654 1990 1716 bus per essentiam. vel enim est in omni re per essentiam scilicet praesens
1269 1702 1993 1775 modo exposito. vel distat ab ea Non potest distare ab
1273 1747 1994 1804 omni re. ergo est in aliqua re per essentiam. et non plus in vna quam
1257 1797 1975 1851 in alia. ergo est in omni re per essentiam. De alio modo quo
1260 1830 1987 1890 dicitur deus esse in sanctis per gratiam potest patere ex dictis
1268 1873 1972 1946 prius. De modo quo deus est in christo per gratiam vnionis
1268 1919 1975 1989 patebit in tertio. ⁋ Circa tertium dico quod esse in
1265 1962 1974 2032 omnibus rebus creatis aliis a se per potentiam praesentiam et
1281 2009 1978 2070 essentiam potest competere alicui alteri a deo. aliquo
1272 2051 1985 2112 casu posito per diuinam potentiam. Sed quod adesse ali¬
1278 2092 1986 2157 cuius sequatur ipsum esse in omnibus rebus si sint. hoc est proprium
1277 2140 1990 2205 soli deo. Et sic intelligunt sancti. Sene enim sequi
1283 2186 1990 2240 tur. a est. ergo deus est in a per potentiam etc. sed hoc no
1279 2235 1988 2286 sequitur de aliquo alio a deo. ⁋ Ex praedictis re¬
1274 2271 2002 2345 spondeo ad. q. esse vbique et in omnibus rebus aliis ase
1289 2319 1995 2378 praedictis modis est soli deo proprium secundo modo sta¬
1286 2359 2009 2425 tim supra posito quia quamuis alicui creature possit
1287 2408 1985 2474 per diuinam potentiam competere esse in omni alia cre
1279 2447 2002 2517 atura praedictis modis primo modo statim posi¬
1282 2496 2003 2550 to. tamen esse in omni alia creatura praedietis modis
1284 2536 2000 2603 secundo modo exposito nulli creature competere potest
1290 2579 2002 2655 ⁋ Ad argumentum pro prima opinione dico quod in¬
