2323 3104
441 256 1152 358 posita que sunt posteriora naturaliter vt actus se
446 307 1166 402 cundi. Actus enim primus consideratus in isto instam
448 361 1162 440 ti in quo est: est prior naturaliter actu secundo. ita po
458 405 1149 483 nit illum in esse tanquam effectum suum contingenter. quo
461 439 1167 528 vt prior naturaliter posset eque ponere oppositum
453 483 1164 572 in esse ⁋ Iuxta praedicta dicitur de voluntate diuina
454 530 1178 621 primo que sit eius libertas. et dicitur quod voluntas
458 576 1174 664 diuina non est libera ad diuersos actus volendi et
464 615 1178 706 nolendi. sed propter illimitationem volitionis est libe
461 659 1188 750 ra ad opposita obiecta. et illa est prima. et praeter il
464 711 1176 796 lam est libertas ad oppositos effectus. et voluntas
475 747 1183 835 diuina est libera inquantum est operatiua: non inquantum
470 796 1184 885 est productiua sue volitionis. Secundo dicitur ad que
472 836 1190 928 est libertas volitionis diuine. et dicitur quod nihil
475 886 1184 971 aliud respicit necessario pro obiecto nisi suam
478 924 1190 1015 essentiam. et ideo ad quodlibet aliud se habet contingen¬
484 979 1197 1054 ter. ita quod potest esse oppositi. et hoc considerando
487 1014 1200 1097 ipsam vt est prior potentia naturaliter tendens in il
493 1063 1197 1151 lud obiectum. nec solum ipsa vt voluntas est prior na
496 1101 1204 1196 turaliter suo actu. sed inquantum etiam volens. quia sicut
503 1152 1200 1231 voluntas nostra vt prior naturaliter suo actu. ita
497 1190 1214 1279 elicit actum illum quod posset in eodem instanti elicere
497 1239 1215 1320 oppositum. ita voluntas diuina inquantum sola vo¬
491 1287 1204 1369 litione ipsa est prior naturaliter tendentia tali. ita
494 1319 1202 1407 enim tendit in illud obiectum contingenter quod in eodem
497 1361 1209 1452 instanti posset tendere in oppositum obiectum. et hoc
498 1408 1211 1500 tam potentia logica que est non repugnantia termi
500 1450 1221 1541 norum. sicut dixit prius de voluntate nostra. quam poten¬
503 1494 1218 1592 tia reali que prior est naturaliter suo actu. ⁋ Sed
511 1540 1223 1635 quo cum tali contingentia stat certitudo scientie diui
513 1587 1227 1673 ne ⁋ Dicitur quod hoc potest poni duplicitur. Uno mo¬
515 1628 1227 1717 do per hoc quod intellectus diuinus videns determina¬
517 1676 1223 1760 tionem voluntatis diuine videt illud in re pro a
520 1715 1225 1803 quia illa voluntas determinat pro a. scit eni¬
517 1762 1235 1844 illam voluntatem esse immutabilem et non impedibilem
524 1808 1238 1887 Aliter dicit posse poni. quia intellectus diuinus aut
523 1847 1247 1933 ostendit simplicia quorum vnio est contingens in re.
526 1891 1242 1972 aut si offert sibi complexionem. offert eam sicut sibi
534 1932 1247 2017 neutram. et voluntas eligens vnam partem scilicet coniunctio¬
539 1977 1241 2067 nem istorum pro aliquo nunc in re facit istud esse de
542 2023 1247 2107 terminate verum. hoc erit pro a. hoc autem ext
542 2066 1263 2151 stente determinate vero essentia est diuino in¬
547 2109 1260 2196 tellectui ratio intelligendi illud verum. et hoc na
544 2158 1255 2244 turaliter quantum est ex parte essentie. ita quod sicut na
548 2195 1266 2283 turaliter intelligit omnia principia necessaria quasi
558 2239 1262 2328 ante actum voluntatis diuine. quia eorum veritas non
557 2288 1259 2377 dependet ab illo actu. et essent intellecta si per im¬
557 2327 1271 2421 possibile non esset volens. et ita essentia diuina est
562 2377 1264 2462 ratio cognoscendi ea in illo priori. quia tunc sunt vera
561 2415 1271 2504 non quidem quod ista vera moueant intellectum diuinum.
560 2465 1269 2551 nec etiam termini eorum ad apprehendendum talen
569 2504 1272 2586 veritatem. sed essentia diuina est ratio cognoscendi sicut
567 2544 1286 2633 simplicia: ita etiam complexa talia. tunc autem non sunt
583 2591 1277 2672 vera contingentia. quia est tunc per quod habeant verita
571 2633 1301 2727 tem determinatam. Posita aut determinatio est vo¬
1250 202 1967 292 luntatis diuine iam sunt vera. et in illo secundo instanti erit
1271 266 1970 337 essentia ratio cognoscendi ea. Exemplum ponitur tale.
1270 301 1979 384 sicut si in potentia mea visiua semper stans vnus actus sit
1276 347 1972 431 ratio videndi obiectum si ab alio praesente nunc sit iste co
1268 384 1976 481 lor praesens nunc ille: oculus meus videbit nunc hoc. nunc
1283 432 1983 520 llud. et tamen per eandem visionem. tamtummodo erit diferentia im pori
1283 477 1988 569 tate et imposterioritate videndi propter obiectum prius
1270 527 1985 615 vel posterius praesentatum. et si vnus color fieret natu
1276 564 1983 649 raliter praesens. et alius libere non esset diferentia formaliter in vi¬
1280 608 1991 699 sione mea. quin ex parte sua oculus naturaliter vide
1274 650 1988 737 ret vtrumque. tamen contingenter videt vnum et mecessa¬
1286 691 1997 786 rio aliud. inquantum vnum fit praesens contingenter et aliud
1286 743 1991 828 necessario. Utroque illorum modorum poneretur intel¬
1290 788 2000 876 lectum diuinum cognoscere existentiam rerum patet secundum
1283 831 1995 916 vtrumque quod est determinatio intellectus diuini ad il¬
1294 877 2004 961 lud existens ad quod terminatur voluntas diuina et
1289 918 1994 1003 certitudo infallibilitatis. quia non potest voluntas
1294 963 2005 1052 determinari quin intellectus determinate apprehen¬
1301 1001 2009 1093 dat illud quod voluntas determinat et immutabiliter
1300 1049 2008 1142 qui tam intellectus quam voluntas sunt immutabiles. et cum
1300 1093 2000 1179 istis stat contigentia obiecti cogniti. quia voluntas
1309 1140 2006 1235 volens hoc determinate contingenter vult hoc
1330 1180 2012 1265 ⁋ Contra istam opinionem potest argui. primo conclusio hoc
1306 1224 2015 1318 quod dicitur quod secundam libertatem voluntatis consequi
1310 1268 2018 1357 tur vna potentia ad opposita non manifesta. quae est
1307 1313 2017 1399 ad opposita obiecta sine successione. hoc enim
1326 1358 2027 1446 non videtur verum. cuius ratio est. quia illa potentia quae per nul
1312 1403 2023 1491 lam potentiam etiam infinitam potest reduci ad actu. non est
1321 1443 2029 1538 potentia. sed per nullam potentiam potest ista potentia non
1324 1486 2036 1575 manifesta reduci ad actum. quia si reducatur ergo volun¬
1322 1534 2036 1618 tas vult aliquid pro a. et non vult illud pro a. et ita
1333 1575 2039 1667 sunt manifesta conrdictoria simul vera. Si dicatur
1330 1623 2054 1715 quod si reducitur ad actum. iam non est hec vera. voluntas
1336 1666 2039 1759 non vult hoc pro a. nec etiam iam ista voluntas vult hoc pro¬
1344 1709 2055 1795 a. quia eoipso quod voluntas non vult hoc pro a. sequitur quod
1345 1765 2046 1840 hoc non est vera voluntas vult hoc pro a. ⁋ Contra hoc est
1337 1796 2053 1886 communitur concessum a philosophis et theologis quod deus non
1345 1839 2045 1935 potest facere de praeterito non praeteritum quando sit post: ve
1355 1883 2057 1971 rum dicere quod fuit praeteritum. ergo cum per positum hoc sit deter
1344 1927 2060 2017 minate va voluntas vult hoc pro a. et per consequens hoc semper
1357 1976 2060 2058 erit postea vera. et numquam hec fuit vera. voluntas non
1364 2017 2064 2107 vult hoc pro a. ergo post a hoc semper fuit impossibilis. volun
1362 2060 2066 2149 tas non voluit hoc pro a. et vltra. ergo modo postea est verum
1357 2108 2066 2197 quod hoc numquam potuit esse vera in illo instanti in quo sua op
1362 2154 2055 2242 posita fuit vera. quia propositio vera fit impossibilis frequ
1367 2193 2074 2278 ter. ⁋ Si dicatur quod illa potentia potest reduci ad
1365 2236 2076 2320 actum. quia potest cessare hoc pro a. ⁋ Respondeo. hoc non
1365 2281 2078 2367 valet. quia ista potentia ad opposita est manifesta
1361 2332 2087 2416 et cum successione. Nam in vno instanti hec est vera.
1376 2367 2081 2454 voluntas hoc vult pro a. et in instanti haoc est vera. voluntas non
1377 2412 2089 2499 vult hoc pro a. sed quod in eodem instanti sint ambe vere
1382 2457 2084 2558 per quancumque potentiam est simpliciter impossibile. sicut impos¬
1379 2498 2078 2589 sibile est quod hoc sit primo vera. voluntas creata vult hoc
1378 2542 2093 2641 pro a. et quod postea sit haec vera. voluntas numquam voluit hoc
1378 2590 2091 2687 proa et ita in cteaturism vniversaliter verum quod numquam est potentia
