2276 3081
294 238 1005 309 ad opposita obiecta sine successione non magis
299 288 1008 354 quam ad oppositos actus: immo per idem argumentum pro¬
294 332 999 397 bari potest potentia ad oppositos actus voluntatis
289 382 1008 438 create sine successione et ad opposita obiecta.
301 416 996 484 Nec ratio sua concludit. quia concedendum est quod voluntas
277 464 996 523 quando causat contingenter causat. sed ista potest habere
277 493 996 575 duas causans veritatis. Uel quia possibile est quod in
281 556 995 613 eodem instanti sit verum dicere quod non causat et hoc est
273 594 998 650 impossibile. quia posito quod in aliquo instanti sit causans
270 635 999 705 impossibile est quod in eodem instanti sit non causans. Uh
270 681 989 749 dicitur causare contigetur. quia libere sine omni variatione adue¬
273 728 981 797 niente sibi vel alteri. et non per cessationem alterius
267 778 983 830 causae potest cessare ab actu in alio instanti. ita quod in
271 818 999 885 alio instanti sit non causans. non quod in eodem instan¬
268 864 977 927 ti sit non causans. et i sto modo voluntas causat contin
259 911 981 966 genter. Non sic autem est causa naturalis. quia causa naturaliter
256 957 980 1014 agens semper agit nisi ipsa mutetur vel aliqua noui
263 993 988 1061 tas fiat circa ipsam. vel quia aliqua causa cessat causare. vel
258 1036 979 1104 per aliquem alium modum sine quo omni potest voluntas
259 1083 983 1153 sola sua libertate cessare ab actu. ⁋ Ad for¬
257 1128 981 1197 mam ergo argumenti dico quod in illo instanti in quo causat
255 1173 984 1228 contingenter causat. nec tunc necessario causat. sed ex
250 1206 972 1282 hoc non sequitur quod hac potentia causae ad oppositum sit ad
258 1260 978 1326 non causare et ad eius oppositum sine successione. quia in¬
246 1308 969 1369 possibile est quod per quamcumque potentiam reducatur ad a¬
261 1347 970 1405 ctum sine successione. sed est potentia ad eius opposi¬
252 1394 971 1456 tum quae potentia potest reduci ad actum per successio¬
252 1434 968 1502 nem notn illo modo quo praecise potentia causae natura
252 1474 973 1535 lis ad non causandum potest reduci ad actum. Nam ac
256 1523 974 1579 cipio calorem calefacientem lignum. iste calor potest non
249 1568 968 1623 calefacere. et haoc potentia paet reduci ad actum vel
253 1606 957 1671 per destructionem caloris agentis vel per amotionem
250 1658 968 1719 passi. vel per impedimentum interpositum vel per substra
256 1702 960 1759 ctionem causae conagentis. puta quia deus non vult sibi
256 1744 960 1799 coagere vel per perfectionem termini productiui. quia
243 1779 950 1846 scilicet ita perfectus calor est productus quod ab isto calore no
247 1834 954 1891 potest produci perfectior. Preter istos modos adhuc
235 1875 946 1932 est vnus: modus quo potest voluntas creata cessare
244 1920 950 1976 ab actu causandi. scilicet se sola quantumcumque nullum prae¬
234 1955 947 2026 dictorum desit. sed omnia sint posita. et hoc est. et non aliud
247 2012 951 2073 voluntatem contingenter causare. ⁋ Ex isto patet quod non
229 2040 938 2116 est conuenienter dictum quod voluntas diuina vt prio
235 2098 938 2157 naturaliter ita ponit suumeffectum in esse in a quod potest
234 2142 950 2195 cum non ponere in esse in eodem instanti. quia non sunt
230 2184 942 2248 talia instantia nature. sicut iste ymaginatur. nec est in
240 2218 949 2279 primo instanti nature talis indifferentia ad ponen¬
235 2275 940 2328 dum. sed si in aliquo instanti ponit effectum suum in esse. in¬
229 2310 936 2377 possibile est per quancumque potentiam quod sit illud instans
243 2358 939 2417 et quod in illo non sit. sicut est impossibile quod per quamcumque poten¬
234 2405 942 2465 tiam contradictoria sint simul vera. Ideo dico quod vniversaliter num
235 2439 939 2509 quam est potentia illa quod opposita verificentur sine sud
247 2495 941 2550 cessione. immo impossibile est quod deus respiceret obie
235 2538 936 2602 ctum et non respiceret illud nisi esset aliqua successio
234 2571 940 2641 saltem in actu vel coexisteret. et tunc foret in alio
235 2621 944 2706 quocunque mutatio ⁋ Pretere conclusio illud quod dicit
1110 241 1817 320 de determinatione voluntatis diuine potest argui pri
1110 312 1809 367 modo quod conclusio principalis non sit vera. quia quando aliquid
1099 351 1820 407 determinatur contingenter ita quod possibile est quod num
1104 390 1808 453 quam fuisset determinatum per talem determinationem. no
1104 445 1806 508 potest haberi euidentia certa et infallibilis sed volun
1101 487 1806 548 tas diuina ita determinatur quod adhuc possibile
1102 522 1808 592 est numquam fuisse eam determinatam. ergo euidentia cer¬
1095 570 1811 628 ta et infallibilis non potest haberi per talem determi¬
1086 615 1799 670 nationem. ex quo simplicitur potest numquam fuisse. et ita
1105 668 1799 724 videtur quod determiuatio voluntatis diuine si esset
1089 701 1796 757 parum faceret ⁋ Preterea quantumcumque posset saluari
1086 753 1797 813 certitudo scientie per determinationem voluntatis re
1087 790 1805 857 spectu omnium effectuum productorum a voluntate. et etiam
1086 835 1808 902 respectu omnium effectuum causarum naturalium. quibus vo¬
1087 877 1798 944 luntas diuina coagit. et tamen non videtur quod certitu¬
1084 921 1790 992 do actuum futurorum ipsius voluntatis create possit
1083 971 1795 1036 per praedictam determinationem saluari. quia si respectu
1074 1021 1797 1072 omnium est voluntas diuina determinata. quaero. Aut
1073 1053 1798 1111 illam determinationem necessario sequitur determi¬
1077 1107 1796 1158 natio vel productio voluntatis create. vel non. Si
1072 1144 1784 1207 sic. ergo ita naturaliter agit voluntas creata sicut quaecum
1074 1188 1793 1250 que causa naturalis. quia sicut voluntate diuina existente deter
1074 1237 1782 1289 minata ad vnum oppositorum. non est ptante causae natu
1077 1277 1781 1334 ralis cuiuscumque non coagere. et etiam ipsa non dei
1068 1326 1791 1376 minata non coagit causa naturalis. ita voluntate di¬
1068 1366 1789 1418 uina existente determinata. voluntans creata coage¬
1072 1415 1776 1479 ret nec haberet in ptante sua non coagere. et per
1067 1447 1778 1519 consequens nullus actus voluntatis create esset ibi imputan¬
1072 1502 1775 1562 dus. Si autem determinationem voluntatis diuine
1065 1548 1776 1609 non necessario sequitur determinatio voluntatis crea
1060 1593 1784 1655 te. ergo ad sciendum vtrum effectus poneretur vel non pone
1068 1632 1773 1701 retur non sufficit determinatio voluntatis diuine.
1060 1669 1773 1740 ⁋ Preterea quantumcumque voluntas creata sit determina¬
1056 1721 1772 1780 ta ad alteram partem. et quantumcumque intellectus videat il¬
1057 1755 1778 1827 lam determinationem. quia tamen voluntas nostra potest ab il¬
1062 1803 1772 1872 la determinatione cessare et non determinari. intelle¬
1059 1854 1775 1915 ctus non habet certam notitiam de illa parte. ergo visio de
1062 1892 1775 1956 terminationis voluntatis quae voluntas potest non deter¬
1065 1942 1760 1999 minari ad illam partem non sufficit ad notitiam certam
1060 1978 1757 2045 illius partis. ⁋ Preterea quod dicit quod in primo instanti
1054 2029 1770 2088 tellectus diuinus offert simplicia. et post voluntas
1053 2070 1760 2134 diuina eligit vnam partem. et post haec intellectus euidenter
1041 2112 1763 2183 cognoscit illam parte. Illud non videtur esse verum. quia non est
1044 2161 1759 2218 talis processus nec talis proprietas nec talis contradictio in
1052 2202 1763 2275 deo. quod intellectus diuinus pro aliquo instanti non cogno¬
1050 2242 1761 2318 scat futura contigentia euidentur. et pro aliquo cogno¬
1040 2291 1751 2353 scat. hoc emneet imperfectionis ponere quod intellectus
1050 2330 1759 2400 diuinus quamcumque perfectionem reciperet ab alio. ⁋ Ideo
1041 2371 1747 2447 dico ad . q. quod indubitantur est tenedum quod deus certitu
1038 2424 1748 2490 dinaliter et euidenter scitomnia futura contingentia. sed hoc
1048 2469 1744 2537 euidentur declarare. et modum quo scit omnia futura
1048 2507 1755 2582 contigentia exprimere est impossibile omni intellectui pro¬
1031 2552 1766 2628 statu isto. Et dico quod philosophus diceret quod deus non scit
1041 2606 1752 2667 euidentur et certitudinaliter aliqua futura contigentia. et
1038 2638 1758 2721 hoc propter istam rationem. quia illud quod non est in se verum
