2248 3087
471 242 1175 313 non potest sciri pro illo tempore quo non est in se verum. sed fu
462 304 1177 359 turum contingens dependens simpliciter a poten¬
469 350 1178 400 tia libera non est in se verum quia non potest secundum eum
468 392 1174 450 assignari ratio quare plus vna pars est vera quam alia. et ita vel
471 437 1174 488 vtraque pars est vra vel neutra et non est possibile quod vtra
472 481 1180 535 que pars sit vera. et per consequens neutra scitur. Ista ratio non con¬
465 528 1171 572 cludit secundum viam philosophi. nisi de hiis quae sunt in ptante vo
459 563 1178 615 luntatis. in hiis autem quae non sunt in ptante voluntatis. sed de
462 611 1184 664 pedent simpliciter a causis naturalibus non concludit
469 653 1175 704 sicut quod sol orietur. et sic de aliis. et hoc est causa naturalis de
469 698 1172 746 terminatur ad vnam partem. nec possunt omnes causae natura
468 745 1178 793 les impediri nisi per causam liberam. per quam tamen possunt impe¬
465 785 1174 835 diri respectu vnius effectus determiati. licet non respe
460 829 1186 891 ctu cuiuslibet ⁋ Ista tamen ratione non obstante tenendum
469 875 1183 926 est quod deus euidenter cognoscit omnia futura contigentia.
465 920 1175 978 sed modum exprimere nescio Potest tamen dici quod ipse deus
471 965 1180 1015 vel diuina esentia est vna cognitio intuitiua tam sui
456 1009 1162 1062 ipsius quam omnium aliorum factibilium et infactibilium. tam per
456 1062 1177 1111 fecta et tam clara quod ipsa etiam est notitia omnium praeteri¬
459 1099 1174 1150 torum futurorum et praesentium ita quod sicut ex notitia intuiti¬
469 1139 1169 1190 ua intellectiua nostra extremorum potest intellectus noster eui
459 1187 1174 1244 denter cognoscere aliquas propositiones contingentes. ita
454 1227 1169 1277 ipsa diuinasesentia est quadam cognitio et notitia qua
465 1277 1168 1325 non tantum scitur verum necessarium et contingens de poassunti
459 1318 1162 1363 sed etiam scitur quae pars contradictionis erit vera et quae erit falsa
453 1359 1169 1408 et hoc forte non est propter determinationem sue volunta
466 1405 1162 1453 tis. sed etiam posito per impossibile quod ipsa diuina co
466 1447 1169 1506 gnitione exnte ita perfecta sicut modo est. non esset causa ef¬
453 1491 1172 1549 fectiua nec totalis nec partialis effectuum contingentium
461 1532 1172 1588 adhuc esset notitia qua euidenter sciretur a deo quae pars contra¬
459 1579 1163 1637 dictionis erit falsa et quae erit vera. et hoc non esset quia futu
457 1624 1169 1678 ra contingentia essent sibi praesentia. nec per ideas tam
452 1667 1165 1719 quam per rationes cognoscendi. sed per ipsammet diuinam et
460 1712 1178 1764 sentiam vel diuinam cognitione quae est notitia qua scitur
463 1756 1169 1817 quid est falsum et quid est verum. et quid fuit verum. et quid fuit
465 1799 1160 1843 falsum. et quid erit falsum. et quid erit verum. ⁋ Ista co
453 1840 1163 1903 clusio quamuis per rationem naturalem nobis possibilem et
460 1886 1169 1939 a priori probari non possit. tamen per autoritates biblie
459 1928 1171 1975 et sanctorum de sunt satis note potest probari. sed transeo
457 1970 1163 2024 de eis adpus. Ueruntamen pro aliquibus artistis est scien
460 2018 1162 2066 dum. quod quantumcumque deus sciat de omnibus futuris contin¬
456 2055 1169 2119 gentibus quae pars erit vera et quae falsa. tamen haec non est necessa¬
463 2105 1172 2166 ria. deus scit quod hoc pars erit vera. immo est contingens intantum
453 2151 1153 2197 quod quantumcumque hoc sit vera. deus scit quod hoec pars contradictioni¬
459 2198 1163 2248 erit vera. tamen possibile est quod hoc numquam fuit vera. et in isto
465 2241 1159 2297 casu potentia est ad oppositum illius sine omni success
465 2285 1172 2339 one quia possibile est quod numquam fuerit vera. Sed sic non est
456 2332 1165 2382 de voluntate creata. quia postquam voluntas creata
454 2367 1156 2424 aliquem actum habuerit. non est possibile quod
454 2412 1156 2465 postea verum sit dicere quod numquam habuit talem actu
465 2461 1162 2516 De propositionibus de possibili dico quod sicut alii dicunt quod
450 2499 1159 2548 ista propositio et consimiles diuinam voluntatem volentem a fo
453 2546 1168 2598 re possibile est velle non fore a. est distinguenda secundum
454 2589 1160 2644 compositionem et diuisionem. In sensu composito de
465 2638 1166 2704 notatur quod hoc sit possibilis. deus volens a fore non vult
1278 238 1991 304 a fore et hoc est impossibile quia includit contradictionem. In
1281 303 2000 361 sensu diuisionis denotatur quod deus volens a fore potest
1278 347 1994 401 non velle a fore et hoc est verum. Et si dicatur ponatur i
1282 386 1990 448 esse et non accidet impossibile. et per consequens ille stant simul
1281 434 1999 483 deus vult a fore. et deus non vult a fore. dico quod po¬
1278 473 2000 540 sito illo possibili in esse non sequitur impossibile sed non debet
1272 520 1990 581 sic poni in esse. deus volens a fore non vult a fore. sed debet
1274 567 1987 624 sic poni in esse. deus non vulta fore. et isto posito in
1281 613 1988 664 esse nullum sequitur impossibile. quia non sequitur nisi ista. deus
1282 660 1988 712 numquam voluit a fore. et ista non est impossibilis sed contin
1281 699 1991 752 gens. sicut sua contradictoria semper fuit contingens. scilicet deus
1275 737 1984 806 vult a fore. ⁋ Per praedcam potest responderi ad. q. quod deus
1275 788 1987 838 habet scientiam detmiatam de futuris contingentibus
1279 838 1988 885 qui determinate scit quod quae pars contradictionis erit vera et
1272 878 1985 932 quae falsa. sed habere scientiam de futuris contingentibus
1275 917 1981 970 duplicitur potest intelligi. Uel quia scientia illa quae sciuntur il
1272 959 1987 1011 la futura contingentia sit necessaria. Uel quod illa
1273 1007 1991 1062 scientia necessario sciatur. Primo modo dico quod deus de
1269 1050 1991 1101 futuris contingentibus habet scientiam necessariam. quia in
1279 1092 1991 1144 deo est vnica cognitio quae est complexorum et incomple¬
1273 1142 1979 1200 xorum. necessariorum et contingentium.et vniversaliter omnium yma
1269 1186 1982 1240 ginabilium. et illa scientia est ipsa diuina essentia que
1275 1230 1988 1279 est necessaria et immutabilis. Secundo modo sic intelli¬
1272 1270 1994 1331 gendo deum habere scientiam necessariam de futuris
1263 1317 1987 1369 contingentibus. quod deus necessario sciat hoc futurum com
1278 1365 1987 1418 tinges. sic non est concedendum quod habeat scientiam ne¬
1273 1404 1997 1454 cessariam. quia sicut ipsum contingent erit ita deus scit ips¬
1276 1447 1988 1501 sum contingenter fore. ⁋ Ad primum principale potest
1269 1494 2005 1545 dici quod altera pars contradictionis est determinate vera ita
1279 1540 1981 1589 quod non est falsa. est tamen contingenter vera. et ita est vera quod potest
1279 1579 1979 1642 esse falsa. et potest numquam fuisse vera. ⁋ Et si dicatur quod pro
1272 1625 1982 1684 positio de praesenti semel vera habet aliquam propo¬
1276 1672 1992 1723 nem de praeterito necessariam. sicut si hec sit semel
1272 1716 1985 1767 vera sortes sedet. hec erit postea semper necessaria
1275 1756 1982 1810 sortes sedit. ergo si hec sit modo vera. a est verum. sit a
1263 1803 1981 1856 talis propositio contingens. hec semper erit vera et necessa
1267 1847 1984 1894 ria. a fuit verum. Dicendum quod quando aliqua talis propositio
1257 1888 1990 1940 de praesenti equiualet propositioni de futuro. vel depedet
1266 1940 1984 1988 a veritate: alicuius futuri. non oportet quod propositioni vere
1263 1978 1975 2024 de praesenti correspondeat necessaria de praeterito. est
1263 2023 1975 2073 ita est in proposito. ⁋ Ad secundum patet quod non sequitur. deus
1269 2063 1976 2116 habet scientiam necessariam de a. nisi secundo modo acc
1276 2114 1986 2161 piendo habere scientiam necessariam. ergo deus necessa
1273 2156 1975 2199 rio scit a. sed accipiendo primo modo habere scien
1270 2201 1970 2246 tiam necessariam. consequentia non valet. ⁋ Ad argumentum
1268 2241 1988 2311 oppositum patet per praedcam. Dist. xxxix. Questio vnica
1580 2285 1972 2385 Irca distin¬
1597 2375 1973 2430 ctione tricesimam nonam quae
1580 2414 1982 2476 ro. ⁋ Utrum deus possit sci
1590 2459 1976 2517 re plura quam scit. ⁋ Quod sicut vi¬
1593 2504 1972 2562 detur. quia potest scire ali¬
1562 2553 1980 2610 e.quid quod nesciti. ergo potest scire
1263 2595 1975 2653 plura quam scit. Atecens patet. quia modo nescit istam. ego
1252 2638 1982 2707 sum ratiome. et istam potest scire. quia illa potest esse vera.
