2273 3051
412 205 1133 281 creature sicut ipse arguit. arguo ego. ⁋ Nam cau¬
406 257 1133 320 sa agens prima sine qua non potest effectus produci in
421 301 1139 353 quocumque instanti comparatur effectui. in illo instanti
423 351 1136 405 agit. ergo cum causa prima prius comparetur effectui quam causa se¬
421 390 1134 446 cuda. et tunc causatur. ergo in illo instanti producit totum
423 430 1142 491 effectum. ergo in secundo instanti in quo comparatur causa secunda
427 473 1132 537 ad effectum nihil intelligitur tunc causandum. ergo cau
429 524 1127 574 sa secunda nihil causat. ⁋ Si dicatur quod argumentum
430 567 1130 625 non valet de causa prima libere causante. quia illa potest
417 613 1135 668 causare quando placet sibi. sed bene valet de causa neccessario
428 652 1133 708 causante. quia illa causa in quocumque instanti compratur
428 698 1132 756 ad effectum neccessario causat. ⁋ Istua non sufficit. quid
426 747 1145 795 accipiendo causam primam sine qua secunda non potest
430 794 1139 839 talem effectum producere. Et tunc quaero. aut causa prima
436 829 1130 893 prius compatur ad illum effectum. aut non. si sic. ergo tun
431 874 1150 926 causat effectum. ergo tunc nihil remanet causandum.
429 916 1146 976 Si non prius: sed in eodem instanti compatur ad effectum
436 964 1139 1019 in quo causa secunda compratur ad effectum. et ita non plus
438 1016 1141 1062 repugnat duabus causis naturalibus operari in eo
432 1046 1145 1100 de instanti ad effectum. quam duabus causis: quarum
439 1100 1154 1147 vna sit libera: et alia naturalis. ergo non obstante pri¬
432 1131 1144 1193 mitate causae poterit deus concurrere et causare eun¬
432 1179 1141 1239 dem effectum cum causa secunda: etiam si deus esset causa natu
432 1225 1149 1281 ralis. Unde videtur quod eadem ratio concludat quod nulla causa
430 1267 1150 1320 naturalis prior potest concurrere cum causa secunda. ad pro¬
433 1314 1148 1370 ducendum aliquem effectum. Nam accipio causam priorem
435 1355 1148 1413 quancunque et causam secundam subordinatam. et quaero
429 1398 1154 1459 aut illa causa prior prius compatur ad effectum quam secunda
437 1440 1160 1501 causa. aut non. Si sic. ergo in primo instanti causat causa pri¬
442 1491 1151 1544 or. et certum est quod non causat parten effectus. quia non est ma¬
442 1533 1147 1594 ior ratio quare causat vnam partem quam aliam. et similiter frequenter es
448 1582 1151 1630 fectus est indiuisibilis non habens partes. ergo in primo
436 1618 1160 1672 instanti causat totum effectum. ergo in secundo instanti ni
441 1661 1166 1716 hil remanet causandum. et per consequens numquam causa secunda
436 1711 1157 1773 agit cum causa prima. et ita illa ratio destruit ordinem essen
450 1751 1159 1802 tialem causarum. Si autem illa causa prima non prius compatur
446 1793 1159 1855 ad effectum quam causa secunda. eadem ratione: nec causa simpliciter
441 1840 1169 1900 pria compatur prius ad effectum quam causa secunda. Et ita
452 1881 1164 1939 propter talem prioritatem non oportet deum negare esse causam in¬
448 1928 1162 1974 mediatam omnium. ⁋ Ideo quantum ad istum articulum di¬
456 1970 1153 2023 co. quod non potest naturali ratione demonstrari quod deus potest
453 2009 1159 2069 immediate se solo omnem effectum producibile produce
447 2063 1163 2108 re. quia non potest naturali ratione demonstrari quod deus causat
446 2099 1168 2155 se solo omnia de facto. cum illud sit fclatum. et ab omnibus tam
462 2148 1162 2204 hilosophis. quam sctis negatum: cum omnes ponant aliquas esse
456 2190 1162 2246 causas secundas. Nec potest etiam probari quod deus contingen¬
456 2232 1157 2286 ter et libere agit vel causat illa quae causat. Et ex
457 2276 1175 2334 istis sequitur quod non potest ostendi ratione naturali deum pos
460 2328 1163 2377 se omnia immediate et se causa solo sine omni concausante
463 2364 1162 2417 causare. hoc patet. quia omne agens naturale et sufficiens
456 2405 1175 2459 equaliter respiciens multa. vel neccessario producit quodli¬
465 2451 1160 2507 bet illorum. vel nullum. ergo si deus sit ages sufficiens et
462 2496 1168 2551 naturaliter causans equaliter respiciens producibilia
460 2539 1173 2595 vel neccessario causabit omnia vel nullum istorum. sed non omnia
464 2583 1169 2658 manifestum est. ergo nulla. Si dicatur quod deus non equalui
1245 199 1940 257 ter respicit ista producibilia et ista. quia illa prodi
1233 250 1945 303 cit mediantibus causis secundis. et illa: non. hoc
1236 288 1949 349 non valet. qui si deus potest se solo producere: ista quae pro
1242 346 1945 388 ducit mediantibus causis secundis. non requirit
1240 380 1945 444 istas causas secundas ad producendum. ergo quantum ad hoc equa
1246 419 1954 476 liter respicit ista et alia eiusdem rationis. quae non produ¬
1245 474 1949 522 cit mediantibus causis secundis. ergo equalit produ¬
1239 511 1953 566 cet ea vel non producet. immo ex isto sequitur quod deus
1248 557 1942 608 necessario producet omnia eiusdem rationis producibi
1242 593 1959 652 lia. vel nulla consequentia patet. quia causa naturalis et suffici
1240 641 1945 695 ens non requirens aliquod aliud ad effectum suum. vl
1244 685 1963 749 producit omnia eiusdem rationis vel nullum. quia non est maior
1246 727 1955 782 ratio quare plus producat vnum quam aliud eiusdem ratio¬
1252 783 1954 833 nis. cum inter illa nullus sitordo. ergo si deus sit causa na
1246 819 1948 876 turalis non est maior ratio quare plus producat istud
1246 870 1952 919 indiuiduum istius specieispanlissime quam illud Et ita
1249 907 1952 966 vel producit quodlibet velinullum. ⁋ Dico ergo quod nul¬
1252 946 1955 1007 lo modo stant simul. quod deus sit causa naturalis. et tamen quod pos¬
1248 996 1958 1046 sit se solo sine omni alia causa concausante omnem ef
1249 1040 1955 1091 fectu producere. et ita cum non possit ratione natura
1259 1084 1970 1138 li probari quod deus sit causa contingens. non potest ratione na
1251 1133 1956 1181 turali probari quod deus potest causare immediate et se solo
1252 1168 1963 1225 omnem effectum producibilem. ⁋ Et ideo dico quod philosophi non
1250 1216 1974 1275 posuerunt causam secundam necessario concurrere pro¬
1255 1259 1970 1321 pter imperfectionem effectus addendam: cum sed mul¬
1252 1306 1963 1356 tos eorum ipse sit causa effectus imperfecti. Sed posu
1260 1355 1975 1404 erunt causam secundam concurrere propoter hoc. quod viderunt
1253 1387 1969 1450 quod causa secunda approximata sequitur effectus et ipsa
1260 1431 1978 1485 non approximata non sequitur effectus quam rationem
1260 1477 1978 1538 tangit philosophus ii de generatione ad probandum so¬
1258 1517 1970 1580 lem esse causam istorum inferiorum ⁋ Posuerunt etiam propter hoc
1266 1565 1964 1627 quod cum deus secundum eos sit causa naturalis. si posset ali¬
1257 1614 1963 1669 quem talem effectum producere sine causa concausan
1264 1656 1967 1711 te. sequitur quod ante approximationem causa secunde produce¬
1260 1708 1963 1752 retur effectus proptet pexistentiam causae sufficientis. cuius
1260 1744 1967 1803 oppositum viderunt ad sensum. Nec etiam negaue¬
1261 1787 1970 1838 runt eum sic esse causam omnium propter illam prioritatem causae pri
1257 1832 1963 1877 me ad secundam causam. quia illa probaret quod nullus esset
1258 1867 1982 1922 ordo essentialis causarum respectu eiusdem effectus
1260 1918 1967 1975 producti immediate ad vtramque illarum causarum. quod re¬
1266 1961 1963 2016 puto falsum simpliciter Unde non est ymaginandum quod causa
1276 2006 1978 2056 primum in aliquo instanti competur ad effectum. et in secundo in
1264 2052 1975 2106 stanti competur causa secunda ad eundem effectum. sed in eodem in
1270 2094 1967 2154 stanti totaliter coperantur ad eundem effectum. ⁋ Et si di¬
1264 2142 1964 2193 catur quod causa prior prius agit. ergo in illo priori non agit cau
1273 2179 1965 2235 sa secunda. Dicendum est quod dicedo causa prior prius agit si¬
1270 2223 1978 2284 telligitur quod in aliquo instanti agat causa prima in quo non
1261 2269 1972 2328 agat causa secunda. simpliciter falsum est. quia in eodem instanti omni
1264 2320 1979 2370 non agunt. Si autem intelligatur quod causa prior est principali¬
1270 2359 1969 2412 or et illimitabilior et perfectior. sic potest concedi quam
1263 2400 1977 2463 uis forte non de virtute sermonis. sed hoc nihil est ad
1269 2441 1979 2506 propositum. Et si dicatur quod saltem in aliquo priori agit
1271 2488 1982 2545 causa prima in quo non agit causa secunda. Dicendu quod non potest
1275 2526 1978 2591 propie concedi. quia nihil est ibi prius nisi causa. et ideo oret quod
1272 2572 1981 2657 ippriori correspondeat hoc substantiuum causa. et sic tunc
