2286 3066
444 233 1151 304 agit nisim praesentia ignis Ex illo sequuntur aliqua
440 288 1156 347 Unum est quod causa vniversalis qua amota non fiut effectus est
447 337 1154 399 causa ita immediata sicut causa particularis. et ideo quia sole
444 380 1157 438 absente non producuntur ista generabilia et corrupti
454 420 1155 480 bilia. quae tamen producuntur mediantibus causis particulari
447 462 1161 521 bus. et ideo sol est causa immediata eorum. nisi forte fin¬
458 506 1159 584 gas quod sol est causa alicuius quod est causa immediata eorum. sed
455 546 1173 621 semper quod sol alicuius est causa immediata. scilicet vel effectus vel
456 590 1156 658 causae ipsius effectus. et hoc sufficit ad propositum ⁋ Alid
455 647 1159 701 sequitur quod quando amota caus vniversali vel particulari non poni
457 694 1174 753 tur effectus. quod tunc neutra illarum est causa totalis sed tantum
458 724 1171 798 partialis quia neutra illarum ex quo se sola non potest
455 769 1167 843 producere effectum est causa efficiens. et per consequens neutra est
459 815 1162 875 causa totalis. ⁋ Aliud sequitur quod omnis causa proprie dicta est
461 859 1173 919 causa immediata. quia illa causa qua amota vel posita ni
460 913 1172 972 hilominus ex natura rei sequitur effectus. et qua posita
469 949 1172 1006 aliis circumscriptis non sequitur effectus. non potest conui
471 992 1170 1053 ci esse causa. sed huiusmodi est omnis alia causa a causa immediata. sicut
475 1042 1181 1091 patet inductiue. ergo. ⁋ Se conclusio illud potest obiici. quia quic¬
469 1076 1166 1142 quid est causa causae est causa cati. et tamen causa causae non est causa immedia
474 1126 1175 1182 ta. ergo est proprie causa. quamuis non sit causa immediata ⁋ Pre
465 1171 1171 1230 terea sicut intrinsece causae ordinantur. ita et cause ex
472 1208 1177 1270 trinsece. sed non omnis causa intrinseca est immediata causa. ergo
480 1254 1172 1316 nec omnis causa extrinseca est causa immediata. ⁋ Preterea
468 1297 1169 1358 si omnis causa proprie dicta esset causa immediata. tunc non esse
468 1342 1169 1410 magis ordo essentialis inter causam vniversalem et particula
471 1392 1175 1443 rem quam inter duos trahentes nauem. quia sicut neuter tra
468 1435 1178 1497 habentium trahit mediate. sed vterque immediate. ita
468 1476 1168 1542 nec caus vniversalis causaret mediante causa particulari nec eco
477 1516 1175 1580 uerso. sed vtraque immediate. ⁋ Ad primum istorum di¬
477 1558 1181 1620 co quod non semper quicquid est causa causae est ca causati. non plus quam quae
475 1605 1188 1663 cumque est pater pris est pater filii. et ideo sicut non sequitur sor¬
480 1649 1184 1706 tes est pater platonis et plato est pater ciceronis
473 1693 1183 1757 ergo sortes est pater ciceronis. ita non sequitur. a. est causa b. et
479 1737 1187 1802 b. est causa. c. ergo a. est causa. c. et ideo sicut pater patris vocatur
477 1779 1180 1843 pater filii illius patris. large accipiedo patrem. et non
474 1826 1186 1879 stricte. ita large accipiedo causam. causa causae vocatur
483 1864 1193 1929 causa. et non stricte nisi sit causa immediata. Et ideo haoc est
486 1912 1189 1970 viversalit verum. quod proprie et stricte accipiendo causam nihil
483 1947 1187 2020 est causa alicuius nisi sit causa immediata ipsius ⁋ Ad
483 1998 1186 2057 aliud potest dici quod quamuis causae intrinsece aliquanordi
488 2043 1183 2099 nantur secundum mediatum et immedaitum respectu forme
492 2086 1177 2145 cuius non sunt causae. tamen respectu causati cuius sunt causae idt
480 2128 1189 2193 est respectu totius numquam illo modo ordinantur. et ideo sicut
494 2173 1186 2233 causae non est causa ita potest concedi quod materia forme non
495 2226 1192 2276 et materia illius forme quam ea media forma reci
496 2267 1189 2326 pit. sicut si materia prima recipiat primo formam
487 2310 1199 2365 corporeitatis et illa recipiat animam. materia pri
483 2352 1192 2416 ma non diceretur materia anime. nisi extensiue loquen
492 2395 1192 2455 do de materia. ⁋ Ad tertium quod maior est ordo es
494 2438 1195 2502 sentialis inter causam vniversalem et particularem. quam inter du
498 2491 1201 2547 os trahentes nauem. quia duorum trahentium neuter de
488 2524 1193 2594 pendet ab alio essentialiter sed causa particularis vt fre
492 2572 1204 2629 quenter saltem) dependet a causa vniversali. vtraque tamen imme¬
492 2614 1205 2681 diate concausat. quia aliter non vtique esset causa proprie di¬
1260 216 1973 286 cta. Circa secundum terminum quid sit causa prima. Di¬
1261 268 1963 334 co quod causa prima. vel est prima primitate perfectionis. si
1260 312 1975 374 si sol et ignis concurrunt ad causandum effectum. sol
1259 358 1981 424 erit causa prior primitate perfectionis. vel est prima primita
1261 411 1984 459 te illimitationis. illa scilicet quae concurrit vel concurre
1272 443 1984 509 re potest ad plures effectus producendos. sicut sol potest
1273 486 1975 551 concurrere ad plures effectus producendos quam ange
1275 534 1975 594 lus. Et distinguuntur iste primitates. quia aliquando vnum
1281 586 1976 642 est respectu eiusdem prius vna primitate. et respectu¬
1284 615 1990 680 eiusdem est posterius alia primitate. sic declaratum est
1271 670 1980 735 prius. Uel causa dicitur prima primitate durationis. et hoc
1275 709 1975 774 potest esse dupliciter vel quod praecedat secundum suam naturam. vel quod
1278 757 1979 823 prius duratione causaet. sicut si vnus prius traheret na¬
1272 797 1989 864 uem quam alius. et postea simul cum eo. ⁋ Circa tertium di¬
1276 845 1978 907 co quod voluntas dei sicut et essentia dei est causa immedia¬
1271 883 1987 954 ta omnium eorum quae fiunt. quamuis demonstrari non possit
1278 932 1978 989 ex puris naturalibus. Sed tamen persuaderi potest sic
1293 975 1984 1034 No minus dependet causa secunda a causa simpliciter prima et
1272 1014 1990 1077 simpliciter illimitata et in infinitum perfectiore. quam a causa secundu
1280 1059 1990 1125 quid illlimitata et imperfecta. Sed causa secunda aliquando sic
1288 1107 1991 1168 dependet a causa vniversali sed quid et illimitata secundum quid ita quod
1275 1152 1988 1211 non potest in effectum suum nisi causa vniversalis illa concurrat in¬
1290 1193 1988 1254 mediate. sicut patet de sole et istis inferioribus respe¬
1280 1242 1996 1300 ctu multorum effectuum. sicut satis probat philosophus ii de
1289 1281 1996 1346 generatione. ergo simpliciter nulla causa secunda potest in aliquem ef
1287 1325 1990 1389 fectum nisi concurrente immediate causa prima simpliciter scilicet
1288 1373 2011 1429 deo. ⁋ Secundo dicit quod deus est causa prima primitate per
1277 1416 1996 1478 fectionis et primitate illimitationis et primitate du
1283 1456 2000 1525 rationis primo modo dicta. sed non semper primitate durati
1296 1500 2005 1561 ponis secundo modo dicta. patet quia deus est perfectiori omni¬
1296 1549 1993 1606 bus. concurrit etiam ad omnem effectum. quod non facit quaeci
1292 1588 2003 1654 que alia causa. deus etiam fuit ab eterno. non sic quaecumque alia
1295 1636 1999 1693 causa. Negativa etiam patet. quia quamuis deus possit causare ali
1295 1678 1994 1736 quem effectum et postea permittere aliam causam secum con
1290 1721 1994 1790 seruare. et per consequens agere. non tamen haec est vniversaliter verum immo
1286 1776 2003 1832 raro vel numquam accidit. ⁋ Ad primum principale co¬
1298 1808 2021 1870 cedo quod essentia est causa omnium sicut ipsa voluntas. non tamen est
1290 1851 2008 1908 cam neccessaria sed contigenter causat. et ita contigentur sicut voluntas
1296 1896 2005 1952 qui eadem est omnibus modis ⁋ Ad secundum dico quod non semper
1293 1947 2009 1994 effectus: potest demonstrari per suam causam extrinsecam. sed si
1294 1985 2003 2043 hoc sit verum. hoc est verum de causa voluntaria cuiusmodi
1291 2036 2022 2088 est essentia diuina et voluntas. Dis. xlvi. quaestio prima
1618 2075 2029 2180 Irca distin¬
1623 2159 2003 2217 ctionem quadragesimam.
1622 2201 1996 2264 sextam quero. ⁋ Utrum vo
1618 2249 1999 2306 luntas diuina per quancunque
1628 2292 2008 2351 potentiam creature possit
1623 2337 2033 2397 impediri ⁋ Quod sic. illa vo¬
1305 2378 2009 2446 luntas cuius praeceptum non impletur impeditur. sed prece¬
1305 2433 2015 2487 ptum dei non impletur. sicut manifeste patet. ergo vo¬
1308 2471 2035 2525 luntas dei impeditur. ⁋ Preterea. quicquid est
1304 2516 2017 2570 intellectum a diuino intellectu est volitum vel no¬
1299 2555 2017 2613 litum a diuina voluntate. sed malum est intellectum
1301 2601 2029 2674 a diuino intellectu et non est volitum. ergo est noli¬
