2297 3091
309 240 1035 334 ⁋ Secundi libri sententiarum. Questio prima.
635 315 1036 406 Irca secundu
634 399 1037 458 sentetiarum queritur. Utrum
633 443 1037 493 creatio actio qua deus dici
630 484 1037 542 tur formaliter creans diffe¬
621 527 1036 587 rat ex natura rei a creato¬
621 571 1036 628 re. Quod sic: quia contradictoria
312 606 1025 665 non verificantur de ali quo sine distinctione ex natu
313 659 1037 713 ra rei: sed deus est modo creans: et prius non fuit: ergo.
309 700 1022 753 Sed hec distinctio non est in creatura: quia nondum est
316 743 1019 801 ergo a deo differt creatio: igitur etc. ⁋ Ite productio
313 798 1019 844 differt realiter a producente et producto si sit realis
306 840 1032 894 sed creatio est huiusmodi: ergo etc. Ite relatio realis distin¬
309 883 1018 934 guitur tam a fundamento quam a terino: sed creatio est huiusmod
304 929 1022 983 ergo. minor patet: quia positum extremis. scilicet deo a crea¬
303 968 1022 1019 tura non oritur creatio: sed positum extremis oritur rela
310 1017 1019 1062 tio: ergo. ⁋ Ite tria requisita ad relationem realem
304 1055 1025 1108 saluantur hic: quia hic fundamentum est reale:
309 1102 1013 1158 scilicet essentia diuina: sed diuina essentia et extrema
315 1144 1019 1205 distinguntur realiter: quia deus et creatura: et oritur lex
304 1190 1013 1241 natura rei: quia posita creatura statim dicitur deus
303 1234 1007 1288 creans ⁋ Istem omni relationi reali correspondet ter¬
313 1280 1007 1322 minus realis: sed creature ad deum est relatio realis
301 1324 1019 1385 ergo etc. ⁋ Istem nihil denominat aliquid realiter nisi sit
303 1368 1017 1424 ipsum reale: sed deus dicitur realiter creans: ergo etc. ⁋ Ad op¬
302 1409 1013 1465 positum arguitur sic. Si creatio actio differt reali
304 1460 1008 1514 ter a deo: ergo est creatura: probatur quia capit esse a
303 1498 1010 1547 deo post non esse: et si sic igitur per creationem. De il
291 1536 1007 1598 la creatione quaero vtrum differat a deo vel non. Sed
298 1582 1007 1635 sic erit processus in infinitum. si non: statur in primo: e
294 1629 1010 1678 eadem ratione distinguitur: similiter illa creatio non potest
301 1676 1013 1719 esse deus certum est: ergo est alia res. ⁋ Dicitur communiter
304 1717 1009 1774 quod creatio actio dicit respectum rationis: quod probatur.
298 1759 1001 1809 quia quando aliqua distinguntur et referuntur ita quod vnum de
285 1804 1003 1853 pendet ab alio et non econtra: in non dependente est
295 1850 1016 1908 tantum relatio rationis. sed deus et creatura distinguntur
298 1897 1005 1944 et referuntur: et creatura dependet a deo: et non econ
297 1934 1006 1984 tra: ergo etc. Item inter quae est mutua dependentia: est
295 1983 1005 2034 mutua relatio realis. exemplum in qualitatibus et
294 2028 1004 2075 quantitatibus: et vbi non est talis dependentia non
292 2073 1004 2122 est talis relatio: sed realis in vno extremo et rati
301 2111 1004 2161 poenis in alio: sic est in proposito: igitur etc ⁋ Contra istam
297 2161 1006 2212 opinionem. quando aliquid equaliter denominatur ab ali
290 2200 1004 2248 quo siue intellectus sit siue non: illud denominans non
286 2245 1001 2298 dicit formaliter respectum rationis. Istud patet: quia quod
292 2295 1004 2341 non habet esse nisi per aliud non potest denominari nisi ali¬
282 2333 997 2380 ud sit: igitur per oppositum quod denominatur siue sit aliud
279 2377 1007 2432 siue no: non potest esse denominatum per illud aliud ali¬
288 2427 1006 2474 quo modo: sed deus denominatur creans siue intelle¬
282 2467 1007 2512 ctus sit siue non sit: loquendo de quocumque intelle
279 2511 1004 2561 ctu per impossibile: quia licet deus non possit producere
273 2555 1000 2609 animam rationalem sine intellectu: tamen absolute si per im
283 2601 1007 2649 possibile non esset intellectus posset eam producere:
271 2640 1004 2711 igitur etc. ⁋ Item illa d enominatio quae oritur positum extre¬
1138 248 1869 331 mis circumscripto omni intellectu non dicitur per opera
1142 317 1873 372 tionem intellectus: sed posito deo et lapide circumscri
1143 354 1866 416 pto omni intellectu per impossibile est deus creans: ergo etc.
1133 402 1871 457 Si dicas quod dicitur creans: non quia in eo est aliqua re¬
1137 439 1865 508 latio: sed quia terminat relationem realem creature
1125 488 1865 548 ⁋ Contra. Ex hoc se queretur propositum: quia si propter hoc
1128 534 1861 594 dicitur deus creans: quia terminat relationem realem crea
1132 572 1857 639 ture: ergo relatio non dicit respectum rationis. ⁋ Item ante
1135 625 1853 674 omnem operationem intellectus deus dicitur vere creans: et
1126 668 1853 726 ita post: sed ante omnem operationem intellectus quam tu
1120 720 1853 767 ponis causare relationem rationis denominatur deus
1135 756 1860 815 creans: ergo et post. ⁋ Ite quicunque possunt equaliter compra
1123 802 1844 852 ri adinuice possunt equaliter habere relationes rationis
1124 839 1844 902 et denominari ab eis: sed intellectus non potest compare
1125 886 1843 946 vnam creaturam ad aliam: sed comparat creaturam ad
1119 936 1842 986 deum: ergo creatura potest dici creans aliam cteaturam si
1126 985 1842 1037 cut deus ⁋ Si dicis quod vna compratio est falsa: et
1128 1022 1850 1073 alia vera: et ideo compratio vera denominabit: non autem
1119 1064 1838 1119 falsa. Contra. set alsitas et veritas non impediunt re
1129 1101 1844 1169 lationem rationis causari: quia sicut causatur respectus
1123 1143 1853 1202 rationis quando compratur homo ad animal: sicut ad ge¬
1125 1194 1834 1245 nus: ita causatur relatio rationis quando comparatur ho
1120 1244 1850 1291 mo ad asinum per ydentitatem: dicendo hominem esse asi
1126 1279 1832 1347 num: igitur etc. ⁋ Ite concedit propositum: quia ex hoc quod
1132 1331 1837 1380 vna propositio est vera et alia falsa: est ponere ali¬
1125 1376 1832 1428 quod primum ex natura rei: quare vna est vera
1119 1420 1830 1479 et alia falsa: quia in eo quod res est vel non est etc. Ite
1119 1448 1839 1518 nullus respectus rationis potest esse: igitur creatio non di¬
1126 1509 1843 1562 cit respectum rationis. Atecedens patet quia si sic: aut habet
1129 1542 1835 1600 esse subiectiuum aut obiectiuum. non subiectiuum: quia
1120 1590 1842 1645 tunc esset relatio realis. non obiectiuum: sicut esse
1119 1640 1840 1698 cognitum: quia hoc maxime veritatem haberet intelli
1120 1673 1835 1738 gendo propositionem comparando subiectum ad praedicatum
1119 1723 1825 1772 et ibi non oportet ponere. Probatur quia intellectus
1123 1759 1829 1830 intelligendo praecise subiectum praedicatum et copulsam nls
1112 1803 1832 1872 lo alio penitus intellecto intelligit totam propositio¬
1125 1858 1841 1907 nem: ergo non est talis respectus causatus subiecti ad
1121 1893 1835 1962 praedicatum ⁋ Item si debet poni talis relatio realis
1125 1934 1824 2004 hoc maxime esset propter istas intentiones: genus
1124 1979 1835 2050 species: subiectum praedicatum: sed quodlibet istorum est rationis
1126 2034 1832 2087 quia possum intelligere conceptum generis: et speciet
1113 2081 1826 2135 quae tamen habent esse obiectiue absolute sine aliquo
1115 2120 1820 2170 respectu rationis eodemodo de subiecto et praedicato
1111 2156 1828 2216 ⁋ Ite contra rationem positionis sue: quia secundum eum causa
1102 2214 1828 2266 non dependet ab effectu: et tamen habet relationem realem
1108 2247 1825 2303 ad effectum. Exemplum Sol non dependet ad vermem: et
1113 2291 1829 2350 tamen realiter refertur ad vermem: sic in proposito. licet deus
1107 2342 1825 2402 non dependeat a creatura adhuc potest realit refer¬
1109 2388 1828 2442 ri ad creaturam. ⁋ Istem contra hoc quod dicit: quod aliquando
1104 2435 1816 2480 causa perficitur per effectum. Contra. Smne recipies
1105 2465 1814 2530 inquantum tale est patiens: et habet magis rationem
1111 2523 1814 2579 patientis quam agentui: igitur si quaelibet causa naturalis
1101 2570 1823 2624 recipit respectum magis patitur quam agat ⁋ Ite co
1107 2604 1829 2661 tra hoc quod dicit quod actio divina distincta est a sua substantia: et
1104 2646 1826 2720 ideo non potest esse alia media relatio dei ad creatu
