2272 3099
242 250 970 320 nem non est pars vnita toti: ergo differt realiter
249 313 974 362 a parte. igitur relatio totius adpartem sibi oppo¬
250 350 970 403 sita differt realiter: et non potest tamen separari a toto
245 389 962 447 ipso manente. Item quod dicit quod prius natura potest se
248 441 959 497 parari a posteriori aut potest intelligi per prius na¬
255 485 971 533 tura quod potest sine alio esse et non econuerso sicut
253 527 971 579 habetur per diffinitionem priorum quanto methaphisice.
247 580 970 624 et sic petit quod debet probare quod creatura sic sit
247 615 971 672 prior natura relatione quod potest separari. hoc enim
252 665 958 716 debet probare. Aut intellexit quod creatura sine oi
249 710 958 761 respectu dependet ad deum: sicut deus dicitur cre¬
243 757 968 801 are sine omni respectu in deo: et tunc habetur proposi¬
246 797 970 845 tum. ⁋ Ad aliud dico quod licet res absoluta fundat
248 836 958 889 relationem distinctam in eo: non tamen relatio. et ideo licet
243 884 967 933 creatio passio sit alia res a creatura: non tamen cre¬
246 937 964 978 atio passio fundat aliam relationem et ideo non conclu
247 976 962 1021 dit plus quod creatio passio non sitaliud realiter a
252 1016 970 1066 creatura quam quod similitudo non sit alia res: quia si similitu
245 1059 965 1115 do esset alia res a fundamento: tunc esset similis si¬
255 1111 959 1153 militudini alterius. et sic in infinitum sicut tum a
246 1148 970 1205 guis ⁋ Contra primam opinionem in hoc quod inherem
252 1199 968 1248 tia quatitatis vel qualitatis non dicit rem prime
245 1236 964 1290 intentionis sed secunde. arguitur quia impossibile est quod
255 1282 968 1329 sit transitus de contradictorio in contradictorium
250 1328 974 1378 sine mutatione alicuius realis et positiui vbi nul
246 1368 974 1435 lus modus gramaticalis vel logicalis impedit
255 1416 965 1473 sed subiectum et quantitas possunt manere quantum
249 1460 974 1514 ad omnia absoluta in eis quando separantur sine inheren
255 1503 971 1554 tia actuali cum igitur ista prius fuerunt vnita et modo
256 1551 968 1592 non. ergo necessario haec aliquid corrumpitur ratione cu
243 1592 973 1643 ius prius denotantur vnita: et modo non: quia nullus est
243 1632 965 1684 modus logicalis impediens. huiusmodi non potest esse ab
241 1679 971 1731 solutum. Per positum igitur falsum. ⁋ Ite cotra hoc
249 1723 961 1772 quod ponit quod modus essendi in constituit predica
240 1775 971 1821 mentum accidentis: quia inherentia potest separari ab
243 1815 959 1861 accidente: vt patet in eucharistia: et tamen illud acci
244 1854 961 1906 dens est in genere accidentis. ⁋ Si dicis quod suffi¬
245 1896 961 1950 cit inherentia aptitudinalis. Contra inherentia
238 1944 962 1995 actualis et aptitudinalis non distiguntur nisi sicut
236 1988 971 2047 potentia et actus. ergo si vnum non constituit predi¬
247 2034 968 2082 camentum: ergo nec aliud. Assumptum patet: quia si di
246 2081 968 2132 stinguerentur: tunc acidens quando esset in subiecto
240 2118 970 2169 non esset in praedicamento: quia illa aptitudo corrum
241 2173 965 2224 pitur quando accidens est in subiecto per quam accidens
247 2210 958 2264 est in praedicamento ⁋ Ad primum prime opinionis
254 2250 971 2303 tenendo opinionem Io. dico quod si relationes fun¬
252 2300 961 2353 darentur in eodem fundamento adhuc distinguerem
249 2349 970 2396 tur inter se: quia similitudo et dissimilitudo cum sint
247 2387 968 2439 diuersarum specierum possunt fundari in eodem fumn¬
241 2429 962 2484 damento numero: et tamen distingui specie. Item in
248 2473 965 2532 generatione vniuoca fundantur secundum eum relationes al
244 2517 968 2573 terius rationis: puta quia generans potest esse causa geni¬
237 2561 967 2611 ti et potest esse simile. et sic fundatur in eo relatio cause
243 2604 974 2652 et similitudinis. Exemplum. si calor generet calorem.
249 2657 973 2724 Per hoc partbet ad aliud quod causa quare due similitu
1075 251 1786 328 dines distinguntur est in seipsis non in aliquo ex¬
1068 310 1793 372 trinseco ⁋ Ad aliud dico quod philosophus negat mutati
1074 354 1777 402 onem talem in relatione quale concedit inter similes
1071 394 1774 459 qualitates. ⁋ Ad aliud dico quod ille modus loquen
1071 448 1787 497 di est improprius et falsus de virtute sermonis
1071 489 1784 542 quod duo predicamenta sunt in deo: quia nunquam dicum
1066 534 1784 584 tur esse praedicamenta in aliquibus nisi illa in qua
1072 575 1789 625 bus dicuntur esse sint proprie in praedicamento. nunc
1077 620 1781 666 autem deus in nullo praedicamento est: bene tamen in deo
1068 669 1792 717 sunt duo modi praedicandi: quia ad se et ad aliud: sed
1077 711 1786 756 illi modi non sunt proprii alicui praedicamento: sed
1068 756 1793 810 sunt communes rebus existentibus: et ideo absolutum et
1065 804 1795 851 respectiuum dicunt duos conceptus communes deo et
1074 846 1781 892 creaturis quae nec habent esse in deo nec in crea¬
1071 887 1790 942 turis subiectiue: sed tantum obiectiue. Unde non plus
1072 932 1786 981 concedo quod in deo manent duo modi predicandi
1068 978 1780 1027 vel predicabiles quam quod deus sit in predicamento
1071 1023 1787 1081 ideo tales propositiones communiter sunt false de virtute
1074 1060 1789 1109 sermonis. ⁋ Ad aliud concedo quod relatio componi
1072 1108 1780 1157 tur cum fundamento tenendo opinionem Io. con
1075 1154 1781 1205 positione accidentali. ⁋ Ad aliud de duobus quan
1065 1196 1786 1251 tis que non possunt esse nisi sint equalia. Dico
1075 1238 1787 1295 si tenerem distinctionem realem relationis a fun¬
1071 1284 1790 1338 damento: tunc negarem illam propositionem omne prius
1070 1328 1790 1382 etc. tenendo autem aliam viam patet quid sit dicedum
1069 1370 1790 1419 ⁋ Ad aliud dico quod aliquid consequi diuersa praedicamen
1071 1418 1798 1471 ta potest intelligi dupliciter. vno modo quod sit con
1078 1466 1796 1515 mune diuersis pred camentis. primo modo dicen¬
1078 1500 1787 1557 di per se. et tunc verum est quia illud quod est sic commune di
1074 1549 1796 1598 uersis non distinguitur realiter ab eis. Alio mo¬
1072 1594 1781 1646 do potest aliquid esse commune diuersis. secundo modo dicendi
1074 1640 1799 1693 per se: et ita quod conueniat vni primo modo: et aliis se¬
1072 1684 1796 1731 cundo modo. et sic illud commune potest esse in diuersis ab
1077 1727 1794 1779 eis. Exemplum. identitas primo modo probatur de rela¬
1075 1772 1796 1820 tione: sed de aliis secundo modo. ideo potest identitas di
1078 1814 1790 1862 cere relationem realem distinctam ab eis: sic est de
1083 1855 1783 1919 esse ad et esse in:rrespectu diuersorum praedicamentorum
1083 1899 1789 1953 Unde licet identitas et inherentia ad ista sunt eadem
1071 1953 1787 1995 illis de quibus predicantur primo modo: non autem illis
1078 1990 1789 2037 de quibus predicantur secundo modo. ⁋ Ad aliud dico
1065 2030 1799 2086 quod relatio habet propriam inherentiam: et quod illa dif¬
1068 2084 1790 2133 fert a relatione propter distinctionem terminorum re
1065 2119 1781 2171 lationis inheretie: et quando dicit prius etc. nego illam
1074 2164 1789 2222 propositionem in proposito. et hic est status in secundo
1068 2215 1781 2261 licet non eodem modo quo ponit doctor subtilis
1071 2253 1790 2308 ⁋ Tertia opinio videtur ponere multa superflua
1074 2301 1777 2353 qui ponit multiplicationem relationum in infini¬
1074 2347 1787 2395 tum. Ad argumentum istius opinionis dico quod
1077 2386 1787 2431 relatio non est causa alicuius absoluti: sed ab
1074 2431 1794 2488 solutum est causa absoluti: quia licet sonus absolu
1065 2483 1795 2536 te non causet delectationem: tamen sonus propor¬
1062 2522 1795 2575 tionatus armonie causat delectationem. Con¬
1078 2568 1789 2619 tra tertiam opinionem. quia sicut eoipso quod ali
1070 2609 1786 2652 quid est completum in genere: et est in alio in¬
1077 2651 1795 2714 formatiue concluditur quod sit accidens in eoip¬
