2219 3052
396 216 1100 301 so quod aliquid est per se in genere et non est in alio
404 277 1108 345 informatiue: concluditur quod sit substantia. si igi
405 318 1109 387 tur relatio non esset in alio esset substantia. Si
402 359 1113 430 dicis quod non habet illum modum per se essendi
398 406 1112 480 quem habet substantia. Contra. vnum accidens
402 457 1105 524 alio modo est in quam ad: nihilominus tamen vtrunque
403 491 1118 558 est accidens. Item si potest fieri relatio sine funda
404 541 1121 608 mento: quia cum non sit informatiue in subiecto: non
405 587 1120 649 debet dependere ab eo: nisi sicut a causa efficiente
408 628 1120 689 sed omnem causalitatem efficacie potest deus supplere
401 676 1125 746 ⁋ Ad aliud dico quod licet potentia visiua non possit
402 718 1123 781 causare aliquod absolutum in re visa tamen bene potest
404 761 1116 829 causare in eo relationem realem: nec est magis inco
413 807 1117 873 ueniens quam quod vnum album ratiome causet in me similitudi
404 853 1129 917 nem in flandria. Si dicis quod scibile visibile omnia
405 889 1127 964 illa referuntur sola relatione rationis: nego quia philosophus
420 938 1124 1003 non negat ibi relationem rationis: immo dicit quod illa
411 979 1117 1054 referuntur ad alia sicut alia ad ipsa. ⁋ Ad aliud di¬
419 1025 1130 1097 co quod agens naturale vere mutatur ad relationem: sed
414 1070 1123 1137 non oportet quod mutetur ante effectum productum: quia relatio
410 1112 1128 1180 est posterior extremis in fundamentis vt dictum est
417 1163 1131 1224 supra tenendo aliam viam quae probabilior videtur: scilicet quod
417 1201 1136 1267 relatio nihil positiuum simplicitur absolutum signi¬
411 1246 1131 1308 ficat possunt omnia saluari per denominationem diuer¬
419 1290 1139 1359 sam et connotationem sicut satis dictum est supra.
423 1332 1145 1403 Sciendum tamen quod ista differentia quam ponit Io. in
428 1378 1133 1444 ter relationes quie causantur ab intrinseco et ab extri¬
425 1419 1130 1489 seco debet sic intelligi quod positis extremis et funda¬
422 1463 1145 1534 mentis duarum relationum et ipsa relatione simul posita
434 1510 1133 1584 semper stantibus illis extremis semper stabit eadem
422 1555 1141 1620 relatio: sed sic non est de respectibus quae oriuntur ab extrin
426 1594 1145 1664 seco: quia si materia separatur a forma et vtrumque in
429 1643 1138 1711 esse conseruetur non stat vnio: sed posito patre et filio
426 1693 1150 1766 et quod pater generet filium semper ponitur paternitas
429 1737 1141 1796 et filiatio. et sic non intelligitur quod positis ipsis ex
434 1780 1150 1838 tremis statim oriatur ipsa relatio: quia deus potest eun¬
434 1820 1142 1880 dem hominem quem petrus generauit creare et tamen il¬
443 1859 1147 1923 le homo sic creatus non esset filius petri: quia num¬
443 1904 1150 1978 quam eum genuit: sed posito quod eum genuerit: tunc sequitur
439 1952 1148 2017 quod semper stabit ipsa relatio: tamen bene potest dici quod po¬
447 1996 1144 2068 sitis extremis naturaliter necessario oritur relatio
435 2037 1161 2101 et per hoc excluditur predicta obiectio de creatione
434 2082 1153 2149 ⁋ Intelligendum quod propositio illa de separabili¬
450 2134 1156 2187 tate aliquorum quae probat distinctionem inter aliqua debet
441 2174 1153 2244 sic intelligi quod quando de aliquo termino vel aliquibus
452 2212 1163 2290 terminis supponentibus personaliter verificantur
456 2255 1163 2325 extrema contradictionis: scilicet esse et non essemnecesse est
458 2300 1162 2375 quod inter illa pro quibus termini supponunt sit disti¬
446 2341 1169 2410 ctio realis. et per hoc partbet ad illam obiectionem quando quae¬
452 2397 1164 2461 ritur. Aut intelligis per separabilia aliqua realiter
458 2439 1168 2505 distincta aut non. si sic tunc pentis: si non tunc falsum
453 2475 1165 2547 assumis. patet enim quod non acceperis quod quando distincte
455 2529 1176 2593 res sunt separabiles: sed predicto modo quando de ali¬
470 2567 1166 2636 quo toto etc. et per illum modum probatur distinctio rea¬
461 2608 1170 2694 lis. Ad argumenta principalia patet ex dictu. Qi. iii
1388 192 1948 312 Trum ex hoc quod ali
1395 302 1936 365 quis moueat vt finis sequatur ipsum ha
1380 337 1951 403 bere aliquod reale esse extra animam. Quod
1221 394 1935 450 sic. quia quando res habet actionem magis propriam: tunc ma¬
1215 429 1927 501 xime habet esse sibi reale: sed res quando mouet vt finis
1226 472 1933 551 propriam actionem habet vt determinatam tali nature.
1218 516 1934 587 igitur etc. minor patet quia hoc est proprium finis quod sit causa
1219 562 1937 629 causalitatis aliarum causarum secundum auicennam. vi. men
1221 602 1959 671 thaphisice caplso penultio. ⁋ Preterea quod mo¬
1221 648 1937 713 uet vt finis realiter refertur ad causata sua: et econ¬
1233 692 1949 761 tra aliud ad ipsum. igitur habet aliquod esse reale. non ens
1223 737 1944 800 enim non dependet realiter ad ens nec econuerso.
1235 792 1936 856 ⁋ Preterea sequeretur quod potentia beati non esset satia¬
1224 826 1933 891 ta. ⁋ Contra finis quando non est tunc mouet vt finis
1232 869 1948 936 secundum auicennam. vi. metaphisice. ⁋ Primo videndum
1236 918 1936 977 est de terminis. secundo respondendum est ad quaestionem
1248 956 1947 1032 Pro primo videndum est de ratione finis. secundo de
1226 1011 1955 1071 motione sinis. ⁋ Circa primum sciendum quod finis
1227 1053 1945 1119 quandoque accipitur pro causa finali quae est vna de quattuor
1230 1093 1952 1157 causis. et de tali intendebat opponens sicut patet
1235 1148 1949 1206 per argumenta sua. Alio modo capitur finis pro quoliu¬
1233 1175 1958 1249 bet vltimo in re vel operatione sicut dictum est quod pum
1236 1223 1945 1289 ctus est finis linee: et de isto nihil ad propositum
1236 1268 1959 1336 ⁋ Ideo videndum est de ratione finis primo mod scilicet
1233 1319 1966 1374 de ratione cause finalis: et dicitur quod causa finalis opera¬
1241 1357 1965 1422 tionis vel motus est forma intenta ab agente et
1242 1402 1964 1469 acquisita per ipsam operationem vel motum: vel quando ipsa
1239 1442 1965 1513 operatio elicita ab agente. quod probatur per philosophum primo
1245 1491 1960 1553 ethicorum: qui dicit ibi quod differetia quadam videtur esse
1244 1534 1972 1598 finium: quia quadam fines sunt operationes: vbi non est ali
1253 1578 1969 1650 quod operatum extra. finis tamen est ipsa operatio vbi pro¬
1248 1623 1971 1691 pter fines est opus operatum. Alui sunt fines qua
1251 1662 1975 1729 sunt operationes: vbi est alquod operatum extra. et ponit
1253 1709 1964 1781 exemplum. finis artis medicinalis est sanitas. fi¬
1245 1752 1990 1827 nis nauicularie nauigium. ⁋ Preterea illud est
1254 1800 1961 1861 causa finalis alicuius rei per quod respondetur ad interro
1253 1842 1981 1910 gationem factam per propter quid de illa re: huiusmodi est for
1245 1887 1972 1945 ma acquisita per motum. igitur forma est causa finalis mo
1251 1929 1975 1995 tus. maior et minor patet per philosophum ii phisicorum: vbi
1257 1977 1966 2032 describit causam finalem. hoc idem patet tam in formis
1265 2014 1984 2083 substantialibus quam accidentalibus: patet de graui
1265 2074 1997 2124 et quaente eius deorsum. ⁋ Item habito fine cessat
1263 2113 1981 2170 motus: sicut patet primo de generatione: sed motus
1260 2151 1983 2211 cessat ad formam. igitur. ⁋ Preterea illud est causa
1260 2194 1974 2267 finalis quod est vltimum in executione: et primum in in
1270 2241 1983 2302 tentone. huiusmodi est forma acquisita per motum. igi¬
1260 2289 1997 2346 tur etc. ⁋ Item hec videtur esse intentio Auicen¬
1263 2328 1991 2398 ne. vi. methaphisice capulo penultimo. vbi di¬
1270 2372 1984 2433 uidit fines in finem quae est forma in patiente: et in fi
1272 2420 1999 2475 nem quae est forma in agente. vterque istorum finium est
1267 2456 1991 2518 operatio vel aliquid eorum acquisitum per operatio
1262 2511 1995 2562 nem. ⁋ Et licet ista positio videatur possibilis: quia
1269 2548 1996 2615 tamen non videtur esse vera: arguo contra eam et sup
1275 2590 2001 2671 pono vnam propositionem quam dicit auicena
