2309 3098
291 243 1009 316 quinto metaphisice capro vltimo in fine: quod si de
304 310 1017 359 qualibet quattuor causarum esset scientia: illa quae esset
306 354 1014 409 de fine esset nobilissima: sed si operatio agentus aut
290 393 1010 443 forma inducta vel acquisita per operationem agentis po¬
301 440 1010 486 neretur generaliter causa finalis sequitur quod non esset causa no¬
297 480 1003 527 bilior aliis: nec eque nobilis salte sicut causa effici
298 528 1010 584 ens igitur est impossibile ponem causam finalem isto modo.
292 568 1008 626 Item operatio alicuius agentis vel opus acquisitum per
295 623 998 671 operationem vel motum est effectus talis agenter: igitur
298 658 1001 714 habet causam efficientem sicut et finalem necessario: siue
292 702 1001 759 sit ab agente naturali siue a proposito: sed non a ca¬
287 747 1007 798 su vel fortuna. quaero igitur quae est causa finalis talis opera
289 796 1001 847 tionis. non ipsamet: quia impossibile est idem esse esscnium
295 835 998 884 et causam suuipsius in quocumque genere cause: ergo oportet dare
298 884 1004 931 aliud. et sic habetur propositum: quia opus vel operatio
291 929 997 975 producta non est causa finalis. Item amor concupiscen
292 971 992 1017 tie supponit amorem amicicie: non enim concupisco
286 1016 995 1069 mihi vel aliis bonum: nisi quia amo me vel al um amo
280 1061 1009 1107 re amicicie: sed operatio vel forma acquisita per operati
288 1109 1002 1155 onem alicuius amatum amore concupiscentie: quia concu¬
289 1147 1007 1201 pisco illam inesse mihi. igitur talis amor concupiscen
283 1188 997 1236 tie presupponit amore quo aliquis concupiscens ta
280 1233 1003 1283 lia amat se vel aliud cui concupiscit talia inesse.
292 1277 1007 1328 patet igitur quod illud propter quod primo amatum agens agit
295 1322 1004 1377 quod non est ipsa operatio agentis: nec aliquod acquisitum
285 1367 1007 1421 per operationem: sed aliquid aliud propter quod amatum agens
298 1413 995 1466 agit. non igitur forma acquisita per operationem potest di¬
283 1452 995 1504 ci causa finalis. vnde si quis abalat propter sanitatem sa
279 1502 998 1557 nitas non est causa finalis proprie loquendo: sed ipse ho¬
286 1539 1013 1600 mo quae primo amatus mouet agens se adambulandum
276 1584 1004 1637 Ideo dico quod accipiendo proprie causam finalem finis
288 1633 998 1689 est illud propter quod amatum amore amicicie agens
286 1675 998 1726 agit: et tale vniversaliter semper est nobilius agente vel salte equa
289 1723 1002 1774 nobile: vnde sanitas non est proprie causa finalis dean¬
282 1757 995 1810 bulationis: sed homo appetes sanitatem est causa fina
279 1799 1002 1856 lis deambulationis: quia homo prius amatus mouet
280 1851 997 1905 agens in ratione finis: scilicet seipsum ad ambulandum: sed quando
288 1889 995 1946 sunt plures effectus secundum eundem ordinem ab eodem a¬
282 1941 998 1991 gente: ita quod vnum ordinatur ad aliud illud quod est causa fina
279 1979 995 2024 lis vltimi est causa finalis omnium praecedentium: sed sanitas est
283 2023 995 2077 quadam effectus causatus ab aliquo et deambulatio est
289 2066 994 2112 alius effectus quae sunt ordinati adinuicem: ergo si causa fina¬
286 2108 1002 2166 lis sanitatis quae est quadam effectus sit ipse homo causa fi¬
285 2154 1004 2214 nalis ipsius deambulationis est ipse homo proprie lo¬
280 2205 997 2252 quendo qui amatus mouebit agens ad agendu. dico
286 2241 1002 2303 ergo quod omne agens naturale rationabiliter agit propter causam
280 2297 999 2341 finalem amatam eque perfectam vel perfectiorem agente. Ex
280 2341 998 2384 quo patet quod vltima operatio agentis non est causa fina¬
292 2377 991 2422 lis proprie loquendo quamuis potest dici finis aliquo modo
282 2420 995 2477 sicut finis dicitur vltima perfectio acquisita rei. vnde
286 2465 1002 2527 per istam distinctionem datam de fine patet ad argumenta
274 2510 986 2563 facta in contrarium. Ad primum dico quod licet vltima opere
285 2552 998 2600 tio alicuius posset aliquo modo dici finis: quia est vel
280 2604 1000 2655 timum et aliquo modo optimum inter effectus causa¬
270 2642 997 2710 tos et ita aliquam rationem habet finis quae est causa fina
1108 249 1823 318 lis. et tamen proprie loquendo de causa finali: nec est opera
1120 316 1833 375 tio vltima nec etiam optimum quod per illam attingitur.
1114 362 1823 407 inquantum tale: sed est praecise illud propter quod amatum
1116 409 1829 457 ab efficiente diligit illud tamquam aliquid ordinatum
1113 452 1829 507 ad amatum: et illud sic amatum est causa finalis facti
1111 493 1832 545 quandoque autem contingit quod obiectum vltime operationis est
1114 533 1831 593 illud amatum et causa finalis non quia terminus illius opera
1114 579 1815 636 tionis: sed quia amatum ab agente propter quod amans
1108 632 1812 686 agit. ⁋ Ad secundum cum dicitur quod causa finalis est per quan
1114 673 1823 720 etc. Respondeo quod quaerere propter quid aliquid fit potest intel
1114 712 1817 769 ligi duplicit vel propter quid oditum vel amatum. il¬
1114 757 1823 814 lud auod respondetur ad quaestionem factam per propter
1114 798 1820 858 quid primo modo certum est quod non est causa finalis anbu¬
1113 842 1807 893 latonis vel abstinentie: sicut si quas quarat propte
1109 890 1819 951 quid aliquis anbulat vel abstinet: potest responderi propter
1104 933 1824 992 infirmitatem amouendam vel destruendam: et tamen infir
1116 981 1811 1026 mitas non est causa finalis deambulationis vel absti
1114 1018 1813 1069 nentie vt manifestum est. Illud autem quod respondetur
1107 1062 1817 1117 ad quaestionem factam per propter quid secundo modo: est illud
1110 1111 1813 1161 propter quod amatum aliquid facit: sed hoc potest esse duplio
1096 1157 1829 1207 ter: vel quia illud est amatum amore amicicie vel con
1103 1198 1829 1253 cupiscentie. primo modo amatum non est causa finalis
1111 1234 1817 1304 patet si quaeratur propter quid infirmus sic abulat: potest re¬
1111 1285 1822 1333 sponderi: propter laborem vel caliditatem acquiren¬
1102 1331 1814 1387 dam vel propter expulsionem aliquorum humorum et tame
1102 1373 1821 1431 nulla istarum dicitur causa formalis proprie: secundum istam
1113 1416 1822 1469 opinionem: sed sanitas secundum illos quia illa amatur amo
1114 1463 1826 1514 re conuupiscentie propter sanitatem. eodem modo dico
1111 1514 1826 1564 quod sanitas amatur amore concupiscentie: quia homo
1102 1548 1814 1598 vel vita eius amatur amore amicicie: et ideo homo
1108 1596 1806 1649 vel eius vita est causa finalis illius deambulationi¬
1107 1641 1820 1696 ⁋ Per hoc ad auctoritatem philosophi dico quod illud dicitur
1108 1682 1823 1738 finis aliquo modo per quod respondetur ad interrogationem
1105 1722 1814 1782 factam per propter quid vt amatum: sed si sit proprie causa
1107 1765 1814 1821 finalis et similiter oportet vt sit illud propter quod ama
1105 1811 1813 1863 tum amore amicicie aliquid fit. huiusmodi non est sani
1117 1859 1814 1907 tas: sed homo vel vita. Ad aliud patet quod quies non
1104 1902 1820 1956 amatur nisi ad saluandum graue: similiter protectio a fri¬
1108 1949 1824 2005 gore nisi propter saluationem hominis: et ideo homo
1102 1991 1811 2043 amatus amore amicicie est igitur causa finalis pro¬
1095 2032 1824 2085 prie loquendo de causa finali. ⁋ Ad aliud cum
1096 2075 1814 2125 dicitur quod habito fine cessat motus: potest dici¬
1105 2125 1810 2167 quod hoc non intelligitur de causa finali proprie: sed de
1096 2162 1813 2223 fine vltimo sufficienter acquisito ⁋ Ad aliud potest
1100 2207 1810 2268 dici quod finem acquiri per motu et operationem aliquam
1097 2253 1810 2310 potest intelligi dupliciter. vno modo tanquam aliquid
1102 2297 1817 2348 productum in esse per talem motum vel operationem: et
1099 2344 1808 2389 sic non est verum generaliter quod illud quo habito
1098 2389 1815 2441 cessat est finis vel causa finalis: licet quandoque possit di
1104 2425 1806 2490 ci causa finalis: sicut quando illud acquisitum est eo
1099 2472 1811 2523 perfectum agente sicut in generatione vniuoca
1102 2521 1820 2567 vt homo generat hominem propter naturam specifi
1098 2562 1820 2613 causa saluandam quae acquiritur in generando. Alio mo
1096 2606 1826 2650 do potest intelligi finem haberi per operationem il¬
1102 2647 1833 2711 lam quando per illam operationem sinis habetur non
