2294 3097
294 244 1012 314 actu amicitie in se: et alio actu quo oditur mors prtis
309 311 1019 357 cise propter vitam volitam: qui actus licet sit simpliciter
307 349 1013 393 actus nolendi: tamen vt terminatur ad vitam tanquam ad ob¬
300 394 1004 450 iectum denominatur actus volendi: vt terminatur ad
295 438 1013 490 mortem nolitam denominatur actus odiendi: sicut actus
300 481 1015 534 quo aliquis odit pectatum propter deum: vt terminatur ad
294 528 1009 580 pecatum dicitur actus nolendi: vt autem terminatur ad deum
295 567 1010 623 dicitur actus volendi: quia nullus meritorie odit deum. il
297 614 1009 662 le vero actus quo odit pectatum meritorius est. Et eo¬
295 662 1010 703 dem modo potest dici in proposito de actu nolendi
300 701 1013 756 mortem propter vitam: quod habet diuersam denominationem
303 742 1012 793 vt terminatur ad diuersum obiectum. Similiter mors
298 788 1016 847 quae est finis secunde nolitionis: qua nolo infirmitatem
291 839 1013 887 praecise quia nolo mortem: oditur duplici actu nolendi
301 880 1016 933 Uno quo oditur mors propter vitam dilectam. Alio
306 923 1010 982 actu quo oditur infirmitas propter mortem oditam. Si¬
293 966 998 1024 militer infirmitas oditur duplici actu. Uno quo
291 1009 1010 1065 ipsa oditur propter mortem oditam. Alio quo amatur
297 1057 1015 1111 potio amara propter infirmitatem nolitam: qui actus li¬
298 1102 1004 1156 cet sit velle formaliter: tamen vt terminatur ad infirmi
303 1146 1003 1206 tatem denominatur actus nolendi: sicut prius dictum est
294 1188 1016 1240 de actu odiendi peccatum propter deum. ⁋ Quartum quod se¬
297 1240 1004 1287 quitur est: quod aliquod nolle est in ptante voluntatis: et
295 1280 1012 1327 aliquod non. Nam si voluntas velit vitam hominis solum con
297 1321 1003 1381 ditionaliter: et non volitione efficaci. et intellectus di¬
288 1367 1009 1424 ctet quod non potest conseruare vitam: nisi odiendo mor¬
290 1407 1009 1468 tem: potest adhuc libere et contingentur nolle mortem
298 1462 1001 1504 qui nullomodo necessitatur adhuc ad nolendum mortem
294 1503 992 1550 Si autem velit vitam volitione efficaci: et intellectus
301 1546 1011 1595 dictet: quod nullomodo potest conseruare vitam: nisi nolen¬
292 1587 1004 1638 do mortem odibit et nolet mortem: nec est tunc iste
301 1635 999 1683 actus nolendi aliquomodo in ptante voluntatis. Et ita
292 1679 1003 1730 est consimiliter dicendum hoc sicut prius dictum est de
292 1721 1009 1771 actu volendi. Et istomodo potest intelligi dictum philosophi
298 1762 1004 1817 vii. ethicorum. c. iiii. Ubi dicit: quod si fuerit opinio
292 1810 1013 1855 vniuersalis rationis: et alia opinio particularis ac¬
295 1852 1004 1902 cepta a sensu neccsario conclusum est voluntati: in
298 1897 998 1946 amum quantum est necesse ptantem operari non prohibitam
295 1940 991 1989 vt si ratio dictet: quod omne dulce est gustandum: et mediam
283 1979 995 2040 te sensu dictet quod hoc est dulce: necesse est quod volun¬
295 2026 998 2075 tas velit gustare hoc dulce: nec aliquomodo ista
298 2070 1000 2119 volitio stantibus illis actibus esset in ptante volun¬
285 2118 1001 2162 tatis: sed cessante volitione efficaci voluntatis: vel
292 2161 1001 2215 dictamine intellectus potest esse in ptante voluntatis
292 2201 1000 2253 sicut prius dictum est. Et ideo quantumcumque stet dicta
301 2245 1001 2303 nem in intellectu respectu maioris et minoris: si
286 2292 999 2344 non sit volitio efficax in voluntate nullomodo ne
291 2333 1001 2384 cessitatur voluntas ad volendum gustare. ⁋ Et si di¬
291 2377 995 2434 cas quod philosophus dicit: quod si sit opinio vniuersalis ratio¬
294 2432 995 2481 nis. nunc autem actus opinandi non est solum actus appre
279 2464 994 2527 hendendi: ergo dicere quod si maior ostendatur per appre
283 2511 995 2563 hensionem solum etc. non est dicere secundum intentionem
288 2555 1000 2606 philosophi ⁋ Preterea si intellectus primo habeat rationem rectam
297 2600 999 2654 quod nullum dulce est gustandum: quomodo deuenitur ad
289 2645 1013 2714 opinandum: quod omne dulce est gustandum: et non per solum
1122 244 1835 327 imperium voluntatis causatur actus opinandi: quia opi¬
1119 317 1847 373 nio non est sine ratione et medio saltem probabili. ⁋ Et
1126 352 1829 421 similiter philosophus dicit ibi quod intellectus tunc exeat: du¬
1119 399 1847 467 bium esset quomo. ⁋ Ad primum respondetur: quod philosophus
1117 445 1825 498 intelligit: quod si intellectus non solum apprehendat: hoc
1119 488 1839 548 complexum omne dulce est gustandum: sed quod assentiat si
1116 530 1821 596 bi per actum opinandi: si tunc stet in voluntate volitio
1123 584 1829 635 efficax: sicut prius dictum est cum dictamine: et respe
1114 627 1823 673 ctu assensus: quod hoc est dulce demonstrato aliquo
1116 665 1814 716 tunc conclusum est voluntati: sic dictum est. et ideo nihi
1117 707 1833 773 differt: siue maior apprehendatur: siue opinetur. ⁋ Ad
1116 750 1827 821 secundum et tertium dico: quod si intellectus primo dictet: quod
1117 802 1827 856 nullum dulce est gustandum: et hoc ratione recta volun¬
1116 846 1822 898 tas imprat intellectum formare complexum apprehen¬
1123 881 1816 940 um: puta quod omne dulce est gustandum. et suspendit
1114 928 1835 987 actum intellectus a consideratione istius complexi: nullum
1120 979 1833 1037 dulce est gustandum. quo complexo formato impat
1117 1021 1820 1072 voluntas intellectui actum inuestigandi aliquod me¬
1114 1062 1832 1120 dium. Ex quo sequitur euidentur: vel saltem probabiliter
1117 1110 1823 1167 hoc complexum omne dulce etc. Per actum et habitum er¬
1110 1157 1818 1209 roris: quie potest dici opinio vniuersalis. Et isto du
1117 1199 1823 1252 plici modo excecatur intellectus: quod tangit scotus in
1116 1237 1829 1306 ertia quaestione de connexione virtutum scilicet auersione et
1117 1285 1809 1342 conuersione considerationis obiecti veri et productio
1105 1329 1814 1390 ne habitus et actus erronei. ⁋ Tertia conclusio prin
1113 1375 1826 1424 cipalis: quod primus amor: qui est amor amicitie non
1101 1413 1823 1469 habet causam finalem praestitutam a voluntate creata
1108 1458 1823 1521 quia per illud quod praestituitur a voluntate creata tanquam
1101 1506 1822 1564 finis oportet prius esse cognitum et amatum: prius natu¬
1098 1544 1823 1609 raliter dico: et quo primus amor et pria cognitio ha
1102 1591 1835 1650 bent causam finalem. quere in fine dubitationis se
1104 1639 1831 1697 quentis. vbi dicitur satis bene: ideo haec pertranseo. Eodem modo
1101 1683 1824 1743 sicut ibi dictum est de fine prime cognitionis et vo
1117 1724 1820 1784 itionis. et propter eandem causam dicendum est conformi
1116 1764 1827 1826 ter de fine prime nolitionis. Nam videtur quod sit possi¬
1114 1816 1817 1873 bile dare primam nolitionem: quam non praecessit aliqua
1117 1860 1817 1914 volitio: sicut post patebit. Etsi hoc verum sit: tunc
1099 1905 1817 1956 erit dicendum conformiter de fine illius prime nolitio
1104 1949 1811 1994 nis: sicut de fine prime volitionis. scilicet quod non habet causam
1099 1986 1814 2046 finalem praestitutam a voluntate creata: sed solum ab
1108 2035 1816 2093 agente superiori. licet prius fuerit dictum oppositum
1098 2073 1811 2126 scilicet quod omne nolle habet finem praestitutum a voluntate crea
1094 2130 1823 2177 ta: quia hoc fuit dictum ex suppositione: quod omne nolle pri¬
1104 2161 1811 2214 supponit velle necario: quia si verum esset (sicut tamen
1101 2213 1826 2263 credo quod non sit verum tunc haberet causam finalem.
1107 2250 1814 2312 praestitutam a voluntate creata: quare de fine prime vo
1099 2299 1805 2350 litionis: et dic conformiter de fine prime nolitionis.
1101 2340 1813 2396 ⁋ Quarta conclusio principalis est: quod aliquis actus
1107 2389 1812 2438 concupiscentie praesupponit neccario actum amicitie
1101 2432 1816 2492 et aliquas non. et similiter aliquod nolle necario praesup¬
1101 2478 1817 2526 ponit velle: et aliquod non. ⁋ Circa quod sciendum est
1099 2526 1820 2575 quod aliquis actus voluntatis est praecise actus amicitie
1102 2566 1813 2610 et aliquas praecise actus concupiscentie. Et est aliquis
1108 2607 1820 2652 idem numero quae est actus amicitie et concupiscentie
1092 2645 1814 2706 Actus praecise amicitie est ille quo absolute dili¬
