2231 3052
388 203 1111 286 di propter sanitatem: et hoc propter diuersitatem obie
409 278 1117 331 cti. ita in voluntate est alius actus terminatus
397 319 1118 371 ad studium propter geometricalia: et alius ad stu¬
408 368 1109 414 dendum geometricalia propter sanitatem. et hoc pro¬
411 402 1118 462 pter diuersitatem obiecti et variationem. sicut di¬
402 445 1118 499 ctum est in materia de moralibus. Exemplum secundi
408 488 1109 547 si voluntas velit aliquem ambulare absolute: non quia
403 532 1105 590 sententiatum est ab intellectu consiliante: quia no
402 589 1105 635 praecedit consilium. et post intellectus habito con
397 624 1106 679 silio suo sententiat istam ambulationem esse continuam
412 669 1105 720 dam: propter sanitatem acquirendam. et voluntas eli¬
405 715 1118 772 gat et velit eum ambulare propter sanitatem stante eo¬
405 752 1106 812 dem actu ambulandi. tunc ille actus abulandi primo fuit
411 800 1118 854 non praxis: et post praxis: quia conformatur intellectui
409 842 1109 904 consiliatiuo: mediante tamen electione ⁋ Si quaeras vtrum
415 894 1118 939 operatio exterior dicatur praxis: quia conformatur intel¬
421 931 1114 987 ectui consiliatiuo vel practico: vel quia conformatur
424 976 1117 1026 raxi. ⁋ Respondeo. aut loqueris de praxi large: aut
412 1025 1111 1079 stricte. Si primo modo sic accidit praxi: tam interiori
411 1064 1115 1120 quam exteriori conformari intellectui practico: vel con¬
406 1107 1112 1168 siliatiuo. quia sic solum essentialiter est operatio et acci
411 1151 1111 1206 dit sic conformari intellectui vel non. Sed accipien
415 1196 1115 1249 do praxim stricte sic requirit conformari intellectui
408 1241 1115 1294 consiliatiuo: et praxi interiori. non tamen conformatur intel
417 1290 1127 1336 lectui consiliatiuo: nisi mediante praxi interiori.
421 1331 1124 1384 ⁋ Quinta conclusio. quod finis est principium in agibi¬
423 1378 1118 1430 libus: quia est medium et causa in sillogismo concludente
417 1416 1126 1469 de terminatum medium requiri ad talem finem. Exemplum
420 1461 1121 1515 si enim finis praestitutus a voluntate infirmi sit quod sa¬
411 1504 1130 1561 nitas sit acquirenda: et potio sit medium acquirendi
412 1551 1114 1604 sanitatem: tunc istud medium debet sic sillogistice
413 1592 1129 1651 inferri ex tali fine. Quicunque vult sanari a tali
418 1639 1117 1690 infirmitate debet potare talem potionem. hoc finis
414 1687 1129 1734 est principium incompletum: quia medium inferens conclu¬
416 1724 1124 1775 sionem determinatam. ⁋ Sexta conclusio est. quod opera¬
423 1772 1127 1829 tio exterior. aliquando potest esse finis: vel per illam potest imme¬
414 1811 1131 1860 diate finis acquiri: vt operatio interior posset ad il
423 1856 1130 1918 lum finem ordinari. Exemplum. quando leccator diligit
420 1897 1127 1949 adulteram propter fornicationem cum ea. ita quod ille actus
418 1945 1130 1991 in parte sensitiua potest esse finis: quare voluntas dili
427 1983 1123 2039 ligit talem. similiter aliquis potest alium diligere vt simul sinti
424 2029 1136 2078 vel per operationem potentie interioris: puta vt per abum
430 2077 1120 2129 latione: vel potionem possit sanitatem acquirere
426 2120 1123 2174 Quia societas hominis: et amor intensus alicuius potest
426 2160 1127 2215 esse causa: et ordinari ad salutem acquirendam. ⁋ Si di
432 2209 1133 2256 cas. quod tunc operatio exterior erit perfectior operatione
424 2255 1136 2307 interiori. quia operatio exterior: vel est ipse finis per to
435 2296 1139 2351 vel saltem potest esse finis praxis interioris: et per eam in¬
430 2339 1118 2393 mediate acquiritur finis. patet de sanitate acquisita per
435 2387 1136 2439 potionem. Qperatio autem interior ordinatur ad eam: si
420 2427 1133 2481 cut ad finem. Nunc illa operatio est melior: quae est fi¬
418 2468 1136 2531 nis: vel quae est introductiua finis: quam operatio quae est
429 2522 1127 2576 circa ea quae sunt ad finem etc. ⁋ Respondeo dupliciter
436 2559 1130 2616 ⁋Primo: quia quamuis vna operatio sit finis alterius
431 2604 1129 2666 tamen operatio quae est ordinata ad finem est nobilior: et
1211 194 1921 267 in nobiliore subiecto quam finis. ideo potest esse perfectio¬
1216 262 1925 312 sic est in proposito de praxi interiori et exteriori
1225 306 1922 358 Quia interior est subiectiue in voluntate. Ex
1215 348 1934 401 terior in potentia aliqua sensitiua vel executiua
1206 395 1925 450 ⁋ Aliter ptest dici: quod duplex est finis. quidam amatus
1222 435 1931 494 amore concupiscentie: et quodam amatus amore ami¬
1213 480 1931 538 citie. ⁋ inis autem amatus amore amicitie perfe
1210 537 1921 580 ctior est: vel simpliciter: vel in acceptatione vo
1218 571 1921 623 luntatis: quam finis amatus amore concupiscentie. Exem
1221 613 1921 676 plum. amo proximum propter deum. hoc proximus amatis
1215 663 1931 708 amore concupiscentie: et deus amore amicitie: et
1218 699 1920 762 deus est perfectior proximo. similiter amo sanitatem: quia
1214 748 1921 801 amo meipt et vita meam. hic sanitas amatur amo
1224 793 1926 841 re concupiscentie: et homo amatur amore amicitie: et
1218 830 1930 894 homo est perfectior quam sanitas. Exemplum secundi. si
1217 883 1935 932 amarem deum propter meum bonum praecise. hic deus ama
1221 922 1934 974 tur amore concupiscentie: et homo amore amicitie
1218 963 1918 1018 licet homo non sit perfectior deo. simplicitur tamen in
1212 1007 1933 1071 acceptione voluntatis mee sum perfectior. quia in hoc
1218 1054 1937 1108 casu plus apprecior meipsum quam deum. similiter si tantum di
1231 1098 1932 1153 ligam medicum propter sanitatem mea scilicet quia potest me
1222 1145 1927 1197 sanare hic medicus amatur amore concupiscen
1215 1186 1924 1243 tie et sanitas amore amicicie. et licet medicus. si
1233 1228 1930 1294 perfectior sanitate: non tamen in acceptione voluntatis
1215 1277 1931 1334 mee. Ad propositum dico quod operatio exterior licet
1224 1315 1944 1372 aliquando sit finis operationis interioris: tamen est finis a¬
1227 1358 1931 1419 matus amore concupiscentie vt communiter. non enim ho¬
1228 1412 1934 1460 mo diligit communiter operationem aliquam partis sen¬
1220 1447 1918 1507 sitiue vel aliquid acquisitum propter illam operationem prg
1239 1492 1933 1546 pter se solum: sed vel propter deum vel propter seipsum vel
1233 1535 1933 1590 aliquid aliud quod amatur amore amicicie et talis non
1235 1579 1943 1642 oportet quod sit nobilior eo quod est ad finem sicut est de
1233 1624 1946 1686 operatione exteriori et interiori. Et est hoc sciendum
1239 1667 1940 1732 quod causalitas finis non est amari praecise: nec ipsum
1233 1718 1943 1766 et aliud propter ipsum amari. Possum enim sanita¬
1236 1756 1940 1817 tem amare et propter illam potionem etc. et tamen sanitas
1234 1805 1937 1855 non est causa finalis sic quod habeat actualiter cau¬
1227 1843 1946 1899 salitatem cause finalis: cuius causa est. quia omnes cause fi
1240 1891 1949 1940 nales causant quando concurrunt ad causandum aliquem
1234 1936 1937 1989 effectum. quando ergo agens non agit effectum non causat
1227 1972 1943 2026 caum finalis. quantumcunque ergo amen sanitatem non est causa
1238 2020 1948 2081 finalis nisi quando ponitur effectus: sed quando sic finis ama
1239 2062 1936 2120 tur et aliud propter finem: ita quod agens agat effctum
1238 2109 1946 2162 respectu cuius dicitur causa finalis: ille est causali¬
1243 2159 1945 2205 tas cause finalis. et hoc loquendo de causalitate
1230 2198 1942 2249 causae finalis prestitute a voluntate quae proprie est causa
1240 2247 1949 2294 finalis. ⁋ Si dicas quod omnes effectus habent cau
1240 2290 1938 2340 sam finale: sed amor et cognitio sunt effectus: eg
1236 2336 1955 2397 habent causam finalem non aliam quam sanitatem quod
1245 2376 1949 2428 amatur et cognoscitur. ergo eius causalitas non
1242 2416 1955 2470 est aliud quam amari. ⁋ Respondeo de fine prime
1242 2460 1946 2515 cognitionis et primi amoris est dicendum sicut
1250 2509 1958 2558 de fine cuiuslibet actionis naturalis puta ge
1248 2548 1946 2604 nerationis ignis etc. quia finis talium est illud
1240 2598 1958 2668 quod intenditur ab agente superiori qui est ipse deus
