2285 3113
463 257 1186 314 hoc tamen potest stare quod ignis non sit eius causa: quia deus po¬
472 305 1174 365 tuit ordinasse quod semper ad praesentiam ignis passo appre
468 351 1177 398 ximato ipse solus causaret combustionem sicut or
465 394 1187 445 dinauit cum ecclusaia quod ad prolationem certorum verbo
471 441 1175 499 rum causetur gratia in anima. vnde per nullum effectum
463 487 1180 535 potest probari quod aliquis sit homo maxime per
472 524 1171 578 nullum effectum quae apparet in nobis: quia omnia quae vide
453 575 1174 626 mus in homine potest angelus in corpus facere:
466 612 1169 673 sicut commedere bibere etc. Patet de angelo tho
453 658 1171 705 bie. Ideo non est mirabile si non potest demonstra¬
457 700 1177 749 ri quod aliquid sit causa. Dico tunc quod dicitur agere
466 747 1174 793 mediantibus causis secundis: quia coagit cum illis vel
466 789 1165 838 producit illud quod producut cause secunde: et ita imme¬
460 831 1169 879 diate sicut et cause secunde. ⁋ Si queras quo potest
459 876 1159 927 saluari ordo essentialis inter causam primam et secunda¬
453 914 1166 977 cum neutra sit superior: sed vtraque est immediata. ⁋ Si
450 965 1172 1015 co quod vna est superior in perfectione puta prima et secunda
450 1009 1157 1059 dependet a prima non tamen quod accipiat esse a prima: se
444 1055 1160 1109 qui conferuatur ab ea: et quia non potest secunda producere nist
444 1093 1162 1151 prima producat. Sicut dictum est de deo ita dicendum
447 1139 1160 1196 est de omni causa essentialiter ordinata ad productionem
447 1181 1156 1237 alicuius effectus quod vel producit effectum immediate
441 1228 1161 1282 vel nihil producit. Exemplum de sole. ⁋ Ad aliud di¬
441 1270 1151 1329 co quod aut accipitur actio pro respectu ponendo ta
432 1315 1153 1365 les respectus: aut pro obiecto connotante: aut pro ef
440 1357 1145 1409 fectu. si primo modo tunc sunt diuerse actiones sicu
441 1404 1151 1454 diuersa fundamenta. si secundo modo sic significat a¬
439 1446 1148 1499 gens connotando. sic sicut sunt diuersa agentia: sic
438 1497 1147 1541 sunt diuerse actiones. si tertio modo sic pos esse ea
432 1533 1143 1581 dem actio sicut idem effectus: et quando dicitur. Aut deus
426 1579 1148 1627 prius attigit effectum aut simul. dico quod simul duratione: sed
438 1623 1144 1684 prius prioritate perfectionis et illimitationis. Et quando
436 1663 1145 1716 dicitur quod tunc alia superfluit: dico quod non sicut patet de
435 1711 1150 1762 forti et debili portantibus idem podus: tamen fortim pri
435 1749 1136 1804 us portat prioritate perfectionis. ⁋ Ad aliud dico
427 1798 1136 1844 quod accipiendo actionem pro agente quod principaliter
432 1840 1142 1890 significatur per nomen vel conceptum actionis sunt diuer
429 1878 1136 1937 se actiones sicut diuersa agentia. ⁋ Ad aliud dico
435 1933 1140 1985 quod non est inconueniens quod eiusdem sunt duo fines
429 1974 1147 2022 amediati: et hoc accipiendo finem pro causa finali
420 2014 1139 2069 non pro fine quae est finis secundum rectam rationem: sicut di¬
430 2063 1139 2112 ctum est in prologo quod si sint duo agentia eundem
430 2102 1142 2149 effectum si intendant diuersos fines: illi fines sic
424 2143 1139 2196 intenti sunt fines immediati eiusdem effectus: quia
430 2186 1138 2252 illud est causa finalis eiusdem effectus quod in¬
421 2233 1133 2283 tenditur et quod mouet agens ad efficiendum et ta¬
427 2278 1133 2328 lia sunt diuersa. ergo etc. Duo tamen agentia
429 2322 1130 2379 possunt intendere eundem finem: et ille vel potest
430 2372 1127 2419 esse finis secundum rectam rationem qui amatur amore am
429 2413 1127 2463 cicie: vt si deus causet aliquid propter se sicut fa
430 2453 1127 2514 cit causa secunda propter deum: vel potest esse ali
430 2497 1127 2557 us finis prestitutus. ⁋ Ad aliud dico quod vtraque
427 2538 1130 2592 causa producit tontum effectum: siue sit diuisibilis
424 2583 1127 2634 siue indiuisibilis: vt patet in forma substantia¬
409 2624 1127 2701 li et tractu nauis a multis: sed neutra est de fa
1293 261 2000 338 cto causa totalis. de hoc quere supra ⁋ Ad ali
1296 323 1995 382 ud dico quod forma non dat actum primum: sed est act
1285 365 2001 425 primus: et ab illa denotatur aliud habere actum
1284 413 2014 474 primum etc. ⁋ Ad aliud dico quod illa prioritas suffi¬
1288 454 1989 509 cit in causa quod causa non existente non est effect
1290 492 1998 554 sicut cum causa secunda causaret cum deo non existen
1280 542 2001 602 te causa secunda non est effectus: sic si causa secum
1274 583 2006 650 da conseruaret effectum cum deo ipsa non existente
1288 625 1997 696 non existeret effectus: et ideo licet effectus produca
1275 675 2003 742 tur a causa prima si post conseruetur a causa secuda po¬
1282 713 2003 784 test dici causa illius effectus sicut prima. ⁋ Si di¬
1275 759 1985 817 cas quod conseruare et creare differunt. Dico quod quan
1278 804 1983 863 tum ad nomen positiuum non differunt: sed quantum
1278 847 1992 909 ad negationes connotatas: quia creare connotat ne
1275 894 1985 961 gationem immediate precedentem esse: conseruare
1287 935 1988 1000 connotat negationem interruptionis esse: sicut pri
1266 982 1989 1040 ius dictum est: et ideo accipiendo causam prout notat
1269 1024 1976 1090 esse post non esse immediate precedens: sic causa
1268 1066 1980 1126 precedit effectum. Sed accipiendo pro illo quod
1281 1108 1991 1172 continuat effectum sine interruptione: sic potest esse
1266 1157 1986 1219 posterior ⁋ Ad aliud dico quod non est inconueniens
1266 1201 1976 1260 idem bis produci accipiendo productionem diuer
1264 1235 1986 1304 simode. hinc inde pro creatione et conseruatione
1253 1276 1975 1340 tamen quod aliquid bis producatur productione qua ac
1263 1333 1963 1393 cipit aliquid esse post non esse est impossibile. ⁋ Ad
1266 1371 1967 1438 aliud dico quod illud agens dicitur solum creare quod
1257 1417 1971 1477 non requirit aliquam aliam causam secum concurrentem
1259 1459 1972 1518 nec materiam. et Et tale agens non producit for¬
1263 1506 1975 1568 mam de potentia materie: quia producere sic nihil
1264 1550 1961 1613 aliud est nisi producere formam in materia ita quod
1267 1594 1974 1658 necessario in productione requirit materiam co
1255 1641 1977 1696 causantem ad hoc quod producat: et illud agens
1261 1680 1964 1749 dicitur generare quod producit formam in mate
1247 1728 1970 1789 ria: ita quod necessario producendo requirit mate
1247 1767 1963 1834 riam concurrentem: quia ergo deus inquantum creans
1253 1809 1973 1878 formam non producit necessario in materia nec ne
1248 1861 1973 1917 cessario requirit materiam concurrentem quia quan¬
1247 1894 1965 1964 libet formam absolutam potest producere sine ma¬
1248 1945 1971 2008 teria nec producit in materia nisi: quia vult agere
1249 1988 1968 2048 partialiter cum causa secunda quae necessario requirit
1255 2036 1958 2088 materiam: ideo simpliciter omnem talem formam ab
1249 2071 1959 2140 solutam creat non generat. et simili modo quia causa secum
1252 2113 1954 2181 da in actione sua necessario requirit materiam
1251 2154 1964 2230 contracurrentem: nec aliter potest effectum causare: ideo causa
1239 2207 1952 2266 secunda dicitur simpliciter generare non creare
1237 2246 1957 2306 ⁋ Dico tunc ad argumentum quod non est inconueniens eum
1245 2286 1953 2362 dem effectum simpliciter generari et creari. Cuius ra¬
1237 2335 1956 2404 tio est. quia illud simpliciter creatur quod producitur ab agen¬
1245 2381 1946 2444 te quod non requirit materiam concausantem et illud
1246 2427 1952 2491 generatur quod producitur ab agente quod neccessario
1232 2466 1953 2531 requirit materiam concausante: cum ergo idem effectus
1236 2502 1940 2576 potest simul et semel produci a duobus agentibus quor
1237 2545 1958 2625 vnum non requirit materiam aliud neccessario requirit. pu¬
1239 2600 1950 2666 ta a deo et a causa secunda. ergo etc. nec est hoc magis incoue
1234 2649 1954 2726 niens quam quod idem effectus producatur a duob agentibus
