2298 3094
301 249 1011 321 quorum vnum agit necessario et aliud libere: sicut
295 312 1010 359 ponitur de actu qui producitur a voluntate et subiecto
295 354 1007 405 Ex hoc patet quod non tantum forma naturalis educitur de
289 396 1001 451 potentia materie: sed forma violenter educta. quia
289 443 1010 491 educi de potentia materie non est aliud nisi produ
285 483 998 542 ci a tali agente quod necessario requirit materiam
288 533 1006 582 recipientem suum actum: quia causalitas materie non
289 573 1010 638 est nisi recipere formam: et per consequens cum agens violen
286 621 1005 677 tum necessario requrit materiam concausantem neces
288 660 995 716 sario producit forma de potentia materie. Ex hoc
291 705 1001 764 sequitur quod forma violenter inducta generatur sicut patet
291 746 1001 818 per praedicta: sed non generatione naturali sed violenta. ⁋ Si
286 800 998 853 dicas quod contradictio est quod simul et semel fiat de aliquo et
283 835 1001 892 de nihilo: sed quod creatur fit de nihilo: quod generatur fit de
276 887 992 941 aliquo. ergo contradictio est quod idem simul creetur et generetur.
285 925 1004 989 ⁋ Respondeo. minor est falsa: quia ita bene illud quod ge
280 978 992 1024 neratur fit de nihilo sicut illud quod creatur: ita quod ter¬
277 1020 987 1074 minus a quo in generatione vere sit nihil et pura ne
274 1067 997 1113 gatio sicut in creatione: cuius ratio est. quia aut termi¬
283 1112 992 1165 nus a quo generationis est pura negatio illius
271 1149 998 1206 forme generande: aut aliqua pars illius forme: aut
270 1196 995 1242 materia: aut forma contraria expellenda. non pars il¬
280 1235 995 1300 lius forme: quia nulla praexistit si sit vera generatio
276 1286 986 1335 nec materia: quia illa manet sub vtroque termino
274 1323 987 1389 sed terminus a quo non manet cum termino ad quem
277 1375 998 1427 nec forma contraria: quia alicubi est terminus a quo vbi
267 1420 991 1467 non est talis forma. patet in illuminatione medii et in
277 1461 999 1518 generatione scientie in anima: quia anima mutatur de ignorantia in
271 1505 992 1563 scientiam: ergo accidit termino a quo quod coniungatur cum
267 1545 987 1609 forma aliqua positiua. relinquatur ergo primus modus et per
270 1595 992 1652 consequens cum illa negatio nihil sit terminus a quo genera
270 1630 999 1691 tionis est purum nihil. patet ergo quod minor est falsa: sed il¬
264 1675 979 1732 lud creatur quod fit ab agente: quod non requirit mate¬
258 1717 980 1784 riam concausantem in actione sua: et illud generatur quod fit
267 1768 982 1828 ab agente quod necessario requirit materiam concau¬
270 1806 977 1869 sante: et quod idem fiat a talibus duobus agentibus non
274 1854 977 1908 est contradictio ⁋ Ad aliud dico quod causare vno modo
255 1895 977 1956 accipitur pro creare: et sic est diuisio sufficiens omne
262 1946 977 2001 ens etc. alio modo accipitur pro eo quod non requirit ma¬
268 1983 975 2041 teriam concausantem: et sic non est sufficiens: quia omnes il
268 2027 985 2083 le forme respectiue quae non possunt fieri sine sub¬
268 2072 982 2129 iecto per potentiam dei non sunt create nec increa
265 2112 977 2184 te: isto modo accipiendo creationem. ⁋ Ad argumen¬
255 2163 974 2225 ta prime quaestionis ad illud de demonstratione et pas
262 2204 983 2268 sione: dico quod passio non potest demonstrari de sub¬
262 2250 971 2307 iecto per causam extrinsecam demonstratione vniversali: vniuer
261 2291 974 2346 salitate temporis et suppositorum puta quod omnis luna sem¬
251 2345 971 2411 per sit eclipsabilis: sed conclusio quae demonstratur pro causam
258 2389 971 2445 efficientem aliquando est nobis nota per experientiam
252 2421 971 2493 aliquando per demonstrationem: sed illa demonstratio est
250 2481 971 2535 particularis saltem particularitate temporis puta quod
255 2520 977 2584 luna modo eclipsatur et illud potest demonstrari per
255 2567 975 2624 causam efficientem si sit naturalis: sed si sit libera
245 2609 967 2666 tunc non potest. sic est in proposito: quia deus est causa
246 2647 968 2732 libera respectu cuiuslibet effectus: ideo non po
1119 263 1844 344 test esse medium ad demonstrandum aliquem effectum.
1104 320 1846 389 ⁋ Ad aliud dico quod sicut deus intelligendo se in
1116 379 1843 436 tellexit omnia: ita volendo se vult omnia voluntate com¬
1105 415 1747 491 placentie non efficaci. Questio. VI
1272 468 1827 568 Trum deus sit cau
1288 553 1827 614 sa omnium secundum intentionem philosophorum: et vide
1265 596 1826 657 tur quod non. Tum quia cum agit per intelle¬
1115 644 1823 698 ctum et voluntatem deus intelligeret alia a se. et
1107 685 1823 748 sic ab eis dependeret et vilesceret intellectus
1104 728 1824 794 eius. Tum quia mouet vt amatum et desideratum. er¬
1113 772 1821 837 go non vt efficiens. Sed contra. commentator pri
1105 809 1820 879 mo phisicorum commento vltimo per motum probat
1116 861 1815 919 deum esse et per eternitatem motus: probat eternita¬
1110 911 1825 960 tem mouentis: quod non esset nisi motus esset ef¬
1099 951 1828 1016 fectus dei ⁋ Ad primum in contrarium dico quod philosophus
1105 992 1834 1045 intendit quod non intellexit alia a se recipiendo co¬
1114 1038 1821 1098 gnitionem ab aliis: ita quod alie essent cause efficien
1105 1088 1818 1146 tes respectu sue cognitionis: sicut sunt respectu
1104 1123 1812 1186 nostre: tunc enim vilesceret intellectus suus tamen
1105 1165 1809 1228 intellectio sua vnica terminatur ad essentiam suam
1110 1213 1824 1275 et omnia alia et hoc est maxime perfectionis et nobi
1099 1257 1817 1321 litatis. ⁋ Ad aliud dico quod si deus comparetur
1101 1299 1821 1365 ad intelligentias: tunc est causa efficiens earum
1102 1342 1812 1409 si autem comparetur ad alia quae deus producit sicut
1107 1387 1820 1447 causa partialis cum intelligentiis: sic licet sit cau
1098 1433 1814 1499 sa efficiens respectu illorum productorum ab intel
1086 1475 1806 1541 ligentiis immediate concurrens: sicut prius di¬
1091 1529 1811 1588 ctum est: tamen mouet intelligentias ad produ
1096 1572 1814 1631 cendum illos effectus partialiter cum eo sicut ama
1093 1615 1813 1673 tum et desideratum. quia intelligentie causant alia
1090 1650 1823 1718 propter deum tanquam propter finem cuius causali¬
1096 1703 1809 1757 tas est amari proprie et desiderari. et sic dicitur
1093 1741 1806 1809 mouere alia agentia secunda sicut amatum: quia
1086 1784 1817 1851 omnia ordinantur ad ipsum tanquam ad finem: et sic pa¬
1087 1831 1803 1886 tet quod deus respectu eiusdem effectus est cau¬
1083 1873 1802 1939 sa efficiens partialis: et causa finalis. sed poti¬
1087 1922 1805 1979 us dicitur deus amari ab intelligentiis: et non
1087 1964 1814 2029 desiderari: quia desiderium est respectu non ha¬
1086 2006 1796 2072 biti: sed ipse semper habent deum et eum semper
1084 2057 1793 2113 amant. ⁋ Aliam est opinio quod philosophus intelligit quod
1084 2093 1796 2160 deus est causa efficiens respectu generabilium
1086 2140 1794 2199 et corruptibilium et non respectu substantiarum
1081 2178 1800 2249 separatarum. Quod probatur: quia quod est ab alio ef
1086 2223 1794 2290 fectiue habet in se potentiam ad nonesse. sed quod
1081 2270 1797 2334 est necessarium nullo modo habet potentiam ex se
1087 2312 1797 2378 ad non esse. Cum igitur substantie separate sint causae ne
1081 2357 1794 2421 cessarie sequatur etc. ⁋ Iste commentator secundo meta¬
1077 2404 1801 2468 phisice. nihil est necessarium effectiue ab alio ni
1077 2450 1805 2512 si motus. ergo etc. ⁋ Item commentator. xii. meta¬
1078 2491 1793 2554 phisice commento. xliii. nihil fit nisi quod extrahitur
1065 2536 1795 2602 de potentia ad actum: sed nullum necessarium est huiusmodi.
1081 2575 1787 2636 ergo etc. Item producens est prius producto natura
1074 2632 1793 2686 igitur potest esse sine eo: et sic iliud productum non est neccessarium.
1065 2673 1808 2750 ⁋ Item cui non conuenit diffinitio nec diffinitum
