2300 3097
306 255 1009 323 obiectum est causa partialis sine aliqua intelle
300 316 1003 370 ctione et volitione praeuia. Item agere extra se (cum sit
310 367 1003 415 perfectionis) potest competem angelo sine accidente me¬
301 407 1003 461 dio. ⁋ Ite illud quod dicit quod abstractius a materia
294 461 1004 504 est perfectius: videtur falsum. Quia celum secundum eum est ma¬
294 495 1001 551 gis abstractum a materia quam anima intellectiua: et tamen
298 543 997 592 non est perfectius. quia non viuum non est perfectius viuo secunu
297 590 1003 638 eum. ⁋ Ite quod dicit accidens non esse principium substam
288 633 1007 683 tie quia est imperfectius: non videtur verum. quia secundum eum causa par
289 675 995 731 tialis potest esse imperfectior effectu. patet de obiecto
298 715 1004 765 quod est imperfectius actu intelligendi puta albedo.
292 759 1001 808 Et in generatione vermis per putrefactionem: vbi cau
294 805 1006 850 se multe concurrentes sunt non animate: et productum
294 848 1007 902 est animatum. Cum igitur causa imperfecta potest concurrere cum
294 896 997 947 causa perfecta ad producendum effectum perfectiorem: sequitur
300 938 997 994 quod creatura potest cum deo concurrere ad producendum
288 984 994 1041 aliam causam. Et sic non probat quin imperfectius potest creare
291 1030 991 1080 perfectius partialiter: licet non totaliter. Et hoc pater
300 1067 994 1118 in generatione vniuoca: quia multi parui ignes possunt
285 1123 1000 1166 generare perfectiorem ignem aliquo illorum. Ite qualita
286 1159 1000 1206 tes prime videntur esse principium producendi sub¬
288 1198 1005 1256 stantiam: quia videmus per experientiam quod substantia cum aliqua
289 1242 998 1297 bus accidentibus producit substantiam. Patet de
292 1287 1006 1348 igne generante ignem. et cum accidens producat sub¬
292 1332 995 1379 stantiam: accidentia sunt cause partiales respectu
286 1379 994 1441 substantie. Confirmatur: quia effectus dependet sufficien
282 1423 1005 1478 ter a suis causis essentialibus. cum ergo ignis non po¬
289 1463 1005 1522 test naturaliter generare ignem sine qualitatibus: igi
289 1511 995 1569 tur qualitates sunt cause partiales respectu sub
292 1553 995 1605 stantie. Si dicas quod agunt in virtute substantie: hoc
292 1602 1001 1647 nihil est: quia ita immediate possunt concurrere ad cau¬
289 1638 992 1687 sandum substantiam sicut ssubstantia: et econuerso. Item contra
280 1682 1002 1742 hoc quod dicit quod terminus formalis non potest esse
283 1726 989 1791 absolutior principio: quia tam materia quam forma ma¬
289 1773 1002 1825 terialis substantialis et accidentalis potest esse causa
281 1821 1001 1873 partialis respectu cognitionis intuitiue angeli
286 1865 999 1913 vel alterius: et illa cognitio est absolutior et ab
282 1904 986 1956 stractior a materia quam aliquod aliorum. ergo etc. Et sic
283 1948 995 1995 illud est falsum quod principium non est absolutius tam in
277 1993 992 2048 producendo quam in essendo. Item conlusiohoc quod ponit quod
280 2038 986 2087 creatura non potest causare et conseruare formam sine
286 2082 996 2135 materia ad quam inclinatur: quia creatura concurrit
282 2126 989 2176 ad conseruandum accidens in eucharistia sine sub¬
286 2168 992 2213 iecto. ergo videtur quod non sit aliqua ratio quare non concur¬
279 2213 985 2266 rat cum deo ad causandum illud de nouo sine sub
281 2255 987 2306 iecto. ergo eodem modo do potest esse de forma substantiali
294 2294 993 2356 Nec inclinatio opposita ad materiam aliquid fa¬
286 2342 999 2401 cit: quia agens naturale potest conseruare graue sur¬
283 2388 996 2444 sum conclusio uam inclinationem. Item non probat quod forma
277 2429 983 2479 sit necessario posterior materia. Quia licet sit ita
283 2475 992 2535 de facto: tamen deus potest facere formam per se sine ma
282 2522 994 2569 teria. Et hoc priusque informet materiam: ergo concur¬
280 2562 994 2622 rente causa naturali partialiter cum deo potest
283 2602 993 2670 fieri forma per se. Ideo dico quod ista conclusio
269 2652 993 2712 non potest demonstrari: tamen persuadeo eam licet
1117 267 1817 347 non possit demonstrari contra philosophum. Primo pro
1107 332 1825 383 bo quod creatura non potest esse causa totalis na¬
1120 377 1819 424 turalis creature sic. Quia principium totale na
1117 417 1820 473 turale equaliter se habens ad plura eiusdem ra¬
1114 463 1821 515 tionis vel producit omnia vel nihil: sed si creatura
1113 500 1819 559 potest creare aliquod indiuiduum eiusdem rationis
1111 555 1817 607 qua ratione vnum et infinita. quia ex quo est agens
1108 593 1820 641 naturale equaliter respicit omnia. ergo crearem de
1107 638 1816 685 facto infinita indiuidua: hoc falsum est. ergo etc.
1120 684 1820 735 ⁋ Secundo probo quod non potest esse causa naturalis
1108 726 1817 783 partialis creature: quia tunc per eandem rationem
1114 773 1817 821 quae prius posset esse causa naturalis partialis re¬
1105 813 1817 872 spectu infinitorum: quod est incoueniens. Quod patet
1119 862 1819 916 qui non est verisimile quod creatio crature semper su
1117 911 1823 959 spendatur ab actione sua. ergo si non suspendatur:
1105 950 1822 1002 potest saltem partialiter producere infinita: quod
1104 998 1817 1043 falsum est. Tertio probo quod non potest esse causa
1103 1033 1816 1086 libere creans: quia non potest esse libera nisi per vel
1105 1082 1819 1127 le: sed voluntas potest velle infinita: ergo si esset li
1107 1122 1819 1176 bera posset producere infinita: quod falsum est si¬
1105 1171 1814 1217 cut prius. Si dicas quod non potest velle infinita
1104 1215 1827 1263 singularia: saltem potest velle aliquod vniuersale
1117 1256 1823 1304 quod respicit infinita vel nullum. Similiter licet per vnam vo¬
1105 1296 1826 1345 litione non possit velle infinita: tamen per infini¬
1105 1344 1814 1400 tas volitiones potest velle infinita successiue: ergo
1104 1394 1804 1441 potest infinita totaliter vel partialiter creare
1114 1433 1811 1490 quod est inconueniens. ⁋ Sed contra ista arguitur
1104 1477 1808 1523 quia creatura potest producere calorem isine sub
1099 1519 1817 1573 iecto: et si deus produceret calorem sine subiecto
1114 1565 1810 1616 etiam posset conseruare calorem sine subiecto. quia
1101 1612 1808 1665 equaliter differunt a subiecto: ergo iste calor
1101 1654 1812 1709 causatur per calefactionem: quia vtrunque produci
1105 1700 1816 1745 tur a creatura sine subiecto. ⁋ Si dicat quod cale¬
1093 1734 1804 1789 factio dicit respectum ad subiectum et passum: et
1099 1785 1811 1833 ille respectus non potest esse nec denominare nis¬
1102 1828 1814 1880 sit in subiecto sicut calor. ⁋ Contra. deus potest
1096 1875 1811 1926 calorem facere cum respectu ad causam productiuam
1101 1915 1804 1976 sine respectu ad subiectum vel passum: et ille. re¬
1089 1956 1807 2019 spectus sufficit ad hoc quod sit calefactio. ⁋ Si di¬
1099 2008 1805 2053 cas quod respectus non tantum dependet a funda¬
1096 2050 1805 2100 mento et termino: sed etiam a subiecto. Contra
1096 2093 1811 2145 si secundum potest esse sine primo: et tertium potest. sed
1098 2134 1803 2191 fundamentum respectus potest esse sine subie¬
1101 2183 1814 2225 cto. ergo et respectus potest esse. ⁋ Item respe¬
1093 2220 1814 2271 ctus dependet ad subiectum mediante funda¬
1087 2274 1809 2321 mento: ergo remanente fundamento et termi¬
1096 2311 1796 2365 non remanebit respectus. ⁋ Ite quando aliquid
1093 2353 1814 2415 habet duas dependentias quarum vna est prior
1102 2405 1810 2450 alia: vna potest esse sine alia: et tunc forma po
1099 2449 1799 2502 test esse cum prima dependentia sine secunda: sed
1099 2489 1814 2547 calor dependet ad agens et ad subiectum: et de¬
1098 2529 1801 2585 pendentia ad agens est prior quod dependentia ad
1101 2574 1805 2629 subiectum: ergo potest fieri cum dependentia ad agens
1083 2619 1808 2669 sine dependentia ad subiectum: quia prius potest fieri sine
1086 2668 1839 2726 posteriori. ⁋ Iste quod potest conseruare aliquid sine
