2220 3072
428 221 1151 291 sine mutatione: quare oportet ibi esse mutationem de
439 282 1141 335 non esse ad esse. sed mundus inquantum creatura est hu
432 318 1154 373 iusmodi maxime loquendo de creatione vt fideles
441 373 1144 420 loquuntur: quae est quando creatura sic producitur a deo quod
433 411 1150 467 non esse eius precessit esse non solum in intellectu si
439 453 1144 505 cut posuerunt philosophi sed quod praecedat in re quia aliter non
435 495 1144 551 fieret realiter de nihilo: cuius contrarium tenet fides: ergo
444 543 1144 598 creatura producitur a deo non solum quantum ad suum esse
432 587 1144 640 sicut filius procedit a patre in diuinis: sed quan
435 633 1141 682 tum ad fieri. Nunc autem actus creationis est indi¬
429 675 1141 726 uisibilis quantum ad durationem carens omni successione
438 724 1144 779 et duratione a parte ante et a parte post: quia est subi¬
429 774 1151 821 ta et simplex mutatio: ergo creatio non potest esse ab
445 809 1150 858 terno: quia sic careret duratione a parteante: quia non est
435 853 1144 910 successiua a parte ante. sic ergo apparet contradictio: quia
435 896 1141 947 si creatura fuisset ab eterno non haberet esse post no
432 942 1142 990 esse acquisitum: sed semper haberet solum factum esse. et per hoc
432 985 1144 1049 quod est creatura ponitur quod habet esse acquisitum post non
445 1030 1150 1085 esse: quod non est contrdictio. Confirmatur quia quando aliquid
441 1074 1138 1129 puenit alicui ex natura sua impossibile est quod eius
442 1120 1147 1175 oppositum conueniat sibi simul duratione: quia aliter contradi
444 1172 1144 1219 ctoria essent simul vera. sed creaturasecundum omnes philosophos et
433 1202 1153 1271 snctos de se est nonens: ergo pro eadem mensura non potest
435 1258 1147 1309 habere esse et non esse: ergo pro alia. Si dicatur quod de ratione
441 1299 1144 1347 creature non est quodhabeat esse post non esse: ita quod
423 1343 1154 1399 non esse praecedat esse duratione: sed dicitur habere esse post
435 1391 1138 1437 non esse: quia deus potest non fecisse creaturam ab eter
430 1429 1141 1484 non sicut potuit eam facere ab eterno: ita quod non
431 1471 1149 1520 esse creature non praecedit necessario suum esse: nisi¬
426 1512 1147 1567 secundum intellectum vel naturam et non duratione ⁋ Con¬
433 1556 1154 1612 tra secundum philosophum omne quod est quando est necesse est esse ita
446 1602 1151 1665 quod pro tempore pro quo est non est in potentia: vt: non sit nec
441 1655 1153 1703 ex parte sui nec ex parte efficientis: quia aliter duo contra¬
441 1698 1150 1745 dictoria possent simul esse vera: et eodem modo est de
444 1737 1147 1802 eo quod fuit pro tempore quo fuit: quia necessarium est fuis¬
432 1779 1157 1836 se. similiter de eo quod erit pro tempore pro quo erit necessarium
438 1827 1153 1879 est fore: ita quod in nullo istorum est potentia ad contrarium
441 1870 1153 1929 pro eodem tempore quo ponuntur actus. Sed si sit poten
445 1909 1154 1963 tia ad contrarium: hoc esset pro alia mensura priori in qua il
435 1955 1150 2005 le actus potest impediri: et hinc est quod illud quod est et
441 1997 1151 2050 quod non potimpediri absolute necessario est: sed
444 2040 1151 2099 li mundus huisset esse ab eterno nunquam fuisset po
439 2088 1151 2144 tentia praecedens per quam actus essendi eius poterat im
440 2130 1162 2186 pediri pro aliquo instanti. ergo si fuisset ab eterno ab¬
441 2176 1145 2230 solute necessario fuisset ab eterno: et nullo modo
444 2222 1147 2287 contingenter. ⁋ Preterea si non esse praecedat esse
448 2264 1144 2313 ecundum naturam solum creature aut in illo priori creatu
442 2309 1153 2361 ra suit realiter nonens aut ens. si primum habetur
431 2352 1159 2417 propositum quod non esse praecedat esse in re. si secundum er¬
438 2395 1156 2459 go creatura fuit anteque fuit. ⁋ Similiter quod conuenit
435 2443 1159 2495 alicui naturaliter sibi conuenit realiter. patet indu¬
447 2491 1160 2542 ctiue. si ergo non esse conuenit creature ex natura sua
450 2536 1153 2579 duenit sibi realiter. Iste sunt meliores rationes vt
440 2577 1163 2625 credo ad probandum quod repugnat creature fuisse
441 2622 1156 2677 ab eterno. Sed istis rationibus non obstantibus
1257 223 1963 280 videtur quod nulla sit manifesta contradictio creaturam
1261 276 1967 324 fuisse ab eterno: nec repugnat: nec ex parte dei:
1257 322 1961 366 nec ex parte creature. Si dicas quod loquendo de cre
1254 363 1960 412 atione vt christiani loquuntur sic est repugnantiam
1254 408 1963 461 qui sic non esse creature realiter praecedit esse: et si
1260 460 1964 504 ruisset ab eterno non realiter praecederet. Dico quod
1255 496 1970 550 loquendo de creatione sic nulla est ratio. quare an illud
1254 537 1972 594 quod necessario producitur post non esse posset produ¬
1255 583 1967 630 ci sine duratione praecedente nullum est dubium: quia
1260 629 1976 675 pratedictio est. Sed hoc queritur in quaestione vtrum illud
1254 667 1975 729 quod producitur sic quod eius non esse realiter praecessit esse
1263 715 1963 763 vt ponitur fide vel etiam per fidem posset sine repu
1248 760 1972 822 gnantia sic produci quod eius non esse non praecedat suum
1252 808 1976 850 esse duratione. et hoc dico non videtur esse aliqua mani¬
1246 850 1973 899 festa contradictio: nec ex parte dei nec creature: licet ratio¬
1255 893 1973 944 nes in contrarium possint faciliter solui: ita quod satista
1249 937 1972 985 cerent audientibus. Et ita dico quod si deus potest face
1257 984 1969 1032 re quicquid: non includit contradictionem: potuit mundum
1248 1025 1960 1073 fecisse ab eterno. ⁋ Ad rationes in contrarium. Ad primam
1248 1073 1957 1118 respondeo quod secundum istam via oportet concedere quod infinite
1248 1115 1963 1168 reuolutiones sint actualiter pertransite sicut dicit
1242 1164 1961 1217 ratio hoc non debet vitari tanquam inconueniens: sed debet con¬
1248 1201 1973 1258 cedi tanquam consequens. ⁋ Ad secundam concedo quod infini¬
1255 1249 1973 1300 te possent esse anime in actu: et infinite passio
1248 1293 1960 1345 nes anime in actu: sed ex hoc non sequitur quod
1248 1345 1966 1393 aliquid aliud a deo sit infinite perfectionis: quia ille anime
1242 1386 1969 1436 non possunt facere aliquod vnum. Si dicas quod ad
1251 1425 1985 1473 minus oportet concedere quod aliqua extra deum habent tot
1261 1470 1982 1523 perfectiones quot et deus. Respondeo quod non habent plu¬
1257 1517 1978 1572 res perfectiones quam deus: quia deus nullam habet formali
1254 1556 1970 1611 ter nisi vnam: immo est tantum vna perfectio quae est sua est
1263 1599 1978 1654 entia: nisi vocet habere virtualiter. sic habet plures
1257 1651 1966 1701 perfectiones: quia potest creare omnem effectum. et sic de
1255 1686 1970 1743 aliis ⁋ Ad tertiam concedo quod infinita essent exces
1260 1737 1971 1788 sa sicut probat ratio: et quod vnum infinitum esset ma¬
1249 1784 1976 1833 inus alio sicut reuolutiones lunc excedunt reuo
1258 1823 1976 1869 lutiones solis. ⁋ Ad aliud dico quod nulla reuolu
1251 1868 1973 1922 tio distat in infinitum a reuolutione hodierna:
1260 1909 1978 1964 quia haoc est vniversalis cuius quaelibet singularium est vera
1260 1954 1963 2005 qui nec illa nec ista. et sic in infinitum. Et quando dica
1255 1999 1973 2052 tur vltra. ergo omnes simul sumpte sunt infinite: consequentia non
1255 2045 1975 2087 valet. Iustantia est de partibus continui vbi nulla
1266 2089 1976 2147 pars distat in infinitum a quacunque parte continui as¬
1251 2123 1970 2185 signata loquendo de distantia quae est inter partes eius¬
1260 2173 1970 2226 de quantitatis: et tamen non sequitur. ergo omnes partes conti
1255 2218 1970 2273 nui sunt infinite. et ratio est: quia illa consequentia numquam valet
1260 2268 1972 2323 nisi vbi est dare certum ordinem partium: ita quod sit
1257 2307 1963 2361 ibi dare primum et secundum et tertium: quorum nullum est
1257 2352 1969 2406 pars alterius: sed sic non est de continuo nec in reuolu
1260 2395 1972 2450 tionibus. Et ad confirmationem dico quod sicut in con
1254 2441 1969 2487 tinuo permanenti quaelibet pars finita et distincta ad
1260 2485 1976 2531 dita alteri facit finitum: et tamen in isto continuo sunt
1260 2526 1981 2581 infinite partes actu extra causam sua. Ita quaelibet
1255 2574 1970 2618 reuolutio addita alteri sit finita: et tamen omnes reuo
1264 2617 1979 2690 lutiones coniuncti sumpte sunt infinite. Si dicas
