2255 3055
426 227 1132 310 ab eterno et infinite reuolutiones fuissent actuam
429 293 1146 355 liter pertransite: et deus in quolibet fecisset vnam di¬
431 342 1132 396 uisionem continui fuissent infinite partes actualiter
429 385 1131 444 diuise a continuo et staret vna diuisio praeterita ad
429 427 1138 492 infinita: et adhuc esset diuisio infinita futura quae
429 469 1133 530 numquam posset esse sine infinitate perfectionis ⁋ Pre
435 516 1136 573 terea secundum philosophum est dare minimum naturale in quo
435 558 1145 620 libet sicut minimam carnem. etiam illa caro habet infi¬
435 605 1142 663 nitas partes ⁋ Ad primum respondeo quod ideo dicit philosophus
437 651 1132 714 quod sunt in potentia: quia non sunt in actu separato
432 689 1138 752 non autem intelligit quod illo modo sunt in potentia quae anima
433 732 1138 793 antichristi est nunc in potentia quando nihil est: quia si sic
423 778 1144 841 nunquam possent componere res in continuo: ergo intel
431 825 1141 885 ligit quod sunt aliquid extra causam sua. sed sunt in poten¬
432 868 1154 924 tia: quia quaelibet pars in continuo non est quoddam totum
436 914 1136 972 separatum per se existens. ⁋ Ad aliud dico concedendo quod
435 958 1146 1033 pares infinite actu fuissent diuise a continuo po¬
432 1000 1147 1061 sita ypothesi: et quod staret diuisio ad infinitas per¬
435 1042 1144 1114 tes actu: et quod ille partes essent adhuc diuisibiles
445 1085 1154 1150 ed ex hoc non sequitur quod totum compositum continuum ex vtris¬
437 1132 1144 1191 que partibus sit infinite perfectionis propter causas dictas
434 1175 1151 1244 prius. ⁋ Ad aliud dico quod non est dare minimum na
435 1220 1156 1277 turale quin semper posset diuidi in partes minores
435 1265 1141 1325 in infinitum retenta eadem forma naturali. sicut patet
446 1309 1148 1368 de carne quod non est dare minimam carnem quae non pos
444 1352 1150 1415 set diuidi in minorem in infinitum saltem per potentiam
447 1397 1157 1461 diuinam. Et ad philosophum dico quod intelligit quod est da¬
436 1439 1156 1502 re minimum naturale et minimam carnem quae non potest
440 1481 1160 1545 existere per se et resistere agenti extrinseco corrum
437 1530 1151 1600 penti puta frigido et calido etc. ita quod si esset mi¬
444 1571 1161 1638 nor caro non posset naturaliter resistere agentibus
441 1615 1156 1676 exterioribus: sed statim propter defectum potentie resi¬
441 1654 1166 1726 stendi cederet incotinuis sic quod corrumperetur for
450 1717 1153 1768 ma carnis et induceretur forma noua alicuius alte
441 1750 1164 1808 rius: sed posset deus suspendere actiones agentium
446 1794 1157 1851 extrinsecorum et conseruare a corruptione et semper di¬
449 1836 1165 1902 uideretur in partes minores et minores in infnitum
446 1881 1159 1937 ita quod tunc nunquam stabit diuisio ad minimam parten
452 1931 1165 1980 carnis. Nec quaecunque pars diuisa vel diuidenda ce¬
447 1964 1168 2024 deret incontinuis propter suspensionem agentium ex¬
448 2010 1166 2071 trinsecorum et conseruationem carnis a corruptione.
441 2063 1163 2115 ⁋ Ad aliud argumentum principale dico quod illud ar¬
443 2105 1166 2168 gumentum fundatur super falsum: scilicet quod omnia infinita sunt
454 2144 1154 2203 equalia quod falsum est posito ypothesi. Patuir
447 2190 1160 2253 enim prius quod reuolu: ioeones solis pertransite sunt infini¬
453 2231 1159 2297 te si mundus fuisset ab eterno: et similiter infinite re¬
453 2275 1172 2335 uolutiones lune quae sunt plures quam reuolutiones so¬
456 2320 1167 2386 lis: et ideo posita ypothesi debet concedi quod infinitum
453 2365 1169 2424 est maius infinito et exceditur ab infinito. et per consequens
455 2410 1165 2466 infinitum non est equale infinito. et hoc siue comparetur in
443 2457 1163 2507 finitum ad infinitum pertransitum: siue ad infinitum pertrans
450 2500 1169 2559 eundum. patet enim manifeste si mundus fuisset ab et¬
452 2543 1168 2601 non quod totum tempus praeteritum compulatum ad principium
455 2584 1166 2648 huius dici esset infinitum actualiter: et similiter totum tempus prae
462 2626 1175 2706 teritum compulatum ad finem huius diei esset infinitum
1254 224 1948 301 actualiter. et tamen esset maius quam totum tempus praeteritum
1244 285 1952 337 compulatum ad principium huius diei ad minus per
1255 327 1958 380 vnum diem esset maius. Eodem modo dico: quod totum
1248 370 1963 424 tempus preteritum compulatum ad principium huius diei: et
1247 414 1946 470 totum tempus futurum compulatum ad principium hui
1243 456 1954 520 diei non sunt equalia: sed vnum est maius alio. sed quod
1251 501 1959 558 est maius et quod minus difficile est nos iudicare.
1246 556 1948 602 Cum ergo illa tota deductio fundetur super istam totam pro¬
1248 592 1957 659 positionem omnia infinita sunt equalia: quae falsa est: vt
1239 630 1948 698 probatum est. manifeste patet: quod non sequitur quod pars sit
1249 689 1954 740 maior toto ⁋ Ad aliud dico: quod non sunt praecise tot
1240 720 1954 779 reuolutiones future quot praeterite data ypothes¬
1238 777 1956 829 simpliciter: sed sunt plures vel pauciores: sicut patet
1245 824 1960 873 ex dictis. Sed posito quod praecise sint tot. tunc dico
1254 852 1969 916 quod omnes reuolutiones future non possent pertransiri
1248 898 1967 960 qui sunt infinite. quia istud est generaliter verum: quod in¬
1255 942 1961 998 finitum quod est aliquando pertranseundum numquam potest actua
1258 986 1963 1047 liter pertransiri: nec vnquam potest dari vltimum huius infi¬
1251 1030 1958 1089 niti. et hoc propter multitudinem suam semper accipiendam
1255 1076 1957 1132 in infinitum: quod in nullo instanti fuit pertranseundum
1257 1118 1961 1176 sed semper fuit pertransitum. sed quod nunquam fuit pertranseum¬
1255 1168 1969 1224 dum non oportet ipsum esse finitum: sed potest esse infini¬
1255 1208 1976 1264 tum. nunc autem si mudus fuisset ab eterno omnes reuo¬
1259 1256 1970 1311 lutiones praeterite nunquam suissent pertranseunde: quia in
1255 1300 1975 1353 nullo instanti durationis hec esset vera omnes iste
1257 1339 1960 1398 reuolutiones demonstratis omnibus praeteritis sunt
1257 1389 1972 1452 pertranseunde. ergo non sequitur conclusio ⁋ Ad primam ra
1251 1434 1963 1486 tionem gaufredi dico: quod deficit duplicitur. Primo
1260 1471 1976 1537 quando accipit quod creatura est non ens secundum suam natu¬
1263 1520 1969 1582 ram. ita quod necesse est secundum ipsum quod non esse creature
1269 1563 1981 1616 a parte rei praecedat suum esse. Patet enim quod haec est fal
1266 1607 1972 1664 sa. creatura est nonens secundum naturam suam. quia si sic per
1260 1653 1969 1709 nullam potentiam posset fieri ens. et si aliqui auctoit
1264 1699 1979 1754 res dicunt quod creatura est nonens de se. Dico quod per
1257 1752 1969 1802 tales affirmatiuas intelligunt negatiuas. scilicet quo
1260 1794 1972 1842 creatura secundum naturam suam non est ens: nec habet esse
1257 1825 1981 1887 etc. quia a se non habet creatura: sed ab alio. sicut patet
1262 1871 1973 1933 in reportatione nostra vbi tractatur de esse cognito
1264 1913 1970 1975 esse ab eterno et in ordine simplicitur. Tum quia non
1266 1959 1979 2017 sequitur creatura non est ens a se. ergo sibi repu¬
1265 2005 1975 2069 gnat fuisse ab etno ab alio. ⁋ Si dicas sicut ibi
1271 2049 1984 2107 videor dicere: quod opposita quae ordine nature com
1264 2094 1976 2152 ueniunt: eidem non possunt simul duratione sibi conueni¬
1263 2136 1976 2200 re propter oppositionem. sed esse et non esse ordine na¬
1270 2188 1982 2247 ture conueniunt creature. quia prius naturaliter est crea
1262 2230 1971 2280 tura non ens quam ens. Respondeo quod sict dicit scotus: quod
1269 2265 1979 2329 bene ista ratio concludit: quod materia non potest simul
1272 2313 1982 2374 duratione produci sub forma. quia priuatio et forma
1270 2370 1975 2421 ordine nature conueniunt materie: et prius natura
1275 2403 1989 2458 est materia sub priuatione quam sub forma. ideo dico
1269 2451 1987 2511 sicut dicit scotus: quod propositio accepta est vera de
1274 2488 1987 2553 positiue oppositum: ita quod vtrumque sit positiuum: quia si
1268 2539 1981 2593 sint aliqua opposita positiua quae conueniunt alicui
1270 2590 1994 2634 ordine nature: tunc oportet quod vtrumque illorum sibi rea¬
1273 2617 1996 2679 liter conueniat. et per consequens non possunt simul eidem conuenire.
