2329 3096
337 260 1064 320 candore de sole et splendore obiecto. soli et de pe
346 310 1058 366 de stante ab eterno in puluere et vestigio eius.
349 355 1049 405 ⁋ Preterea deus potest facere quicquid non includit
349 403 1058 457 contradictionem: sed mundum fuisse ab eterno non
340 440 1053 508 includit contradictionem. ergo etc. Questio. ix.
501 498 1059 594 Trum motus sit de
513 577 1038 632 ra res extra animam differens realiter
511 627 1040 672 a mobili et a termino. ⁋ Quod sic probatur
349 672 1040 726 ui motus est quid successiuum. terminus motus est quid
340 719 1047 764 prmanens. sed successiuum distinguitur a prmanente. er
339 764 1037 810 go etc. ⁋ Istem quando aliqua sic se habent quod vnum maneat
334 802 1039 848 alio non manente: si sint res distinguntur realiter
337 843 1046 890 ed mobile et terminus manent destructo motu. er¬
337 888 1033 947 go etc ⁋ Ad oppositum quaento phisicorum motus est in
324 934 1045 979 eodem genere cum termino motus non vt distinctum reali
321 976 1045 1038 ter ergo vt idem. ergo etc. ⁋ hic est vna opinio communis omni¬
318 1016 1037 1067 bus quod motus addit aliquid distinctum ex natura
331 1067 1042 1112 rei super mobile et terminum: et illud secundum aliquos est
313 1112 1043 1166 absolutum secundum aliquos est respectiuum. ⁋ Quod aut ali
321 1153 1036 1213 quid addat probatur multipliciter. primo sic. quando duo
319 1196 1031 1256 sic se habet quod vnum est permanens habens omnes par
316 1246 1030 1291 tes simul. et aliud nec est prmanens nec habet omnes par¬
312 1289 1030 1334 tes suas simul: illa differunt realiter motus mobile ter
319 1332 1037 1378 minus sic se habent. ergo etc. ⁋ Item quanto phisicorum di
312 1383 1032 1426 cit philosophus quod non est tanta vnitas in motu sicut in for
318 1418 1028 1475 ma quaescente. ergo etc. ⁋ Ite auicenna secundo phisico¬
318 1465 1030 1505 rum caplo primo. dispositiones motus non sunt stabi¬
315 1503 1036 1555 les. ⁋ Et post. Abhorreo dicere quod nigrescere est
315 1549 1027 1612 nigredo. ergo etc. ⁋ Item nono metaphisice operatio
313 1591 1040 1637 transiens et terminus distinguntur realiter licet non sic
312 1635 1030 1696 sit de operatione immanente. motus autem est operatio transi
312 1682 1033 1731 ens. ergo etc. ⁋ Item quando duo sunt agentia quae non pos¬
319 1723 1025 1771 sunt agere in idem passum eadem actione: ille actio
318 1769 1033 1817 nes realiter distinguntur. sed duo calida non pos¬
321 1810 1028 1869 sunt calefacere idem subiectum calefactione eadem
325 1853 1031 1910 ergo distinguntur. Tunc sic. si actiones distinguntur rea¬
319 1902 1031 1950 liter et passiones sibi correspondentes: sed passio
319 1942 1024 1992 fundatur in motu. ergo hec distinguntur: sed motus et ter
319 1989 1025 2044 minus non sunt idem. ergo motus distinguitur a ter¬
313 2033 1034 2097 mino ⁋ Item quaento phisicorum commento quarto. IMo
324 2074 1037 2129 tus est via ad perfectionem. ergo est aliud a perfectione.
310 2118 1034 2174 ⁋ Item quanto phisicorum motus habet triplice considera¬
311 2169 1031 2223 tionem: quare ibi. ⁋ Item motus est in eodem genere cum ter¬
315 2210 1021 2256 mino ad quem: aut ergo per se aut per reductionem lised
312 2255 1024 2306 per se tunc est indiuiduum per se in genere et non potest esse
313 2305 1038 2351 terminus: quia terminus semper manet vel potest mane
312 2343 1025 2390 re: ergo motus si esset idem cum termino semper mane¬
306 2382 1022 2434 ret. hoc falsum est. ergo etc. si per reductionem tunc distin
309 2431 1021 2479 guitur realiter ab illo quod est per se in genere. exem
309 2476 1027 2528 plum de materia forma et composito. ⁋ Item respe¬
319 2518 1031 2568 ctu eiusdem termini possunt esse duo motus incom
321 2560 1031 2611 possibiles puta respectu eiusdem vbi potest esse mo
307 2608 1022 2655 tus circularis et motus rectus et motus sursum
316 2653 1031 2714 et motus deorsum: sed isti motus non sunt idem inter
1165 265 1865 335 se. ergo nec cum termino. Similiter eadem albedo potest
1156 320 1872 377 acquiri per alterationem factam a magis intenso albo
1159 365 1872 420 ad minus intensum. puta si sit aliqui albedo inter al
1160 408 1877 469 bum intensum et remissum. Similit eadem quantitas
1156 459 1865 506 potest esse terminus augmentationis et diminutionis
1162 494 1866 558 ⁋ Item motus est passio mobilis. Et sic habet subie
1162 541 1871 604 crtum reale et passionem realem: cum scientia naturalis quae
1165 583 1869 644 osiderat de mobili tanquam de subiecto: et de mo¬
1159 634 1870 681 tu tanquam de passione sit realis sequitur quod distin¬
1159 676 1856 725 guuntur. Quia passio distinguitur realiter a subie
1156 723 1868 771 cto. ⁋ Istem secundum philosophum secundo phisicorum. motus localis
1147 768 1862 817 est perfectissimus motus inter omnes motus. sed si non di¬
1144 804 1865 861 stinguatur a termino est imperfectissimus. quia eius ter¬
1153 855 1857 917 minus est vnus respectus de genere vbi quae est imper
1146 894 1860 955 fectior quolibet absoluto. Contra istam opinione
1140 936 1863 993 arguo ponendo. vi. conclusiones. quarum prima est
1141 981 1862 1035 quod motus alterationis non dicit aliquid positiuum vel
1141 1031 1857 1080 tra res absolutas permanentes et respectiuas. si
1144 1074 1853 1125 ponantur respectus: quod probatur sic. quia si distinguitur.
1149 1119 1863 1180 a termino alterationis. aut ergo est in genere quantita
1135 1160 1853 1221 tis aut qualitatis: non qualitatis. quia in nulla specie
1141 1202 1851 1264 eius patet discurrendo per omnes eius species. Similiter deus
1150 1246 1868 1304 de potentia sua absoluta potest facere vnam qualitatem
1135 1290 1857 1359 sine omni alia successiue parte post partem. et hoc non potest
1147 1332 1856 1393 facere sine motu. quia vere illud subiectum recipies
1135 1376 1862 1430 illam qualitatem esset alteratum: et tamen nihil absolu¬
1141 1420 1865 1484 tum recipit qualitatem partialiter inductam a deo. ergo etc.
1144 1462 1865 1520 Nec est in genere quantitatis. patet discurrendo per
1149 1511 1865 1566 omnes species eius. quia nec est continua nec discreta. non
1147 1554 1869 1617 continua. quia nec linea nec superficies nec corpus
1128 1603 1856 1652 nec tempus nec locus. nec discreta quia nec nume
1137 1643 1862 1690 rus nec oro. ⁋ Item habitus intellectuales possunt au¬
1141 1688 1865 1745 gmentari. sed eorum augmentatio est alteratio. et tamen
1135 1737 1851 1793 in eis non est quantitas de genere quantitatis: cum sint
1134 1773 1848 1835 in anima. ⁋ Secunda conclusio est. quod motus augmenta
1146 1821 1863 1879 tionis non distinguitur a rebus permanentibus realiter
1147 1868 1856 1922 qui si sic: aut ille motus est in genere quantitatis: aut
1144 1911 1850 1970 qualitatis: non qualitatis. quia potest acquirere quantita¬
1143 1955 1854 2006 tem sine omni qualitate: saltem per potentiam diuinam. si
1129 1997 1850 2052 in genere quantitatis. ergo est idem cum quantitate quae ter¬
1136 2038 1846 2084 minat motum. quia si eet quantitas distincta non posset
1135 2083 1841 2136 deus facere vnum indiuiduum quantitatis sine alio quod
1131 2128 1844 2180 est falsum. ⁋ Tertia conclusio est quod motus localis
1132 2172 1848 2227 non distinguitur a rebus permanentibus. quia motus non est
1138 2215 1860 2272 perfectior termino motus. ergo cum terminus motus localiter
1137 2261 1845 2318 sit vbi: motus localis non dicit aliquid absolutum super
1141 2299 1841 2356 erminum et res permanentes. ⁋ Quarta conclusio est.
1144 2343 1843 2415 quod motus non est aliquid absolutum existens in genere per
1129 2396 1847 2446 reductionem et probatur sic. omne absolutum positiuum
1132 2438 1854 2501 existens in genere per reductionem est intrinsecum ali
1129 2483 1843 2531 cui existenti in genere per se: sine quo aliud in ge¬
1128 2520 1846 2580 nere esse non potest. Patet istud vniversaliter de materia et for¬
1128 2572 1839 2627 ma: nec species sine differentia: nec nuenus sine vni
1131 2612 1847 2676 tate: nec linea sine puncto. sed accipio minore. scilicet quod
1134 2657 1838 2714 motus non est pars essentialis nec aliquid intrinsecum
