2312 3095
301 266 1022 344 falsum. probatur: quia potest albedo per potentiam di
296 339 1014 391 uinam existere sine subiecto: et tunc non est album
304 379 1011 430 quod non esset verum si album esset intrinsecum albedi
303 428 1008 477 ni: quia nihil existit sine eo quod est sibi intrinsecum.
288 469 1012 530 ⁋ Ite tertio phisicorum motus est in tribus gene¬
298 514 1006 569 ribus et in eodem genere cum suo termino ad quem
289 551 1001 606 licet non per se secundum te: quia includit negationem quae non
291 603 1010 660 potest esse proprie in aliquo genere. ergo per redu
286 645 1014 697 ctionem. et sic habetur propositum. ⁋ Ite genus et dif
298 685 1014 744 ferentia ex quibus componitur diffinitio sunt in
293 730 999 785 genere: ita quod genus est per se in genere et differen
294 781 1000 833 tia per reductionem: et tamen neutrum est intrinsecum dif
288 822 1001 873 finito: quia ens rationis non est intrinsecum enti
292 867 1010 926 reali. ⁋ Item contra rationes videtur quod non pro¬
289 906 1011 971 bant: prima non. quia eodem modo arguo contra¬
289 955 1004 1008 te. Smne absolutum prius secundum durationem alio
289 997 998 1050 absoluto potest continuari et conseruari in infi¬
289 1048 1001 1095 nitum sine omni alio absoluto: sed motus per te
282 1089 1004 1135 est prior duratione termino: et dicit aliquid abso
283 1128 994 1197 lutum saltem quantum ad positiuum in eo: ergo aliquid potest
292 1172 996 1235 moueri motu recto in infinitum et nunquam attige¬
286 1217 1002 1280 re terminum. Similiter secunda ratio concludit contra
273 1266 992 1316 te. Quia sicut tum arguis de affirmationibus ar¬
286 1307 1006 1370 guo de negationibus: quia si due negationes pos¬
277 1351 1003 1406 sunt simul existere: et omnens: sed negatio in vno
278 1398 995 1450 motu potest coexistere alteri in alio motu: er¬
276 1434 996 1496 go due negationes eiusdem motus possunt simul
283 1489 995 1545 existere et si due. sequitur quod omns. et sic omns par¬
277 1526 987 1582 tes motus possunt esse simul: quo ad affirma¬
283 1573 1001 1632 tiones et negationes quod tamen negas. Ad pri
277 1614 996 1676 mum istorum dico quod aliqua est continuatio quae est ali
280 1660 989 1714 quorum facientium per se vnum quomodo partes linee
273 1706 984 1758 continuantur adinuicem: et talis non est in motu nec
277 1744 997 1798 in aliquo successiuo. Alia est continuatio qua
283 1792 990 1850 vnum succedit alteri sine medio: et talis continu
277 1837 980 1887 atio requiritur necessario in motu et non alia. ta
277 1878 984 1939 lia autem successiua sunt in duplici genere: quia ali
289 1924 982 1974 quando successiua non possunt simul manere na
280 1965 978 2018 turaliter: licet per potentiam diuinam possint. sicut
274 2011 996 2066 in motu locali aliquando successiua possunt si
277 2055 989 2114 mul manere sicut patet in alteratione et augmen¬
282 2099 977 2158 tatione. loquendo de primis successiuis: tunc
274 2141 989 2195 est motus continuus quando nullum eorum potest
277 2188 990 2244 coexistere duobus contradictoriis sibi inuicem
273 2229 988 2288 succedentibus. et hoc non tantum loquendo de con
274 2276 977 2337 tradictoriis intrinsecis motui quae sunt de ratione
280 2322 987 2374 motus: sed etiam de extrinsecis. Exemplum. ad hoc
274 2367 981 2416 quod aliquis moueatur localiter continue non tantum
272 2412 983 2465 requiritur quod vbi non tantum coexistat simul cum affirmatione
267 2457 989 2507 et negatione alterius vbi naturaliter: quia contradictio
273 2500 984 2548 est quod vbi iam acquisitum existat simul cum affirmatione et
263 2544 988 2589 negatione alterius vbi: sed requiritur quod illud vbi
273 2580 980 2649 non conexistat naturaliter cum aliis contradictoriis si¬
267 2629 985 2690 bi continue succedentibus puta cum istis rex se¬
271 2667 996 2735 detrex non sedet: vel cum istis sortes est sortes non
1121 279 1844 363 est. si enim vtrumque istorum potest verificari manente eo
1119 343 1828 403 dem vbi naturaliter non est motus localis eius:
1114 388 1830 459 sed necessario est quies intercepta. Sed si vnum
1120 442 1823 495 predictorum contradictoriorum verificatur de vno vbi
1116 488 1813 545 et aliud cum alio vbi: et contradictoria sibi continue
1111 520 1814 582 succedant: ita quod vnum statim succedit alteri et sic
1108 572 1822 622 est motus continuus: secus est si ista contradicto
1114 619 1822 662 ria non continue sibi succedant. Quia si vnum con¬
1108 660 1817 712 tradictoriorum maneat per tempus puta quod rex sedet
1111 707 1816 756 potest tunc mobile habere vnum vbi et post quie¬
1105 753 1821 799 scere: et tunc tertio acquirere aliud vbi: et tunc ali
1101 793 1824 849 ud vbi contradictorium potest succedere puta rex
1104 843 1819 896 non sedet. tunc iste motus non est continuus: quia
1108 881 1825 938 quiente intercipitur: ideo ad hoc quod continuatio
1114 931 1823 980 predicto modo saluetur: oportet vt contradi¬
1105 972 1814 1030 ctoria sibi continue succedant: et tunc potest
1110 1011 1814 1071 predicto modo saluari naturaliter continuatio
1105 1067 1829 1114 quia tunc est ibi non tantum motus acquisitiuus:
1103 1098 1819 1156 sed etiam deperditiuus: et est idem motus localis
1105 1147 1815 1205 quia motus localis componitur ex omnibus vbi
1102 1189 1819 1252 acquisitis ⁋ ponendo tales respectus) et negatio
1099 1236 1814 1281 nibus eorum. Nunc autem naturaliter sicut acqui¬
1099 1281 1820 1333 ritur vnum vbi ita deperditur aliud quorum vtrum
1105 1322 1811 1374 que est aliquid positiuum illius motus. et sicut ad
1099 1368 1811 1420 quiritur vnum vbi ita deperditur sua negatio:
1108 1406 1811 1460 ita cum deperditur primum vbi acquiritur sua ne
1105 1449 1810 1504 gatio: que negationes sunt etiam de ratione
1098 1503 1821 1557 motus: ita quod motus ille ex vtraque parte est ac
1102 1540 1815 1601 quisitiuus et deparditiuus. nam acquirendo secundum
1095 1590 1812 1636 vbi acquirit positiuum: et deperdit negatiuum:
1098 1631 1820 1689 et perdendo primum vbi perdit positiuum et ac
1098 1669 1813 1726 quirit negatiuum. Sed supernaturaliter lo¬
1105 1714 1820 1772 quendo potest deus facere idem corpus in mul
1090 1764 1814 1815 tis locis: et tunc mobile habens primum vbi pos
1092 1803 1807 1856 set acquirere secundum et tertium: et sic deinceps: et
1096 1852 1816 1909 non perdere primum: et tunc esset iste motus tam¬
1090 1890 1814 1955 tum acquisitiuus et non deperditiuus respe¬
1099 1932 1805 1992 ctu affirmationum: sed respectu negationum es¬
1087 1975 1805 2034 set deperditiuus: quia licet vbi vel loca succes
1087 2018 1810 2082 siue acquisita maneant: attamen negationes
1090 2066 1808 2128 non manent sed potius suo motu corrumpum
1091 2109 1800 2168 tur. et si sic ponatur per potentiam diuinam tunc
1095 2154 1805 2213 est continuitas in motu locali accipienda si¬
1090 2201 1805 2251 cut in augmentatione et alteratione. si loqua¬
1099 2249 1790 2294 mur de successiuis que possunt simul manere
1083 2292 1810 2333 naturaliter: tunc est motus continuus natu¬
1080 2330 1795 2389 raliter. Quando sunt duo contradictoria ex¬
1085 2371 1795 2435 trinseca sibi continue succedentia conexistentia
1083 2424 1807 2467 motui puta. rex sedet rex non sedet. et secundum non
1092 2469 1801 2526 verificatur nec coexistit: nisi coexistatipluribus
1083 2509 1807 2561 partibus forme acquisite per motum tunc non est mo¬
1090 2557 1799 2609 tus continuus: sed neccessario quaente intercipitur. Exemplum. si
1080 2596 1787 2655 enim ista contradictoria rex sedet rex non sedet
1084 2639 1793 2693 continue sibi succedant et aliquis habeat ali¬
1096 2686 1802 2752 quam partem albedinis: quando ista verificatur rex
