2225 3050
397 239 1107 325 sedet et aliud contradictorium rex non sedet conti
392 284 1109 360 nue sibi succedens non verificatur nisi coexistat
391 330 1110 411 pluribus partibus albedinis quamprimum contradi¬
402 387 1119 444 ctorium: tunc non est alteratio continua: sed est quaete in
398 419 1106 490 tercepta. Cuius ratio est: quia iste motus est tantum acquisit
396 468 1106 540 uus quo ad positiua: sed extrema contradictionis conti¬
404 521 1117 581 nua succedetia non possunt verificari in eodem in
404 553 1113 628 stanti: sed pro diuersis. si ergo in secundo instanti quando verifi¬
414 607 1119 666 catur secundum contradictorium non esset plus de albedine
401 641 1117 713 quam in primo: tunc in secundo non esset alteratio: quia nihil
407 689 1117 760 plus tunc acquiritur quam prius: et per consequens tunc est quies: sed
413 729 1113 805 quamuis iste motus sit acquisitiuus tantum respectu affir
398 782 1113 846 mationum: tamen respectu negationum est deparditiuus
410 815 1123 888 quia sicut affirmationes continue acquiruntur et manent
410 865 1119 929 simul sic negationes affirmationum continue deperduntur
407 908 1118 983 ⁋ Et si quaeras quid est de ratione motus praecise tresndeo
407 952 1118 1020 aut quaris de quid nominis aut de quid rei. si secundo mo
413 998 1126 1062 tunc dico quod motus praecise includit partem forme ad
404 1043 1124 1109 quisite per motum. et hoc quantum ad affirmationes connotam
410 1085 1120 1150 do respectus partium acquisitarum et negationes inter¬
404 1131 1130 1195 ceptionis quietui. Quia omnia ista sunt de intraneitate mo
410 1173 1129 1236 tus. et ipsis positis ponitur motus et destructum de¬
419 1217 1118 1288 struitur motus. Ex hoc partbet ad istam obiectionem si de
413 1262 1129 1328 crearet vnam parte albedinis vna hora et aliam
419 1308 1127 1370 in alia et tertiam in tertia: ita quod esset quies inter
416 1355 1131 1414 cepta semper inter duas partes: tunc sunt affirma
414 1402 1135 1458 tiones quae requiruntur ad motum: quia partes albedinis et
410 1443 1125 1507 negationes: quia semper cum parte priori conexistit nega¬
420 1481 1140 1542 tio partis posterioris. et sic ibi sunt contradictiones af¬
420 1527 1138 1590 firmationes et negationes quae requiruntur ad motum. et
416 1571 1133 1642 sic patet quod deficit negatio intercepte quaentis. et si
416 1618 1141 1690 illa ponatur tunc neccessario esset motus: quia si deus creet
420 1657 1138 1726 successiue et continue partes albedinis in aliquo sub
422 1707 1149 1767 iecto sine quaete intercepta ita bene illud subie
426 1759 1138 1808 ctum moueretur motu alterationis sicut si agens cre
422 1800 1150 1851 atum crearet partes tali modo in aliquo subiecto
423 1836 1133 1901 qui vtrobique essent omnia requisita tam affirmatiua quae
429 1886 1135 1938 negatiua ad essentiam motus. ⁋ Si quaeras de quio
432 1922 1148 1988 nominis vel conceptus dico quod hoc nomen motus vel co¬
428 1971 1141 2027 ceptus eius non tantum significat praedicta quae sunt de et
434 2008 1139 2077 sentia motus: sed cum hoc connotat negationem conexiste
437 2051 1141 2117 di cum duobus contradictoriis extrinsecis quaecunque sini
434 2097 1142 2167 illa dummodo sint continue succedentia: et hoc diuer
438 2144 1156 2205 simode in motu locali et aliis motibus ad formam
441 2189 1156 2251 vt supra dictum est. et sic motus non tantum connotat vnam
447 2232 1150 2292 negationem extrinsecam motui: sed infinitas quasi
441 2283 1150 2340 affirmationes et negationes extrinsecas motui: quia
449 2317 1157 2389 connotat vnam negationem conexistendi istis contradi¬
453 2365 1150 2424 ctoriis extrinsecis rex sedet rex non sedet. et sic
446 2409 1154 2468 de omnibus aliis quae infinite sunt. et per consequens connotat ips
446 2450 1153 2514 sa extrema contradictionis cuiuscumque extrinsece. cuius
455 2492 1157 2558 vnum extremum potest alteri continue succedere. sic ergo
449 2535 1174 2608 patet quo motus est cotinuus et quo non. ⁋ Ad
458 2581 1159 2647 secundum dico quod motus est vnus: quia predicto mo¬
458 2635 1159 2706 do continuus. et ideo est vnus quia habet vnum ter
1220 218 1925 284 minum predicto modo acquisitum: sed iste terminus
1202 277 1927 325 facit vnum numero cum aliis omnibus partibus prece
1208 315 1933 376 dentibus. patet in alteratione et augmentatione vbi
1214 356 1918 427 partes priores et posteriores manent et faciuni
1214 404 1921 468 simpliciter vnum. et ideo talis motus potest dici simpl
1208 451 1927 507 citer vnus numero: quia habet vnum terminum nue¬
1217 487 1932 556 ro predicto modo acquisitum. aliquando etiam termi¬
1215 534 1925 600 nus vltimus secundum illum modum loquendi quod non est da
1215 573 1934 640 re partem vltimam in motu sicut nec primam. Nec
1214 625 1939 686 facit vnum cum aliis precedentibus: vt patet in motu
1214 663 1934 733 locali de facto licet aliter posset fieri per potentiam
1214 712 1930 770 diuinam: et tunc motus est vnus quia habet vnum
1214 759 1946 817 terminum per equiualentiam. quia tantum facit vbi sic com¬
1224 802 1931 866 tinue acquisitum et deparditum quo ad vnitatem
1227 843 1930 911 motus: quantum facerent omnia vbi acquisita per motum sed
1229 886 1942 956 maneret: quia sicut si omnia manerent motus esset
1220 937 1948 999 vnus et continuus: quia vnum vbi continue succedent
1227 977 1939 1045 alteri sine interpellatione quaentis: ita eodem modo
1221 1025 1938 1082 est iste motus vnus et continuus quando prius vbi sem
1223 1074 1953 1133 per deparditur in aduentum posterioris: quia posterius
1228 1107 1946 1169 semper et continue succedit priori sine interpella¬
1236 1157 1948 1220 tione quientis. et sic partet ad illud. ⁋ Ad aliud di¬
1239 1195 1954 1259 co quod motus non dicitur sensibile commune: quia dicat rem di
1235 1237 1942 1311 stinctam a sensibus propriis quae potest a quolibet sensi
1239 1283 1942 1351 particulari sentiri vel a sensu communi: nec dicitur set
1236 1327 1945 1392 sibile commune ratione vnius termini: quia ille est sensibi
1236 1371 1948 1436 le proprium. patet de albedine: sed dicitur sensibile
1236 1416 1957 1477 commune: quia est via ad sensi bilia diuersorum sensuum.
1236 1461 1963 1522 et includit illa plura: quia vnus motus est ad sensi
1247 1503 1957 1566 bile visus puta albedinem. et sic est commune cum sensi¬
1239 1559 1954 1613 bili illius sensus quo ad positiuum in eo. Alius
1246 1592 1960 1654 motus est quo ad sensibile tactus puta calorem. et
1238 1639 1963 1695 ille non distiguitur positiue a sensibili tactus. Ter
1249 1687 1960 1747 tius est ad sensibile auditus puta ad sonum. Quar
1245 1724 1969 1788 tus est ad sensibile gustus: puta ad saporem. Et
1251 1774 1960 1829 quintus ad sensibile olfactus: puta ad odorem: et
1255 1819 1963 1873 ideo dicitur sensibile commune: quia est via vel idem cum
1244 1855 1972 1913 sensibilibus diuersorum sensuum et aliter non. hoc pa¬
1248 1900 1970 1960 tet per exempla philosophi ibidem de quaente et numero que
1254 1944 1967 2008 etiam ponuntur sensibilia communia et tamen quies non dicit
1250 1988 1969 2052 rem aliam a quiescente. Non permanentem: quia tantum
1257 2032 1979 2095 est priuatio motus: nec successiuam quia tunc quando ali
1259 2076 1969 2140 quid quiesceret moueretur: quod falsum est. Sed di¬
1250 2127 1978 2184 citur sensibile commune quia quies reperitur in tot gene
1263 2170 1982 2228 ribus sensibilium in quot motus: quia sicut sensibi¬
1266 2214 1983 2271 le cuiuslibet sensus potest esse matus: ita in quoli¬
1260 2264 1967 2314 bet sensibili potest esse quaes: quia quaes est priuatio. mo
1257 2297 1978 2368 tus. Eodem modo numerus non dicit rem distinctam a nu
1251 2350 1978 2421 meratis: nec absolutam nec respectiuam vt supra
1262 2384 1981 2457 probatum est. et tamen ponitur sensibile commune: et non est pro¬
1257 2430 1984 2498 pter aliud nisi quia includit sensibilia propria diuerso
1256 2484 1986 2540 rum sensuum: quia potest esse numerus albedinis saporum sono¬
1263 2531 1978 2580 rum qualitatum primarum et odorum quae sunt obiecta quinque
1259 2569 1983 2623 sensuum: et tamen in nllo istorum dicit numerus aliquid distinctum
1268 2609 1987 2696 a rebus numeratim: sic est in proposito. et satims patet ex praedicum
