2310 3088
300 247 1015 322 ⁋ Ad aliud dico quod philosophus accipit quantitatem large pro
307 315 1025 365 omni eo quod est diuisibile in plures partes eiusdem
309 362 1012 405 rationis: sed illud sic diuisibile dicitur dupliciter
303 397 1016 444 aut quia illud diuisibile diuiditur in partes eiusdem
304 446 1022 497 rationis distinctas loco et situ: et sic quantum non competit
306 486 1021 532 tantum quantitati: sed omni existenti sub quantitate exten¬
306 531 1016 579 siue siue sit forma siue materia. Et sic materia
306 575 1025 627 dicitur quantitas: et forma tam substantialis quam acci¬
303 622 1022 682 dentalis extensa in matetia. Quia alia pars forme
303 662 1006 718 substantialis et accidentalis et materia extensa per
309 717 1010 765 quantitatem existit simpliciter sub alia parte materie et
297 753 1015 807 quantitatis. Patet exemplum de igne et generaliter de omni
300 797 1015 841 forma et materia extensa per quantitatem: quia ad sen¬
297 839 1019 896 sum patet: quia vna pars forme et materie et quantitatis
303 889 1006 945 potest anihilari alia parte manente. ergo sequitur quod tam
295 935 1001 974 forma substantialis quam accidentalis extensa in ma
297 976 1013 1024 teria quam etiam materia extensa per quantitatem habet par
297 1023 1001 1067 tes eiusdem rationis distinctas loco. et situetiam si deus
297 1060 1013 1115 separaret quantitatem a tali composito. nihilomi¬
292 1105 1016 1167 nesns materia et forma tam substantialis quam accidentalis
294 1147 1007 1196 haberet partes eiusdem rationis: et esset diuisibilis in eas
288 1195 1012 1244 tamque in partes distinctas loco et situ ita bene sine
297 1240 997 1296 quantitate sicut sub quantitate. et ex hoc sequitur quod
297 1281 1007 1337 materia separata a quantitate habet partem extra parten
288 1325 1013 1371 et non tantum partem sub parte sicut communiter dicitur quod si ille
288 1371 1012 1425 partes sint distincte loco et situ vna est extra aliam:
294 1415 1003 1470 et eodem modo est de forma tam substantiali quam acciden¬
297 1458 1004 1503 tali extensa in materia. Si dicas quod tunc materia
287 1503 1000 1553 circumscripta quantitate habet extensionem: quia habet partem
288 1550 1012 1596 ex partem. Dico alio modo potest esse aliquid diuisibi¬
288 1586 1009 1648 le: quia potest diuidi in partes eiusdem rationis indistin¬
292 1634 998 1677 ctas loco et situ. et sic habitus existentes subie¬
298 1676 998 1727 ctiue in intellectu et voluntate possunt dici quanti
300 1728 995 1774 quia possunt diuidi in partes eiusdem rationis indistin¬
291 1762 994 1821 ctas tamen loco et situ et etiam subiecto. Tunc ad philosophu
288 1810 1010 1870 dico quod accipit quantum large pro omni eo quod est diuisi¬
288 1850 994 1899 bile in partes eiusdem rationis siue sint distincte loco
288 1900 1001 1946 et situ siue non: siue partes maneant siue non: et isto
285 1941 995 1993 modo motus dicitur quantus ratione termini: et isto modo dicier
289 1984 1004 2035 motus localis quantus propter diuersa vbi acquisita
285 2032 988 2085 per illum motum. Si enim motus localis diceret aliquio
286 2072 1004 2121 absolutum distinctum ab vbi acquisitum per motum: tunc
289 2118 995 2162 motus esset perfectior termino motus: quod falsum est.
286 2161 1000 2207 ⁋ Ad aliud dico quod passio vno modo accipitur per ac
286 2207 999 2258 cidente aliquo existente in genere accidentis. et sic ve
279 2249 991 2296 locitas et tarditas non sunt passiones vel acci¬
291 2293 999 2352 dentia motus. Alio modo accipitur pro eo quod contigentur
283 2336 1000 2384 et per accidens probatur de aliquo. et sic velocitas et
279 2384 1001 2437 tarditas sunt accidentia motui: quia contigenter praedi¬
294 2427 1001 2481 cantur de motu: quia aliquando praedicantur de motu aliquando
289 2471 989 2519 non. Sed ad saluandum velocitatem et tarditatem in
289 2518 1000 2571 motu aduertendum est quod non est dare primam partem
288 2558 1000 2622 forme acquisite per motu nec secundam nec tertiam di¬
283 2604 991 2659 stincte nec vltimam. Et si aliqua pars forme sit
277 2650 993 2706 acquisita per motum non est dare primam partem aliam
1134 260 1847 332 immediate sequentem istam partem iam acquisitam propter
1128 318 1841 372 duo. tum quia tunc motus componeretur ex indiuisibili
1134 359 1844 414 bus: quia illa pars immediate acquisita esset indiui
1135 400 1838 462 sibilis eadem ratione et alia. et sic omns partes motus
1122 454 1832 505 essent indiuisibiles: et tunc motus componeretur ex in
1125 495 1837 549 diuisibilibus. Tum quia si esset dare primam partem ad
1127 533 1826 600 quaerendam post istam acquisitam sequeretur quod illud mo¬
1126 578 1836 644 bile cui acquireretur ista forma non moueretur. probatur
1128 628 1833 687 consequentia in motu locali vbi est magis manifestum: quia
1119 674 1834 723 quando vnum corpus existit in eodem vbi de facto non po
1119 721 1835 771 nendo miraculum per potentiam diuinam dum duo com
1117 760 1830 822 tradictoria extrinseca succedant sibi continue: ita
1116 806 1837 855 quod vnum vbi coexistit duobus contradictoriis succeden¬
1123 850 1831 899 tibus tunc corpus existens in tali vbi non mouetur sed
1116 895 1828 955 quiescit sicut patet per praedicta: sed si esset dare primum
1126 937 1834 987 vbi acquirendum post vbi iam acquisitum hoc sequere¬
1118 979 1836 1042 tur etc. Assumptum probatur: quia dum a mobile acqui
1113 1026 1832 1089 rit primum vbi post primum iam acquisitum posito quod
1117 1064 1841 1131 be mobile moueatur velocius: tunc mobile quod
1125 1115 1834 1168 velocius mouetur in equali tempore acquirit plus de
1117 1153 1832 1213 spacio et per consequens plura vbi quam mobile quod tardius
1122 1203 1834 1254 mouetur: ergo in tempore quo a mobile tardius exti¬
1120 1240 1835 1304 tit sub negatione vbi immediate acquirendi post
1117 1291 1829 1347 vbi iam acquisitum. be mobile existit sub negatione
1116 1333 1831 1386 vbi et sub affirmatione eiusdem vbi acquirendi. et
1104 1376 1824 1431 similiter in illo tempore in quo a existit sub primo vbi ac¬
1110 1419 1832 1478 quirendo be existit et acquirit negationem et affir
1107 1466 1821 1524 mationem alterius vbi. istud patet: quia si in tem¬
1114 1506 1822 1562 pore quo a mobile existit sub affirmatione et ne¬
1116 1558 1816 1613 gatione primi vbi acquirendi: be mobile velocius
1114 1601 1835 1654 acquirit plura vbi: quia acquirit plus de spa¬
1114 1637 1829 1698 cio: ergo in tempore in quo a acquirit vnum vbi b
1110 1682 1813 1741 acquirit duo vbi ad minus: quia pauciora no
1113 1730 1828 1778 potest acquirere si in illo tempore acquirit plu¬
1110 1776 1820 1833 ra quam a quod acquirit tantum vnum: sed si sint duo vbi sunt
1105 1818 1817 1879 due affirmationes habentes duas negationes
1114 1863 1819 1909 ergo nil oportet ponere pro illo tempore quo a
1113 1908 1814 1958 mobile extitit sub vbi acquirendo transitb mo
1104 1947 1824 2003 bile per duas affirmationes et negationes: puta
1109 1994 1828 2045 per negationes duorum vbi et ipsa vbi: et sic illud vbi
1103 2042 1814 2092 in quo existit a coexistit multis contradictoriis
1099 2076 1814 2133 succedentibus continue: vel oportet quod in illo
1108 2130 1822 2175 tempore quo a existit sub negatione illius primi vbi
1105 2172 1817 2225 acquirendi be existit sub negatione et affirmatione
1105 2217 1818 2270 alterius vbi acquisitilin illo tempore per motum suum
1102 2253 1805 2307 velociorem. et si sic intelligitur semper sequitur quod a
1105 2306 1809 2358 non mouebitur data vpothesi: quia semper vnum vbi in
1107 2350 1820 2398 quo existit a coexistit duobus contradictoriis sibi suc
1095 2391 1819 2448 cedentibus: quia negationi et affirmationi illius vbi quod
1098 2438 1813 2484 acquirit b per motum suum. quia sicut arguitur in motu lo
1101 2480 1820 2537 cali: ita est in motu alterationis et augmentatio.
1093 2524 1824 2578 nis: ergo impossibile est in aliquo motum dare pri
1095 2569 1820 2620 mam partem forme acquirende post formam iam acquisi¬
1102 2616 1817 2662 tam: immo quaecunque pars acquiritur per motum est diuisibi¬
1102 2655 1808 2719 lis in infinitum: ita quod ante istam partem datam fuit
