2279 3054
434 224 1139 298 alia prior: et sic in infinitum. Si dicas. per te supra
425 277 1134 349 quod cum vbi iam acquisito conexistunt negationes omnium
441 319 1141 394 vbi sequentium: sed inter affirmationem et negatio
434 366 1139 431 nem non est medium: sicut nec inter contradictoria. ergo il¬
429 405 1138 478 lud vbi quod immediate sequitur negationem conexisten
423 449 1132 515 tem vbi iam acquisito: est illud quod immediate sequitut
434 501 1132 569 vbi iam acquisitum: ergo est dare aliquod tale: et eodem
435 550 1145 617 modo arguitur de motu alterationis et augmentatio¬
440 593 1141 649 nis. ⁋ Respondendo. concedo quod inter affirmationem et ne
434 626 1141 707 gatonem: quia sunt contradictoria. non est medium: et ideo
441 670 1142 743 inter quodlibet vbi acquisitum et suam negationem non
444 716 1141 785 est medium. Sed dico sicut non est dare aliquod vbi
431 762 1150 839 primum post illud acquisitum: ita non est dare primam
429 814 1148 871 negationem respectu cuiuscumque vbi acqurendi: quia
434 848 1145 920 cum vbi acquisito coexistunt infinite negationes re¬
448 893 1145 968 spectu vbi sequentium: et ideo non est dare primam ne
443 935 1154 1014 gationem conexistentem vbi iam acquisito: quia si esset da¬
432 992 1146 1058 re primam negationem respectu vbi acquirendi im
440 1033 1144 1102 possibile esset saluare quin esset dare primum vb
438 1069 1142 1144 acquirendum post istud vbi iam acquisitum. vnde quaecunque
441 1114 1154 1187 negatio coexistens vbi acquisito detur respectu
444 1157 1149 1226 vbi acquirendi adhuc ante illam coexistunt alie in
438 1205 1164 1276 finite negationes respectu infinitorum vbi prece¬
441 1244 1150 1320 dentium istud vbi iam acquisitum. Et sicut dicitur de
449 1295 1160 1359 motu locali ita diciter de motu alterationis et aug¬
449 1335 1154 1404 mentationis. Sed quo potest tunc saluari veloci¬
440 1375 1156 1443 tas et tarditas in motu. ⁋ Dico quod vno modo potest
434 1420 1160 1488 saluari comparando motum velociorem et tardiorem
450 1466 1160 1534 ad aliquem motum vniformem et tunc potest saluari quod
449 1510 1164 1586 quando aliquod mobile conexistens minori successioni¬
441 1556 1152 1633 motus regularis et vniformis pertransit plures
446 1605 1168 1679 partes eiusdem quantitatis quam aliud mobile: et sic per
447 1638 1157 1718 consequens minori tempore vel conexistens minori successio
444 1692 1168 1756 ni primum mobile pertransit vel coexistit pluribus
447 1728 1172 1805 contradictoriis intrinsecis motui: quia quaecunque pars eius¬
448 1774 1156 1837 dem vel equalis quantitatis habet suam negationem sib
444 1816 1175 1893 contradictorie oppositam: tunc illud mobile quod sic in
455 1858 1162 1931 minori tempore vel in minori successione vniformi
459 1914 1158 1975 plures partes pertransit velocius mouetur quam aliud quod
458 1955 1168 2013 in eodem tempore pauciores pertransit vel paucioribus
456 1992 1172 2067 contradictoriis coexistit sicut ad sensum apparet con
456 2038 1168 2105 sideranti in motu locali. Quod autem ista velocitas
461 2084 1167 2159 habeat attendi penes partes eiusdem quantitatis
462 2133 1175 2197 et non proportionis patet quia sicut in motu veloci quaelibet
467 2171 1177 2243 pars determinate quantitatis acquisita per motum est
462 2213 1177 2282 diuisibilis in infinitum in partes eiusdem proportionis quarum
473 2264 1180 2328 vna semper ante aliam acquiritur: ita eodem modo quaelibet
468 2301 1173 2377 pars determinate quantitatis acquisita per motum
458 2352 1182 2422 tardum est diuisibilis in infinitum. et per consequens vtrum¬
476 2390 1178 2467 que mobile quocunque motum per spacium modicum ad
467 2438 1177 2501 quirit infinitas negationes et affirmationes et il¬
480 2483 1190 2544 lis conexistit. ergo sic intelligendo neutrum coexi¬
482 2523 1177 2600 stit pluribus contradictoriis intrinsecis in equali tem¬
482 2574 1186 2644 pore quam aliud: ergo penes partes tales non po
476 2613 1183 2695 test altendi velocitas nec tarditas in motu: sed
1238 209 1946 275 solum penes partes eiusdem quantitatis. Eodem mo¬
1245 271 1951 328 do potest accipi velocitas et tarditas per hoc quod
1245 309 1957 364 vnus motus in minori tempore coexistit pluri¬
1242 357 1948 412 bus contradictoriis intrinsecis quam alius. et hoc
1248 397 1952 452 semper accipiendo contradictoria inter partes eius¬
1239 440 1958 497 dem quantitatis et non proportionis. Quoniam si sint
1235 486 1958 540 duo mobilia quorum vnum in minori tempore coexistit
1251 524 1963 589 pluribus contradictoriis motus vniformis quam aliud
1241 572 1952 632 illud quod pluribus coexistit velocius mouere quam
1249 622 1963 677 aliud et quod paucioribus tardius. Et ex istis pa
1245 665 1960 716 tet quod idem motus numero potest esse velocior et tar¬
1244 703 1972 764 dior: sed non simul et respectu eiusdem: sed respectu di
1256 758 1960 806 uersorum quo ad omnia essentialia motus. nam omnes
1244 795 1972 854 affirmationes et negationes quae acquiruntur per motum
1254 841 1969 897 velocem acquiruntur per motum tardum: sed solum est dif¬
1250 883 1975 942 ferentia: quia per velocem motum iste affirmationes et
1256 929 1966 990 negationes acquiruntur in minori tempore vel in mi¬
1256 978 1972 1027 nori successione vniformi. Ex hoc sequitur vltra
1266 1015 1973 1079 quod velocitas et tarditas non dicunt aliqua ac¬
1265 1064 1978 1121 cidentia absoluta vel respectiua super illis que
1252 1103 1973 1161 sunt de essentia motus: sed dicunt easdem affir¬
1254 1144 1972 1203 mationes et negationes quas intrinsece dicit
1265 1189 1972 1246 motus et connotant tempus et successionem vni¬
1260 1243 1973 1291 formem maiorem vel minorem hincinde vel coexi
1264 1279 1985 1334 stentiam minoris temporis vel successionis vni
1263 1334 1990 1377 formis cum pluribus contradictoriis in motu ve¬
1257 1365 1987 1421 loci: et cum paucioribus in motu tardo. vnde il¬
1260 1410 1991 1473 lud quod dicitur quod motus dicitur velox: quia
1257 1454 1981 1511 coexistit pluribus contradictoriis intrinsecis
1274 1498 1990 1558 vnius motus quae sunt inter partes eiusdem quanti
1263 1548 1990 1608 tatis. et tardus: quia paucioribus coexistit in
1269 1587 1985 1643 equali vel in minori tempore vel successione vni¬
1271 1628 1987 1690 formi: debet sic intelligi quod quando aliqua succes
1263 1680 1992 1732 sio vniformis coexistit pluribus contradictoriis
1266 1721 1996 1779 intrinsecis vnius motus que sunt inter partes
1273 1763 1984 1819 eiusdem quantitatis eadem successio vniformis
1276 1813 1988 1868 coexistit paucioribus contradictoriis intrinse¬
1275 1847 2002 1906 cis alterius motus quae etiam sunt inter partes quan
1269 1897 1991 1952 titatis eiusdem non proportionis: tunc primus
1273 1940 1990 1998 motus est velocior et secundus tardior. et sic patet il
1272 1989 1996 2040 lud de velocitate et tarditate. ⁋ Ad aliud dico
1281 2025 1996 2093 quod passio talis que componitur ex affirmatione et
1277 2078 1995 2128 negatione potest demonstrari de subiecto rea
1278 2117 1992 2175 li et talis potest demonstrari demonstratione affir
1287 2167 1991 2217 matiua et negatiua: et tunc erunt due demon¬
1276 2200 1987 2257 strationes. Et potest demonstrari vna demon
1279 2250 1997 2306 stratione secundum vocem affirmatiuam: illa tamen equi
1278 2290 1998 2349 ualebit demonstrationi affirmatiue et negati¬
1284 2337 1994 2398 ue realiter: tunc demonstratio esset ypothecam
1295 2375 1993 2445 quia concludit conclusionem compulatiuam virtuali¬
1282 2423 1993 2493 ter puta quod omne corpus potest recipere vnam partem
1290 2463 1993 2527 forme et carere alia parte: et post immediate habe¬
1289 2510 1993 2570 re eam: et post illam aliam. et sic in infinitum vt videtur
1295 2554 1999 2626 ergo demonstratio esset vpotheca. ⁋ Ad aliud dico
1290 2601 2006 2675 quod fluxus forme dicit vltra formam fluentem
