2272 3056
439 232 1160 320 motus: et ex alia parte accipitur idem absolutum cum
446 294 1149 364 respectu ad aliud agens: et illud esset alius mo¬
443 345 1148 408 tus. et hoc non est conlrsi praedicta: quia prius dictum est quod motus
440 386 1153 459 non dicit aliquid absolutum vltra terminum: nec eti
444 419 1153 495 am respectiuum vltra res permanentes. Tamen po¬
446 468 1160 538 nendo respectus potest dicere vnum respectum vltra
444 510 1156 575 terminum. et sic patet quod sunt diuerse actiones diuer
452 563 1151 623 sorum agentium si ponantur respectus et diuersi motus
453 591 1155 672 mo praedicto. Si autem non ponantur respectus tunc hoc
447 639 1160 719 nomen actio vel conceptus actionis significat agens
447 699 1160 762 et connotat effectum productum puta formam partibilit
448 740 1158 800 acquisitam. et sic adhuc sunt diuerse actiones sicut
452 777 1153 848 diuersa agentia: sed tunc potest esse idem agens sicut ide
449 819 1150 896 patiens: sed passio sic significat effectum productu
459 864 1165 937 vel subiectum patiens connotando agens: et sicut ide
446 917 1150 984 potest esse effectus productus per diuersa agentia: et ide
449 954 1150 1026 similiter potest esse subiectum patiens: ita eadem potest est
447 1001 1165 1072 actio et diuerse actiones: et idem motus et diuerse
453 1040 1171 1115 actiones: quia motus potest esse in se effectus partibiliter
452 1088 1152 1160 per talia agentia productus in subiecto: quia motus lil
452 1123 1163 1205 significet principaliter formam acquisitam partibiliter tamen
450 1174 1157 1253 connotat subiectum: quia si deus crearet successiue al
464 1213 1158 1293 quam formam sine subiecto non esset motus quia nihi
464 1271 1162 1337 tunc moueretur: et tamen haec essent omnes affirmationes et
450 1303 1164 1373 negationes intrinsece motus: et tamen non dicitur vel de¬
458 1354 1168 1422 notatur motus: quia motus quantum ad quid nominis ad
453 1405 1168 1463 ceptus requirit subiectum: quod connotat: quia aliter deno¬
453 1435 1164 1508 minare non potest sicut alias suit dictum de relationibus
457 1481 1168 1559 ⁋ Ad aliud dico quod accipiendo motum pro acquisitione
455 1526 1171 1605 partis post partem illius perfectionis ad quam vadit: sic
456 1569 1165 1640 non differt a termino motus per aliquid positiuum sed so
462 1627 1168 1690 lum per negationem: sed accipiendo motum pro omni eo quod da
458 1655 1162 1732 tur intelligi per motum siue sit absolutum siue respe
467 1707 1180 1773 ctiuum sic includit respectum ad passum: et ad agens
465 1751 1172 1822 et sic differt a termino motus: et quantum ad illum re
470 1793 1167 1867 spectum potest poni in genere passionis sicut dicit con
466 1834 1172 1902 mentator quaento phisicorum ⁋ Ad aliud dico quod ips
466 1895 1174 1945 se terminus ad quem in motu est quasi materia secundum il
471 1927 1168 1992 lum modum loquendi et respectus forme ad subiectu
474 1974 1165 2042 vel ad agens est quasi forma. quantum ad primum mot
470 2009 1174 2074 est in genere cum termino ad que. quantum ad secundum est
477 2054 1175 2125 in genere passionis. ⁋ Ad aliud dico quod ad hoc quod mo
480 2105 1186 2171 tus et terminus sint idem non tantum requiritur quod termi¬
473 2145 1178 2208 nus vltimus sit idem: sed etiam quod intermedii. Nunc
476 2189 1183 2253 autem licet sit idem vltimum vbi respectu motus sursum
480 2240 1184 2298 et motus deorsum: vbi tamen inter media sunt diuer
468 2277 1191 2339 sa. vnde quando terminus totalis motus qui componitur ex omni
468 2325 1187 2382 bus acquisitum per motum non est idem cum termino totali
470 2370 1183 2430 alterius motus: tunc non sunt iidem motus. Si dicas quod
476 2410 1186 2481 in motu augmentationis et diminutionis sunt omnes
483 2455 1187 2518 affirmationes eedem et negationes similiter: et tamen sunt mo
476 2499 1196 2568 tus contrari. Respondeo quod licet omnia essentialia in vno mo
485 2544 1185 2607 tum sint de essentia alterius: quia tam affirmationes quae
489 2589 1184 2651 negationes: tamen diuersa est successio in vno moti¬
482 2633 1203 2704 et altero: quia in primo affirmationes succedunt nega¬
1248 217 1964 301 xionibus in secundo negationes succedunt affirmat
1260 286 1964 342 onibus. Exemplum. quando aliquis mouetur de. minus albo
1250 319 1957 377 ad magis album: et econuerso. ⁋d aliud dico quod pa
1257 375 1963 428 sio realis quo ad aliquid est affirmatia: et quo ad
1263 407 1957 468 aliquid negatiua: et talis passio potest bene conclud
1250 455 1967 510 in demonstratione ⁋ Ad aliud dico quod circumscribe¬
1256 495 1972 561 do mobile et mouentem in omni motu: tunc motus lo¬
1254 541 1975 605 calis est simplicitur imperfectissimus: quia per motum lo¬
1261 595 1975 648 calem tantum acquiritur vnus respectus de genere vbi: et
1256 631 1973 696 per omnem alium motum vel mutationem acquiritur aliqua
1263 672 1972 735 forma absoluta: et sicut respectus quicunque est im¬
1265 715 1978 784 perfectior absoluto quocumque ita motus localis teria
1263 761 1971 819 tus ad respectiuum: immo quae est ipsius respectus est
1257 804 1967 862 imperfectior omni alio motum: et sic est imperfectissimi
1263 858 1966 908 tamen non circumscribendo mouentem vel mobile: sic po
1263 895 1969 955 test esse perfectior omni alio motu: quia motor in alii
1263 935 1975 994 quo motu locali est perfectior omni motore in omnibus
1263 981 1979 1045 aliis mouentibus. tamen praesupponit mobile perfectius
1268 1034 1972 1085 quo ad aliquam conditionem: scilicet quo ad incorruptibi
1261 1065 1973 1130 litatem et quo ad ens in actu. quia generatio non potest
1269 1112 1984 1181 supponit ens in actu. Similiter alteratio et augmen¬
1271 1162 1975 1222 tatio licet praesupponant ens in actu: non tamen incorru
1274 1202 1985 1272 partibile sicut motus loc. lis facit eo quod couenit
1276 1245 1985 1306 corporibus celestibus: et sic intelligit philosophus octauo phi
1269 1287 1990 1356 sicorum ⁋ Ad principale dico quod non est successio in
1281 1340 2012 1394 motu nisi ratione contradictionis: nec est distinctio inter
1275 1376 1988 1440 successiuum et permanens nisi ratione contradictionis: quia omnia
1271 1427 1992 1489 positiua in motu possunt prmanere sicut prius
1266 1473 1991 1531 dictum est ⁋ Ad aliud dico quod terminus potest mane¬
1268 1507 1993 1576 re sine motu: quia motus includit vltra terminum ne
1271 1552 2003 1628 gationes: quas terminus non includit etc. Questio. x.
1453 1613 1992 1715 Trum duratio ani¬
1457 1669 2006 1758 geli differat ab essentia vel existen¬
1461 1737 1998 1792 tia angeli. Quod sic. quia existentia ange¬
1278 1782 2002 1838 li est tota simul: et duratio non: quia aliter non plus du
1283 1821 1999 1890 rasset in fine mundi quam in principio: hoc falsum est.
1286 1865 1995 1937 ergo etc. ⁋ Item ad durationem angeli necessario requi
1287 1909 1994 1976 ritur conseruatio ad existentiam non. igitur. Quod non ad
1287 1964 1999 2014 existentiam probatur: quia si sic hoc non esset nisi propter de
1289 1999 1995 2072 pedentiam ipius existentie ad deum: sed hoc non obstat
1295 2039 2005 2114 probatur: quia ignis in primo instanti quo generatur de¬
1289 2091 2005 2157 pendet ab igne generante: et tamen non dependet ab
1291 2133 2014 2201 igne generante: quia aliter non posset manere nisi¬
1291 2175 1996 2236 ad pnam ignis generantur quod est contra sensum. ergo etc.
1289 2223 2006 2282 ⁋ Ite mensura et mensuratum distinguntur realiter
1296 2263 1997 2330 sed duratio est mensura angeli. ergo etc. ⁋ Ad oppos
1286 2310 1999 2374 tum si sint distincta tunc deus posset conseruare a
1292 2353 2005 2418 gelum sine sua duratione. ⁋ hic est vna opinio quod
1302 2396 2012 2465 duratio angeli differt ab angelo: et quod dicit suc
1300 2437 2004 2508 cessionem sine mutatione. ⁋ Quod probatur sic. Durato
1300 2484 2002 2550 angeli est infinita: ergo si duratio angeli est eadm
1299 2529 2014 2591 angelo: et per consequens est tota simul: sequitur quod angelus es¬
1293 2571 2011 2640 set infinitus in actu. ⁋ Iste si sic: deus non posset
1298 2617 2026 2697 destruere vnum angelum nec eius durationem. quia si
