2251 3045
409 212 1124 288 trin seca sic se habent. maxime ad motum acquisiti¬
396 265 1120 323 uum: quia secundum contradictorium continue succedens primo coexi
409 308 1121 374 stit omnibus partibus cum quibus coexistebat primum contradicto
408 351 1126 409 rium et cum hoc pluribus sicut dictum est supra de motu.
409 408 1115 466 Ita quod tunc est motus continuus quando quaelibet affirmato
412 442 1114 509 quae est de essentia motus succedit sue negationi sine
413 483 1124 543 interceptione medii. Alia differentia est: quia in permanenti
414 524 1127 588 bus potest intelligi continuatio sine discretione: et econ
419 573 1118 629 uerso. licet in re continuatio non potest esse sine discre¬
415 615 1120 671 tione: sed in successiuis non potest intelligi fluxus sine
422 667 1123 716 discretione: quia non potest intelligi fluxus sine priori et
410 702 1117 773 posteriori quae neccessario includut discretionem: sed econ¬
419 754 1132 805 tra discreto potest bene intelligi in successiuis sine
421 787 1133 858 continuatione. ⁋ Tunc dico quod tempus potest accipi tribus
426 829 1135 904 modis vt rationem habet mensure. et duobus vt non habet ratio
426 885 1129 940 nem mensure. ita quod in vniuerso potest accipi quinque
425 925 1133 985 modis ⁋ Primo accipitur propriissime et strictissime
416 966 1124 1039 pro motu velocissimo maxime noto: siue sit motus
417 1006 1133 1069 octaue sphere: siue none: siue solis: siue lune: qua
419 1053 1126 1115 sit nobis maxime notus. et hoc quod tali motu mensu
420 1095 1142 1161 ramus alios motus inferiores. sicut per motum solis men
419 1151 1134 1205 suramus motus inferiores. et per motum lune similiter. quia
422 1185 1132 1252 sic mensurari non est aliud quam certificari per vnum
427 1236 1141 1290 motum de alio motu. Alio modo accipitur tempus lar
424 1272 1146 1341 ge pro motu aliquo inferiori: per cuius notitiam pos¬
420 1319 1149 1378 sumus deuenire in notitiam alicuius motus superioris
424 1370 1151 1425 et sic quaelibet motus inferior potest dici tempus. quia quaelibet
432 1402 1138 1472 potest dici mensura alicuius alterius motus. sic enim per
435 1458 1141 1507 motus nostros proprios et opera nostra mensuramus motus
429 1496 1142 1556 superiores: puta motum solis: sicut patet per experientiam
430 1537 1141 1596 et per consequens talis motus potest dici tempus. Tertio modo
443 1584 1144 1636 potest dici tempus motus ymaginatus: siue conceptus qui tam
440 1623 1150 1687 tum habet esse obiectiue in anima et nullo modo subiecti¬
438 1671 1144 1736 ue. et per istum motum mensuramus alios motus in re exr
438 1720 1145 1772 qui viso motu in re certificamur statim per motum in
438 1762 1153 1813 anima de quantitate eius ad motum quo artifex expartus per
438 1811 1147 1861 quantitate ymaginatam congnoscit statim quantitatem rer
438 1847 1144 1905 ex. sicut dicit. Io. Exemplum huius. quando aliquis non vi¬
432 1892 1147 1939 dens solem. primo: quia est sub nube: videns tamen alium mo
439 1933 1150 1986 tum scit statim vtrum sit longior vel breuior per motum
437 1975 1147 2037 in anima: et etiam cecus per motum ymaginatum in anima mo
453 2024 1159 2075 surat motum solis vel alicuius alterius. et de isto tempore
439 2060 1160 2122 dicitur quarto phisicorum a commentatore quod impossibile est
453 2104 1158 2170 tempus percipi nisi congnoscamus nos esse in aliquo esse
450 2155 1156 2206 transmutabili percipiendo autem nos esse in aliquo esse
460 2193 1159 2256 transmutabili percipimus motum: et percipiendo motum
456 2243 1162 2303 prcipimus tempus et istis tribus modis accipiendo tempus
450 2290 1165 2340 motus est motus tempus: quia sic est mensura. Sed quarto
451 2335 1153 2380 modo accipitur tempus vt est numerus. et hoc potest esse duplic
457 2373 1154 2424 ter: vel quia est numerus numeratus. et sic prius et posterius
456 2412 1166 2475 in motu extra respectum non habent rationem mensure. vnde pri
445 2463 1159 2515 us et posterius in motu siue pars prior et posterior pos
455 2500 1156 2562 sunt considerari vel vt habentirionem mensure respe
443 2543 1160 2600 ctu alterius motus: quia ducunt in cognitionem alterius
450 2588 1154 2662 motus vel praecise: vt sunt partes distincte vnius mot
1235 188 1945 269 primo modo non distinguitur a tempore: et secundo modo distin¬
1235 251 1942 311 guitur saltem penes connotata. Alio modo accipitur ten¬
1230 294 1942 354 pus pro numero quo numeramus pro priori et posteriori
1228 338 1939 393 in motu ymaginato in anima. et hoc potest esse duplu¬
1230 379 1940 435 citer sicut praecedenti modo dictum est vel vt sunt men
1228 435 1949 480 sura vel vt tantum sunt partes distinctei tali motu. pri¬
1232 471 1942 520 mo modo non distinguitur a tempore tertio modo accepto.
1235 511 1946 566 secundo modo differt penes connotata: quia primo modo con
1233 558 1943 612 notat aliquid in anima: secundo modo non. et sic patet quod isti
1228 601 1942 652 duo modoi non distinguntur realiter a tribus modis pri
1224 655 1933 706 mis: sed tantum penes connotata. Et ex istis patet quod acc
1223 687 1939 749 piendo tempus vt habet ratiom mensure applicati ad aliquid
1224 733 1939 788 mensurabile per cuius noticiam deuenitur in notitiam al
1234 778 1939 832 terius: sic non differt a motu. et hoc siue accipiatur pri¬
1238 821 1940 869 mo modo siue secundo modo siue tertio modo supra dicto
1236 865 1943 928 tamen differt tempus a motu: sicut vna verga differt ab vel
1231 908 1958 972 na: quia vlna et vrga quantum ad quid rei nullo modo diffe¬
1234 947 1955 1012 runt: sed solum quantum ad quid nominis: quia in diffinitione indi
1239 999 1955 1049 causate quid nominis vlne debet poni pannus et certificatio
1240 1040 1955 1093 de quantitate panni: quia vlna connotat pannum et certi¬
1237 1082 1955 1136 ficationem quantitatis eius: et eodem modo est de tempore quod non
1236 1139 1951 1187 differt a motu secundum quid rei: sed solum secundum quid nominis: quia
1243 1179 1954 1232 tempus est numerus et mensura vt prius dictum est. Modo
1240 1216 1948 1272 tam mensura quam numerus siue sit numerus numeratus siue
1255 1258 1960 1312 numerus quo numeramus non possunt esse sine actu anime men
1242 1310 1951 1357 surantur vel numerantum. et per consequens connotant actum anime. et
1243 1355 1945 1405 ideo licet in diffinitione expri: mente quid rei temporis non opi
1254 1402 1951 1454 ponere actum anime: tamen in diffinitione exprimente quid
1248 1437 1951 1489 nominis oportet ponere actum anime: cuius ratio est: quia in diffi¬
1248 1475 1964 1537 tione exprimente quid nominis debet poni quicquid connotatur
1258 1525 1961 1583 per nomen. et datur intelligi per illud nomen sicut datur intel
1254 1569 1966 1622 ligi per philosophum secundo posteriorum: nunc autem hoc nomen tempus
1255 1618 1957 1673 vel conceptus temporis connotat actum anime numerantum et re
1259 1658 1976 1721 plicant per mensuram. licet enim aliquando mensura sit in re:
1253 1698 1966 1763 et realis tamen replicatio mensure respectu mensura
1266 1743 1967 1801 ti est solum per animam: et ideo in diffinitione exprimente quid
1262 1783 1967 1840 nominis temporis debet poni aliquid existens in anima: et hoc di¬
1260 1834 1963 1889 uersimode: quia aliquando debet poni aliquid existens tantum in
1260 1872 1972 1930 anima subiectiue: puta actus anime. aliquando aliquid existens
1265 1916 1966 1971 in animo obiectiue et subiectiue. Exeplum primi si dis
1253 1956 1976 2016 finitur tempus vt competit motui primo modo et secundo su¬
1263 2013 1978 2067 pradco sic in eius diffinitione exprimente quid nominis
1263 2052 1979 2104 debet poni motus realis et actus anime mensurantur et nume
1267 2090 1969 2150 rantum per replicationem mensure super mensuratum. Ex
1260 2141 1969 2192 emplum secundi. in diffinitione exprimente quid nominis temporu
1260 2182 1973 2231 vt praedicatur de motu tertio modo supra dco debet po¬
1261 2226 1975 2279 ni eius motus ymaginatus quae tantum habet esse in anima obio
1260 2271 1972 2325 ctiue et actus anime quae est in anima subiectiue. In istis
1261 2319 1976 2371 semper ponitur actus anime tanquam aliquid connotatum per
1262 2357 1985 2418 nome non tanquam principale significatum. Et sic po
1264 2399 1985 2458 nitur motus in eius diffinitione: et hoc vel realis vel tantum
1268 2447 1978 2510 ymaginatus. Quod autem plures particule ponan
1273 2487 1996 2550 tur in diffinitione significante quid nominis quam quid rei
1265 2533 1991 2602 patet per philosophum secundo posteriorum et septimo menta¬
1268 2576 1984 2652 phisice. et patet in exeplis. Si enim album diffiniatur
