2261 3039
426 209 1141 280 tatis alterius motus. ergo talis motus inferior siue
432 261 1141 327 realis siue ymaginatus est tempus. et potest vnus
425 303 1144 364 motus esse mesura et mensuratus respectu eiusdem¬
441 347 1142 412 motus: vt si vnus motus sit vni homoi notior alio
441 399 1146 456 motu: potest ille per cognitionem primi motus deuenire
424 432 1139 496 in cognitione secundi motus. et tunc illi est primus mo
429 479 1145 536 tus tempus. sed si alteri sit primus motus ignotus: et se¬
437 522 1152 586 cundus notus: potest ille per cognitionem secundi motus
434 567 1140 638 deuenire in cognitione primi motus. et tunc illi erit
437 609 1141 676 secundus motus tempus: et non primus. et sic idem motus potest
442 653 1139 715 esse mensura et mensuratum respectu eiusdem. sic erg
443 698 1148 764 ex praedictis patet quid est tempus ⁋ Sed dubium est quo
443 746 1138 805 rum est tempus. ⁋ Respondeo tempus est primo mensura mot
446 785 1147 849 quod probatur. quia mensura et mensuratum sunt vnigenia
438 832 1154 893 quarto metaphisice. Nunc autem tempus est idem cum primo
447 876 1161 937 motu quae est mensura aliorum motuum. ergo tempus est
440 924 1153 993 primo mensura omnium motuum. Secundo est mensura du¬
449 972 1158 1025 rationis cuiuscumque rei permanentis. quod probatur. quia du
443 1010 1157 1070 ratio includit successionem. quia duratio rei signi¬
443 1053 1151 1115 ficat ipsam rem durantem connotando successione co
453 1095 1160 1159 existentem actu vel potentia. omne autem successiuum est
441 1140 1150 1205 realiter motus. ergo duratio cuiuslitetrei includit
452 1182 1152 1251 motum quae primo mensuratur per tempus. ergo omnis duratio rati
450 1222 1151 1287 ne connotati mensuratur. et hoc scudario. ⁋ Iste quan
456 1281 1147 1332 cumque aliqua sic se habent: quod vnum dicitur breuius. et aliud
443 1313 1156 1380 longius. illa mensurantur tempore. quia illa sunt passio.
455 1359 1161 1424 nes temporis. sed duratio vnius rei dicitur breuior vel
440 1404 1155 1464 longior duratione alterius rei. ergo etc. quia duratio
446 1446 1162 1510 non dicitur breuior vel longior: nisi quia coexistit bre¬
446 1493 1159 1555 uiori vel longiori. Tertio quaes mensuratur tempore. pro¬
456 1534 1151 1600 batur sicut de duratione. dicitur enim aliquid quiescere. quia
447 1579 1165 1642 existit sub forma acquisita sine motu maiori vel
453 1623 1170 1684 miori tempore. et hoc est coexistere maiori vel minori
446 1672 1172 1740 successioi in motu. ⁋ Quarto dico quod substantia rei per¬
449 1711 1166 1777 manentis circumscribedo durationem non mensura
447 1764 1165 1816 tur tempore. quod probatur. quia quando aliquid mensuratur aliqua
455 1800 1165 1867 mensura: ipsum manens idem semper habet eandem mensuram
459 1846 1156 1903 realiter vel per equiualentiam. Exemplum quantitas aliem
456 1891 1172 1942 mensurata per vlnam. sic quod nec augeatur nec minuatur
462 1936 1166 1991 si primo mensuretur per vlnam semper mensurabitur per vlnam
465 1975 1171 2034 vel per eandem realiter vel per equiualentiam. quia tantum valet
474 2018 1169 2092 vna vlna ad mensurandum illam quantitatem sicut alia vl¬
471 2060 1171 2126 na. ideo sufficit vna per equiualentiam. Sed substantia rel
471 2110 1171 2181 permanentis si mensuretur tempore potest manere eadem di
477 2153 1171 2216 uersis temporibus. quia potest coexistere maiori tempori et mi¬
471 2197 1166 2270 nori. et sic mensuraretur tempore magno et peruo. et pe
480 2244 1171 2308 consequens tempus peruum esset idem tempori magno per equalentia
483 2285 1181 2346 vel realiter vtrumque est incouenies. ergo substantia rei perma¬
471 2331 1175 2404 nentis nullo modo mensuratur tempore. sed tantum eius duratio
483 2371 1179 2440 ⁋ Sed conr ista sunt multa dubia. Primo videtur quod
474 2414 1181 2476 tempus sit distinctum a rebus permanentibus. quia vna species
481 2457 1187 2528 distinguitur realiter ab alia: sed tempus est vna species quanti
484 2500 1190 2565 tatis per philosophum in praedicamentis dicentem amplius pri¬
486 2548 1187 2618 ter hec locus et tempus. ergo est species distincta a re¬
486 2588 1190 2672 bus permanentibus. ⁋ Item: v. metaphisice. tempus est
1251 185 1957 269 per se quantum non per accidens sicut album musicum. sed non quanti
1254 243 1981 315 prmanens. ergo successiuum. ⁋ Item in eodem quanto. puum
1249 292 1958 352 et magnum: breue et longum sunt passiones quantitat
1246 336 1961 389 et distingunt tempori. ergo est quantitas. sed non permanens
1253 378 1960 436 ergo successiua. ⁋ Item tempus est mensura motus erg
1257 432 1964 477 est notius motu. sed non ratione negationum in motu
1257 473 1972 524 qui ille sunt ignote et non sunt causae notitie affirma¬
1255 507 1970 565 tionum: sed magis econtra. nec ratione affirmationum. quia
1256 554 1967 611 ille mensurantur tempore. ergo haec est ratione alicuius positiui
1257 598 1961 667 quod tempus includit pter illa. ⁋ Item. v. phisicorum sed
1260 639 1960 702 commentatorem aliqua attribuutur numero sicut partes
1262 686 1973 746 aliqua sicut accidentia. et eodem modo tempori attribuuntur ali
1257 742 1963 788 qua vt accidena: puta successiue esse tale cuius vna
1256 774 1973 838 pars praecedit: alia sequitur: sed talia non attribuuntur
1260 820 1974 881 tempori vt permanens est. ergo vt successiuum. ⁋ Item veridetur
1257 863 1973 931 quod instans dicat aliquid absolutum distinctum a rebus
1263 902 1982 971 permanentibus. quia instans raptim transit et non manet
1256 955 1979 1005 idem in toto tempore. Aliter enim posset motus esse in eo
1263 993 1982 1049 dem instanti. sed res permanens permanet tota eadem in
1257 1040 1982 1091 toto tempore. ergo instans est aliud a rebus permanentibus. ex
1269 1087 1967 1139 quo est res aliqua. quia alias essent fatua quaestio de in
1260 1128 1973 1181 stanti. ⁋ Item instans est continuatiuum quantitatis secundum
1266 1178 1969 1234 philosophum: non permanentur. patet discurrendo per singulas
1260 1214 1973 1282 species quantitatis. ergo successiuum et non permanens. ergo est
1261 1265 1982 1322 aliud a parmanentibus. ⁋ Item secundum philosophum iiii phisicorum
1263 1301 1982 1363 nihil est in actu de tempore nisi instans quod est aliud
1266 1348 1978 1405 a tempore. quia nec tempus nec pars temporis secundum philosophum. sed tempus
1258 1390 1976 1460 et pars temporis per te non differunt a rebus prmanentibus. ergo cum in
1263 1436 1982 1491 stans sit aliud a tempore distinguitur realiter a rebus per
1264 1478 1976 1538 manentibus. ⁋ Item mutatio subita mensuratur in
1268 1523 1979 1579 stanti: sicut motus tempore. ergo differunt realiter per te a muta
1265 1565 1994 1628 tione: sicut mensura a mensurato. sed mutatio etiam
1265 1609 1987 1680 per te non differt a re permanente. ergo instans realiter dicere
1267 1659 1981 1719 a re permanente. quia differt a mutatione. ⁋ Item nu
1277 1696 1990 1757 lum permanens distinguit inter praeteritum et futurum. sed
1275 1748 1980 1800 instans distinguit secundum philosophum. ergo non est res perma
1269 1784 1997 1847 nens. ⁋ Item quod motus distinguitur realiter a tempore et econ
1264 1829 1990 1885 uerso. probatur. quia vna quantitas non est eadem alteri nisi
1269 1877 1990 1946 partes earum sint equales secundum quantitatem et proportionem
1282 1920 1984 1974 vt si a est idem be partes a sunt eiusdem quodtitatis
1277 1968 1987 2027 proportionis cum partibus b. ergo si tempus et motus sini
1274 2015 1991 2063 idem partes motus et temporis sunt eedem et equales modo
1284 2055 1993 2118 praedicto. hoc est falsum. probatur: quia si motus celi esset
1291 2095 1994 2152 velocior intantum quod motus qui nunc est in duabus ho¬
1284 2141 1997 2195 ris fieret in vna hora: tunc omnes partes motus essent
1278 2186 2002 2239 cedem sicut nunc: et tamen non essent equales partibus temporis:
1275 2230 2001 2292 quia partes motus nunc per positum fiunt in duabus horis:
1284 2274 1997 2324 tunc autem si velocior esset motus secundum casum fierent
1280 2316 1996 2372 in vna hora: et per consequens in medietate temporis. ergo si tempus et
1278 2358 2002 2413 motus sint ide: sequitur quod motus qui nunc est equalis et
1282 2411 1994 2461 idem duabus horis: esset tunc equalis et idem vni hore
1282 2451 1993 2505 et sic pars esset equalis et eadem toti suo: quia ten¬
1293 2495 1998 2555 pus quod est nunc equale et idem toti motui esset
1285 2547 2006 2591 equale et idem parti. quia idem est motus tunc et
1287 2582 2006 2648 nunc. Item quarto phisicorum ad idem tempus non est
