2257 3052
431 204 1142 271 ⁋ Ad aliud dico quod tempus dicitur quantum: sicut mo¬
428 252 1147 322 tus dicitur quantus: quia includit partes distinctas: et in
431 296 1156 366 cludit multas affirmationes et negationes: et eo¬
444 336 1158 400 dem modo tempus. sed quomo dicitur tempus magis quantum
444 380 1143 458 quam mutatum esse. ⁋ Respondeo quod tempus et motus neccessario
444 423 1149 491 includunt multas partes sine quibus non possunt intelli¬
441 469 1158 543 gi. sed mutatum non includit neccessario talem multitu¬
438 510 1143 580 dinem partium. ⁋ Ad aliud dico quod philosophus. iii. v. et. vi¬
444 560 1147 621 metaphisice. distinguit inter passiones et accidena
438 599 1159 664 ideo dicitur quod magnum et peruum non sunt passiones quanti
437 644 1147 709 qui includunt distinctione partium sicut facit quantum.
437 689 1153 758 sed sunt passiones temporis et motus: quia praedicantur
435 733 1159 800 de eis secundo modo dicendi per se et non primo. et ideo
444 776 1159 850 passio in proposito accipitur pro illo quod praedicatur de
441 823 1163 887 alio secundo modo dicendi per se et non primo. et non acci
448 863 1163 938 pitur motus pro aliquo accidente formaliter inheren¬
447 914 1150 976 te alicui. et sic praedicantur magnum et pruum de primo
450 960 1165 1022 motu: quia connotant aliud quam motus: et non sunt ac¬
438 1000 1164 1068 cidentia formaliter inherentia motui. ⁋ Ad aliud di¬
456 1045 1161 1108 co. quod tempus est notius motu sicut mensura men¬
447 1089 1157 1152 surato: non tantum ratione negationum: neque praecise ratione af¬
452 1127 1166 1194 firmationum: sed ratione vtrorumque. quia primus motus qui est
444 1182 1159 1241 tempus vno modo acceptum est notior quantum ad eius
447 1222 1159 1286 affirmationes et negationes quam aliquis motus infe
456 1264 1159 1330 rior quantum ad affirmationes et negationes. ⁋ Et hec
458 1311 1165 1376 est distinctio realis inter mensuram et mensuratum
459 1356 1171 1425 quia affirmationes et negationes mensure distiguntur
455 1395 1175 1468 ab affirmationibus et negationibus mensurati ⁋ Ad
444 1445 1165 1511 aliud dico quod commentator accipit accidenaia equiuoce
452 1490 1175 1551 nam vno modo accipitur accidens pro aliquo accidente for¬
461 1531 1175 1596 maliter inherente alicui. Alio modo pro aliquo praedi¬
450 1575 1174 1641 ca. ili de aliquo secundo modo dicendi per se ⁋ Primo modo
458 1625 1162 1686 tempus non habet accidens: sed tantum secundo modo praedicto
471 1666 1173 1734 Probatur istud per exemplum suum de numeris. quia si nume
462 1717 1176 1767 rus nihil aliud sit a rebus numeratis. tunc non ha
465 1761 1166 1816 bet accidena alia sibi realiter inherentia. vt distingui
467 1798 1183 1856 tur a rebus numeratim. tamen sibi competunt aliqua praedica¬
471 1846 1181 1899 bilia secundo modo dicendi per se. et hoc vt est numerus proprie¬
471 1890 1178 1958 quae non conueniunt alicui parti eius. ⁋ Si dicas quod sub
479 1931 1182 1989 ectum habens passiones est per se in genere. et similiter
477 1970 1182 2034 passiones sunt per se in genere. ⁋ Dico quod hoc est felsum
468 2017 1177 2079 tam de subiecto quam de passione sic accepta. Et di¬
473 2059 1179 2124 co vlterius quod idem potest esse subiectum vnius passionis
476 2105 1178 2165 et passio alterius subiecti: sicut est de tempore et quantitate
486 2151 1193 2207 ptinua et multis aliis. ⁋ Ad aliud de instanti di
480 2191 1189 2260 co. quod instans non dicit aliquod absolutum distinctum
471 2240 1195 2300 a rebus permanentibus. quia si sic deus non posset conserua
468 2282 1181 2346 re aliquem effectum per aliquod tempus non corrumpendo in
474 2325 1184 2388 finita absoluta quod videtur inconueniens. Dico tunc
483 2369 1192 2440 quod instans quantum ad quid rei non significat aliud nisi
482 2413 1193 2482 partes forme successiu acquisitas per motum. quarum
486 2456 1198 2521 vna ante aliam acquiritur in infinitum sicut prius dictum est
487 2501 1202 2561 de motu. Unde si sit aliqua pars forme acquisita per mo¬
486 2544 1192 2604 tum. tunc quaelibet pars acquerenda post istam partotet est instans
486 2592 1198 2661 ita quod instans nihil aliud est realiter nisi quaelibet pars
1256 170 1976 244 forme cum sua negatione. et sicut post istam formam
1255 243 1966 289 acquisitam non est dare primam parte nec primam nega
1267 279 1970 336 ionem expellendam: ita nec est dare primum instans
1265 322 1969 377 post instans modo praesens. et sicut non est dare ali
1275 369 1976 428 quam partem immediate sequentem istam partem imme
1260 408 1976 465 diate acquisitam: ita non est dare aliquod instans imme¬
1257 451 1963 508 diate sequens instans praesens. quia quaecunque pars detur ad
1254 503 1972 555 huc ante illam fuit alia et alia pars in infinitum
1272 540 1976 610 ⁋ Quantum ergo ad quid rei non significa instans nisi affir
1273 586 1977 645 mationes et negationes intrinsecas motui: ita quod vnum
1266 631 1970 689 instans significat vnam affirmationem et aliud eius nega¬
1267 678 1976 730 tionem sibi oppositam: et sic deinceps. et sic in quo
1269 721 1972 776 libet motu sunt infinite affirmationes et negati
1270 768 1982 817 vones. et in quolibet tempore quod est idem cum illo motu
1263 806 1975 862 sunt infinita instantia. Sed quantum ad quid nominis si¬
1270 858 1985 919 gnificat et connotat affirmationes et negationes ex
1266 895 1982 953 trinsecas motui: scilicet extrema contrdictionis extrinse
1270 944 1975 1002 ce. Instans ergo quantum ad quid nominis significat affirma
1270 982 1984 1047 tiones et negationes in motu et connotat coexistenti
1271 1029 1978 1094 as illarum partium ene vna parte contradictionis extrinse¬
1272 1075 1987 1129 ce: ita quod non cum alia. puta si sint aliqua contradictoria
1272 1116 1988 1171 extrinseca sibi successiua. verbi gratia: a sedet a non
1272 1159 1984 1218 sedet. et quod sit pars forme aliqua acquisita per motum: tunc
1259 1204 1982 1270 pars illa acquirenda post illam parte acquisitam cum
1272 1249 1991 1311 sua negatione debet coexistere vni parti illius contradicti
1268 1301 1990 1348 onis a sedet etc. ita quod non alteri. non sic quod tam affir
1262 1336 1993 1396 matio illius partis acquirende quam sua negatio coexi
1268 1379 1987 1438 stant vni parti contradictonis extrinsece: quia hoc est im
1271 1431 1988 1486 possibile quia tunc contradictoria essent simul in eodem in
1270 1467 1997 1524 stanti: sed quod negatio illius partis coexistat cum
1272 1514 1990 1582 prima parte illius contradictionis extrinsece: ita quod non
1278 1562 2004 1621 potest coexistere secunde parti: et affirmatio istius per¬
1272 1603 1991 1659 tis acquirende ita coexistit secunde parti contradi¬
1281 1650 1990 1707 ctionis extrisece a non sedet quod non potest coexistere
1273 1688 2003 1756 parti prime. et ideo tam affirmatio quam negatio ita coexi
1278 1735 1985 1792 stunt vni parti contradictionis quod non alteri. et si affirmato
1282 1778 1990 1836 vel negatio istius partis acquirende coexisteret vtri¬
1286 1823 2009 1885 quod parti contradictionis extrinsece: tunc non esset motus
1278 1863 2006 1928 ibi. sicut prius patuit in quaestione de motu. et si non
1284 1911 1987 1968 sit motus tunc non esset tempus quod est idem cum illo mo
1290 1956 1998 2016 tu. et per consequens nec instans. ⁋ Nec potest dici quod instans
1284 2001 1997 2060 tantum affirmationem in motu significet et non nega¬
1278 2040 1996 2100 tionem sibi oppositam quantum ad quid rei. quia tunc se
1295 2089 1996 2152 queretur quod omnia instantia alicuius temporis quantum ad to¬
1293 2136 2002 2187 tum quid rei simul manerent et essent idem instans nunc
1287 2174 1999 2232 secundum quid rei quod fuit in principio mundi hoc est
1290 2215 2015 2283 falsum. ergo etc. consequentia probatur. quia quaelibet pars posi¬
1290 2263 2011 2321 tiua in motu acquisitiuo vbi partes simul manent
1297 2318 2008 2367 non manet cum illa parte contradictionis extrinsece:
1296 2349 1997 2417 cum qua manet sua negatio propter contradictionem in
1292 2397 2002 2458 clusam. tamen potest post esse suum acquisitum manere cum
1302 2437 2017 2497 infinitis extremis contradictionum succedentium
1295 2485 2012 2541 sibi continue: et sicut potest vna affirmatio manere
1290 2527 2012 2587 ita alia. et per consequens instantia in quocumque mo
1290 2575 2015 2654 tum acquisitiuo possunt simul manere. ergo ad hoc quod
