2324 3096
309 245 1031 307 saluemus quod instans non maneat sed raptim trans
304 301 1030 351 eat: oportet quod dicat quantum ad quid rei tam af¬
313 338 1031 392 firmationes motus quam negationes. Dico ergo ad
306 380 1031 430 primum. quod instans nihil aliud positiuum dicit a re¬
310 426 1028 476 bus permanentibus quantum ad quid rei. sed bene dicit
307 473 1017 526 negationes vltra res permanentes. sed quantum ad quid
313 517 1022 561 nominis connotat affirmationes et negationes extri¬
306 556 1017 618 secas motui vel tempori. et connotat coexistentiam partis
304 600 1016 656 forme ita cum vna parte contradictionis quod non cum alia modo
297 650 1015 701 praedicto. et propter tale connotatione possunt multa ve¬
302 700 1019 750 rificari de instanti: quae non possunt verificari de re per
298 738 1014 788 manente. Et illud est gnaliter verum quando quid nominis
304 777 1022 840 alicuius exprimit multa: quae non expremit quid rei. modo
294 819 1018 881 quando quid nominis alicuius exprimit multa quae non expremit
304 864 1017 927 quid rei multa possunt verificari de tali re ratione quid nominis
303 917 1013 973 quae non possunt verificari ratione quid rei. sic est in proposito.
295 952 1019 1014 ergo etc. Alio modo dici potest quod instans significat parten
304 1006 1024 1055 forme acquisite per motum: et nihil plus quantum ad quid
288 1051 1019 1096 rei. et connotat coexistentiam eius cum vna parte co¬
291 1098 1017 1147 tradictionis sic quod non cum altera. et hoc loquendo ge¬
307 1134 1010 1185 neraliter de quacumque contradictione siue intrinseca mo¬
304 1177 1019 1232 tui siue extrinseca. Et si istud generaliter intelli¬
297 1224 1018 1280 gatur: tunc nec tempus nec instans est in motu augmen¬
304 1267 1017 1325 tationis nec alterationis. nec vbicumque sunt tantum
300 1317 1016 1366 motus acquisitiui. quia in illis pars acquisita manet. et
300 1352 1019 1414 potest manere cum quibuscumque contradictoriis tam intrin¬
300 1403 1016 1458 secis motui quam extrinsecis. excepto suo solo com¬
304 1446 1020 1505 tradictorio. quia gum suo contradictorio non potest manere
291 1493 1013 1540 sed tunc tantum motus localis potest dici tempus. quia in eo
304 1528 1010 1584 solo potest esse instans: siue ponatur vbi acquisitum per
304 1583 1016 1626 motu localem: siue tantum locus semper mobile quod mouetur
304 1615 1008 1677 localiter manet sub illo positiuo acquisito cum co
298 1660 1019 1722 existentia vnius partis contradictionis tantum: siue sint
297 1708 1013 1760 contradictoria intrinseca motui: siue extrinseca. dum
304 1752 1008 1808 modo sibi continue succedant. Si enim mobile quod
304 1802 1006 1854 mouetur localiter maneat sub aliquo vbi determina
295 1835 1006 1889 to vel aliquo loco. ita quod conexistat vtrique parti com
303 1886 1013 1932 tradictionis sub illo vbi vel loco: tunc non mouetur
307 1921 1020 1979 sed quaescit. ita quod secundum istam viam instans nihil est nisi
294 1972 1018 2016 illud positiuum quod acquiritur per motum localem siue
295 2010 1014 2074 sit vbi siue pars spacii: quod tamen sic coexistit vni parti
304 2056 1011 2118 contradictionis quod non alteri. et aliter non dicitur instas
301 2105 1006 2156 qui hoc nomen instans vel conceptus connotat alte
304 2150 1013 2202 ram partem cuiuscumque contradictionis cum negatione al¬
304 2189 1018 2244 terius partis. quia connotat coexistentiam cum vna parte sic
301 2238 1007 2297 quod non cum alia. Et hoc est verum si ponatur motus lo¬
298 2280 1023 2340 calis simul acquisitiuus et deparditiuus sic scilicet quod vnum
304 2329 1004 2374 vbi vel vnus locus acquiritur. alius deperditur
304 2367 1001 2426 Si autem ponatur motus localis tantum acquisitiuus per
303 2419 1012 2472 potentiam diuinam scilicet si deus faceret corpus reti¬
303 2450 1008 2509 nere primum vbi quando acquirit secundum: et sic deinceps
294 2502 1016 2551 tunc instans significat partem forme per motum acquisite
293 2541 1020 2602 cum coexistentia vnius partis contradictonis. ita quod cum alia
306 2585 1017 2650 siue pluribus partibus. et sic est in motu augmenta¬
288 2638 1021 2706 tionis et alterationis vbi sunt tantum motus acqui¬
1131 250 1860 326 sitiui. et tunc possunt secundum istam viam poni tres species. scilicet
1138 307 1843 361 motus augmentationis et alterationis et instans
1129 351 1842 411 in illis motibus. sicut et in aliis. Sed alia via
1135 400 1856 458 apparet melior ponendo quod non est instans nisi¬
1140 445 1839 502 vbi est motus acquisitiuus et deparditiuus: ita quod
1131 482 1847 541 semper sic vnum acquiritur aliud deperditur: quia secundum il
1128 525 1841 581 lam viam melius saluatur quod instans raptim transit quod tam
1132 577 1840 632 tum coexistit vni parti contradictonis: ita quod non
1126 620 1844 665 alii. ⁋ Ad septimum dicitur quod instans est cotinua
1132 658 1843 708 tiuum: vt iam dictum est: sed per hoc non concluditur quod realiter
1126 698 1837 766 differat a parmanentibus. ⁋ Ad aliud dico quod in
1129 745 1847 798 stans dicitur indiuisibile: quia tantum coexistit vni par
1129 791 1841 845 ti contradictionis et non alteri: sed quando alteri tunc
1129 839 1847 897 non est instans: sed illud quod est instans est diuisibi¬
1129 880 1843 929 le in infinitum ex quo acquiritur per motum: et si esset
1119 920 1834 977 indiuisibile et cotinuatiuum duarum partium temporis. ex hoc
1129 968 1847 1029 non sequitur quod differt a partibus continuatiuis. Exem
1126 1019 1849 1064 plum ex hoc quod punctus continuat duas partes
1117 1056 1844 1111 linee: non sequitur quod punctus differt a linea: quia tunc
1117 1111 1842 1162 posset probari quod linea componeretur ex puctis: et eo
1126 1151 1835 1210 dem modo in proposito si instans dicat aliud a par
1129 1189 1845 1252 tibus motus et temporis posset probari quod tempus compone
1119 1237 1836 1293 retur ex instantibus. ⁋ Dico tamen quod instans non continu
1115 1275 1835 1338 at proprie partes temporis: quia illa quae nihil sunt non pos
1119 1319 1834 1380 sunt per aliquod ens continuari. dicitur tamen a philosopho. conti
1125 1367 1841 1428 nuare partes temporis: quia illud quod immediate prece¬
1117 1412 1840 1457 dit instans praesens conexistebat multis extremis contra¬
1119 1453 1842 1515 dictonis: sed instans praesens tantum coexistit vni parti com¬
1122 1504 1835 1558 tradictionis: ita quod non alii et non est alia continua
1126 1546 1844 1594 tioibi ⁋ Ad aliud dico quod mutatio subita non
1119 1585 1841 1640 mensuratur instanti: et si differret a partibus mo
1122 1629 1837 1693 tus et temporis: quia mutatio subita est indiuisibilis
1126 1678 1842 1729 et nullum tale mensuratur: quia mensura certificat de
1123 1717 1846 1773 quantitate mensurati: et ideo si mensuratum non sit quan¬
1117 1769 1851 1822 tum non mensuratur: tamen bene potest aliquis certificari.
1126 1806 1844 1861 de perfectione alicuius indiuisibilis per accessum et re
1122 1857 1837 1913 cessum ad aliquod indiuisibile. et si tunc ex cognitoe¬
1129 1892 1847 1945 vnius indiuisibilis et aliorum duorum quorum vtrunque
1113 1941 1838 2001 accedit ad illud indiuisibile potest cognosci quod vnum
1120 1982 1835 2039 indiuisibile accedens sit perfectius alio: et tunc illud
1123 2021 1830 2086 indiuisibile per cuius cognitionem principaliter scitu
1122 2066 1829 2131 hoc potest dici mensura perfectionis respectu aliorum
1123 2109 1842 2171 Et ideo si ex cognitione instantis et aliarum duarum
1126 2156 1837 2218 mutationum potest sciri quod vna mutatio est perfe¬
1117 2203 1830 2264 ctior alia: tunc primum instans dicitur mensura per
1113 2247 1836 2302 fectionis respectu illarum mutationum et aliter non.
1123 2294 1836 2346 et eodem modo de deo si ex cognitione dei intuiti¬
1123 2336 1841 2381 ua et cognitione aliarum rerum: non ex sola cogni¬
1113 2381 1834 2436 tione dei: quia mensura et mensuratum necessario
1129 2420 1826 2482 prius cognoscuntur secundum suas essentias quam secundum quod
1126 2468 1835 2520 sunt mensure. Nec sufficit ad cognoscendum
1125 2517 1832 2575 quantitatem mensurati solum cognoscere meu
1122 2553 1843 2608 suram. Si inquam ex tali cognitone potest co¬
1122 2604 1834 2648 gnosci quod vna creatura est perfectior alia: tunc
1113 2646 1834 2700 deus est mensura creature. mensura inquam
