2271 3050
422 207 1153 295 perfectionis et aliter nullo modo debet concedi men
434 266 1144 334 sura creaturarum: nisi per eius cognitionem intuitiuam
431 316 1141 381 et aliarum creaturarum posset cognosci vna crea¬
419 352 1144 434 tura esse perfectior: quia vna plus accedit ad perfectionem
426 396 1144 467 dei quam alia. et isto modo dicunt verum quae dicut quod albe
437 438 1146 519 do in genere colorum est mensura aliorum mensura in¬
434 485 1151 556 quam perfectionis: quia cognita albedine rubedine et
429 530 1148 598 nigredine potest aliquis scire quod rubedo est perfecti¬
432 574 1139 643 or color nigredine. aut econuerso: quia plus acce
432 614 1151 685 dit ad perfectionem albedinis quam nigredo. et eodem
446 660 1154 728 modo est de instanti et mutatione si per cognitionem in
436 702 1148 774 stantis et duarum mutationum posset quis cognosce
437 748 1163 823 re quod vna mutatio est perfectior alia: quia plus acce
437 791 1150 865 dit ad perfectionem instantis: tunc instans potest dici men
443 839 1148 910 sura perfectionis respectu aliarum mutationum et ali
443 880 1160 951 ter non. Tame aliter potest dici quod instans est mensura
440 928 1163 998 mutationis: non quia dicit aliquam rem absolutam super
434 972 1160 1044 ipsam et res permanentes: sed quia mutatio proprie dicaua
439 1020 1163 1084 vt significa rem connotando negationem immediate praece¬
434 1056 1157 1128 dente conexistit vni parti contrdictionis: ita quod non alii
447 1101 1166 1173 nec duabus simul ⁋ Ad aliud dico quod instans dicitur distin¬
446 1147 1153 1226 guere inter praeteritum et futurum. non quia distinguita
438 1191 1157 1268 rebus permanentibus et impermanentibus: puta vbi pum
438 1234 1159 1308 ctus distinguit inter vna partem et aliam non est punctus
447 1285 1162 1350 alius a partibus linee: sed propter hoc dicitur distinguere
450 1322 1157 1390 et compulare: quia medio modo se habet inter praeteritum et
443 1365 1157 1438 futurum. et hoc quia illud est praeteritum quod coexistebat
444 1409 1166 1480 multis extremis contradictionum: et nunc non coexistit
449 1452 1157 1537 futurum autem est quod conexistet aliquibus contradictoriis et
441 1498 1169 1578 modo non conexistit: sed instans praesens sic modo coexistit
440 1546 1164 1611 vni parti contradictionis et prius non conexistebat illi nec
447 1589 1164 1658 alicui alteri. et ideo dicitur distinguere et compulare.
453 1631 1167 1711 ⁋ Ad aliud dico quod partes temporis et motus: vt motus
446 1675 1165 1744 est tempus sunt eedem siue sit motus velox siue tardus:
449 1722 1169 1797 qui eedem affirmationes et negationes sunt de essen¬
449 1767 1171 1828 tia motus siue sit tardior siue velocior: sed ille mo
447 1807 1181 1878 tus non habet rationem temporis respectu sui: sicut nec ali
452 1855 1180 1932 quis motus respectu alterius. et alius motus vel rea¬
465 1899 1182 1965 lis vel ymaginatiuus habet rationem temporis respectu il
461 1945 1171 2008 lius motus: respectu cuius est velocitas vel tat
456 1986 1168 2050 ditas. et tunc dico quod si sit motus tardior primo: et
455 2035 1175 2101 postea fiat velocior in duplo: tunc velocior fit in
459 2071 1169 2144 duplo minori tempore quam tardus: quia motus alius di¬
462 2120 1187 2183 stinctus ab isto motu veloci et tardo modo pre¬
474 2164 1177 2234 dicto qui regularis est et vniformis est tempus et
456 2207 1174 2277 mensura respectu primi motus. et quia motus iste cu
470 2252 1184 2314 ius vna medietas est tardior et alia velocior in
476 2297 1186 2362 duplo quo ad partem motus tardiorem coexistit
470 2340 1186 2412 maiori successioni in duplo motus vniformis. et
476 2384 1184 2456 quo ad partem motus velociorem coexistit mino¬
474 2428 1179 2504 ri successioni in duplo motus vniformis. ideo
482 2470 1180 2544 pars velocior motus fit in duplo minori tempe
480 2515 1189 2577 re quam tardior. Et ex hoc non sequitur quod pars sit equa
489 2558 1198 2622 lis toti: quia pars illa motus vniformis quae men¬
480 2603 1190 2681 surat tanquam tepus partem motus velociorem est
1257 190 1969 263 minor quam ipsa tota successio: etiam quam alia pars
1248 244 1966 310 successionis eiusdem mensurantis partem motus
1256 294 1973 350 tardiorem. et per consequens nec pars temporis mensuram
1256 334 1969 395 tis predictu motum est eadem toti nec equalis to
1259 380 1968 446 ti ⁋ Si dicas quod si motus primus mensuret aliquem
1252 424 1966 488 motum vniforme inferiore puta motum solis per
1254 468 1978 528 vnum diem vel per vnam reuolutionem si fiat alia reuo
1254 508 1972 574 lutio vel motus in duplo velocior non mensura
1254 554 1978 615 bit nisi medietatem alterius motus vniformis.
1258 602 1972 674 ex quae est velocior prima reuolutione in duplo: et
1265 647 1972 709 tamen affirmationes et negationes quae sunt in secunda
1252 687 1981 751 reuolutione fuerunt in prima et tamen prima reuolu
1250 734 1981 796 tio fuit tempus duplum respectu secunde reuolutionis: et
1250 779 1972 848 per consequens idem est duplum ad se respectu suiip
1269 820 1975 888 sius. ⁋ Ad illud dico quod tempus accipitur duplici
1263 866 1981 929 ter vel pro motu ymaginato quae tantum habet esse
1265 911 1978 980 obiectiue in anima vel pro motu reali. primo modo
1265 952 1985 1017 accipiendo sic est tempus idem apud omns per equiua
1269 998 1990 1059 lentiam: quia eodem modo mensurarem ego alios motus
1263 1041 1978 1120 per conceptum tuum. si esset in me sicut mensuro per
1262 1101 1980 1151 conceptum meum: et tum econuerso per meum sicut per tuu
1263 1134 1978 1198 si accipitur secundo modo aut igitur pro motu primo
1257 1178 1985 1232 velocissimo et regulatissimo aut pro motu infe
1271 1219 1990 1282 riori. primo modo est idem tempus apud omns: quia
1271 1260 2003 1328 omns possunt per illum motum mensurare alios mo¬
1271 1306 1993 1369 tus inferinores tanquam per mensuram. secundo modo ad
1265 1354 1990 1413 cipiendo motum sic non est idem apud omnes realiter
1272 1397 1999 1460 licet forte sit idem equiualenter ⁋ Contra. com¬
1269 1440 1985 1503 mentator quarto phisicorum dicit quod non possumus
1274 1482 1999 1557 praecipere tempus nisi percipiendo motum primum. er¬
1263 1528 2004 1599 go non possumus mensurare per alium motum. ⁋ Respon
1278 1573 1999 1635 deo secundum philosophum et commentatorem quarto phisicorum
1272 1621 1997 1680 motus primus est velocissimus et regulatissimus
1280 1661 1994 1724 ita quod secundum eum impossibile est dare motum velocio
1278 1705 2008 1774 rem et regulatiorem. et ideo ymaginando aliquem
1275 1750 2008 1810 vniforme et velocissimum habeo quendam conce
1272 1793 1993 1856 ptum motus quie soli primo motui conuenit. et ideo
1272 1837 1996 1900 secundum istam viam ille motus ymaginatus solum est conm
1281 1880 2008 1945 munis primo motui: et ideo quaecunque fingit sic com
1275 1924 1999 1989 ceptus motus: percipit motum primum: quia ille
1284 1976 2009 2031 conceptus in nullo alio saluatur. Et ideo ymagi
1281 2017 1999 2074 nando illum conceptum percipitur primus motus
1274 2060 2005 2120 in communi. Unde theologi habent dicere quod deus po
1287 2100 2012 2163 test facere alium motu ita regularem et vniformen
1291 2148 2000 2208 sicut est primus motus iam factus et forte motu¬
1290 2192 2010 2251 velociorem licet non forte magis vniformem. et si
1284 2237 2016 2293 sic esset in mensurando motus realis per mo¬
1286 2280 2006 2338 tum in anima non plus percipitur primus motus iam fa
1296 2324 2012 2382 ctus quam alius factus a deo de nouo: quia motus
1287 2365 2012 2438 ymaginatus equaliter saluaretur in vtroque. ideo
1287 2414 2012 2471 dico quod tempus vt est motus in anima est idem a¬
1287 2454 2008 2523 pud omns per equiualentiam modo supra dicto
1302 2499 2017 2563 et hoc sufficit ad intentionem philosophi. ⁋ Ad
1292 2543 2014 2608 aliud dico quod accipiendo tempus secundum quid no¬
1293 2590 2028 2655 minis inquantum dicit mensuram: sic tempus non est
