2285 3063
444 195 1164 269 de ente in anima et extra. Quia inta possumus per quan
446 251 1169 312 titatem in anima mensurare sicut per quantitatem extra.
446 297 1153 362 et similiter per motum. et licet aliquid dicat vniuoce de ent
449 341 1159 401 in anima et extra: non tamen primo modo dicendi per se: sed secundo
446 380 1164 443 modo sicut risibile. ita praedicatur vniuoce de omnibus
440 429 1167 487 hominibus sicut homo. non tamen primo modo dicendi per
452 468 1166 536 se: sed secundo modo. sic est in proposito de motu in anima
456 515 1156 578 et extra: quia mensurare sic vtrique conuenit vniuoce
453 567 1163 624 tamen in secundo modo dicendi per se. et hoc propter connotatu
458 610 1165 673 permensuram sicut patet ex dictis. sed vniuocum sic acce
449 653 1171 718 ptum accipitur large pro aliquo praedicato quod non va¬
452 691 1174 760 riatur in pluribus: licet ille non sit de ratione formali eo¬
450 730 1170 802 rum de quibus predicatur ⁋ Ad aliud dico quod accipien¬
456 777 1172 842 do tempus pro numero numerato in quocumque motu
457 820 1173 890 locali: sic sunt tot tempora quot motus: tamen accipiendo
452 872 1158 931 tempus sicut accipit philous pro numero quo numeram
461 918 1171 983 et mensuramus omnes alios motus hoc potest esse dupliciu
459 955 1172 1027 vel pro primo motu velocissimo celi: et isto modo
465 999 1166 1065 est vnum tempus numero omnium: quia omnes possunt per illu¬
462 1045 1172 1113 motum mesurare omns alios motus. Alio modo potest
456 1086 1169 1154 accipi pro motu in anima. et sic est vnum tempus per equiua
465 1137 1178 1203 lentiam modo praedicto. ⁋ Ad aliud dico quod licet nume¬
462 1182 1178 1247 rus numeratus mensuretur per partes suas siue per suas
465 1217 1167 1288 vnitates: sicut patet ex dictis: tamen potest esse mensi¬
458 1270 1171 1336 ra aliorum motuum. ⁋ Ad aliud dico quod licet in quantita¬
464 1308 1175 1378 te continua sit nuerus numeratus: tamen alio. modo quam in
467 1357 1170 1419 motu et tempore: quia in quantitate continua sic est numer
467 1396 1172 1463 numeratus quod partes numerate faciunt vnum per se: i
467 1450 1182 1516 partes motus et temporis non. quia componuntur ex affirma
456 1491 1174 1558 tionibus et negatonibus quae non faciunt per se vnum. ⁋ Ad
458 1528 1187 1600 aliud negatur minor. ⁋ Ad aliud dico quod non quaelibet
470 1574 1181 1641 res mensuratur tempore vel instanti: sed solum quae habet duratio
468 1617 1180 1686 nem: et adhuc res permanens non mensuratur nisi quantum
464 1665 1181 1727 ad suam durationem. verbi gratia: substantia angeli ve¬
470 1715 1178 1773 sortis non mensuratur: sed tantum duratio angeli vel sor¬
476 1753 1180 1824 tis. et ideo quia mutatio non habet proprie durationem: ide
476 1797 1191 1861 non mensuratur. ⁋ Ad primum principale dicitur quod il¬
479 1841 1196 1914 lud tempus cuius partes non sunt simul non est aliquid vnum
476 1884 1187 1959 per se in genere: et ideo nec motus nec tempus sunt per se in ali
479 1929 1183 2002 quo genere: quia vtrumque quantum ad quid rei includit affi¬
480 1972 1187 2036 mationes et negationes: quia non sunt simul nec esse pos
482 2017 1196 2087 sunt propter contradictionem nec faciunt per se vnum. tamen
483 2061 1190 2133 quantum ad illud quod positiuum est in tempore possunt pa¬
480 2106 1193 2179 tes eius esse simul et facere per se vnum in genere. ⁋ Ad
485 2149 1196 2212 aliud dico quod instans potest manere quantum ad quid rer
487 2197 1192 2260 et multa immo infinita simul: quia si deus faceret solum
495 2243 1199 2304 motum alterationis qui esset solum acquisitiuus: tunc illius
483 2283 1205 2350 forme omnes partes manerent: sed instantia in illo mo¬
480 2328 1197 2390 tum ponendo ibi instantia non sunt realiter nisi pa¬
485 2375 1204 2437 tes forme: licet connotarent aliud sicut prius dem est
483 2418 1198 2475 et ideo licet non posset manere quantum ad suum significa¬
488 2459 1204 2523 tum totale: quia affirmatio et negatio quae sunt eius par
486 2506 1208 2564 tes non possunt simul manere: tamen quantum ad illud quod est
494 2547 1199 2614 positiuum in suo significato potest manere: tamen in
486 2589 1216 2659 stans in motu locali nihil manet de facto nec
1262 175 1988 245 quantum ad quid nominis: nec quantum ad quid rei. quia sicut
1263 233 1982 289 mobile semper acquirit vnum vbi ita depardit aliud. tamen
1267 284 1991 333 de potentia dei absoluta posset manere in motu
1263 333 1990 380 locali sicut in alio motu. De istis quere supra.
1263 371 1991 427 ⁋ Ad confirmationem dico quod instans nec corrum
1258 412 1991 472 pitur in se nec in alio: quia nihil proprie corrumpitur ni¬
1269 461 1987 510 si quod habet durationem. instans non habet durationem. et
1264 499 1987 560 go etc. sed proprie desinit esse: quia nuncest et post non
1273 556 1985 603 erit. ⁋ Ad aliud dico quod esse temporis quantum ad quid no
1267 588 1990 644 minis completur per animam: quia in diffinitione eius indi¬
1269 640 1990 690 cante quid nominis ponitur actus anime vel accipit ibi
1272 676 2006 728 tempus promotu in anima. Questio. xiii.
1434 727 1986 833 Trum tempus sit men
1453 808 1988 866 sura angelorum. Dico quod quadruple¬
1433 856 1987 917 est mensura: extensionis: multitudini
1270 899 2002 963 durationis et perefectionis. Extensionis in continuis sicut
1282 944 1997 1005 vlna panni. multitudinis sicut vnitas numeri. du
1269 989 2005 1048 rationis: sicut tempus mensurat motum. perfectionis: sicut
1270 1042 2008 1091 deus respectu creaturarum: et albedo respectu co
1284 1082 1994 1132 lorum. et hoc si per congnitionem dei intuitiuam et creatura
1287 1122 2005 1187 rum potest cognosci que creatura est perfectior et quae in
1278 1180 2003 1231 perfectior per hoc quod vna magis ad deuaccedit quam a¬
1285 1208 2009 1269 lia. et alio modo non potest dici mensura sicut diectum est
1281 1255 2012 1319 prius. et eodem modo est de albedine respectu alio¬
1284 1300 1999 1356 rum colorum. et dicitur mensura perfectionis si per eius cognito
1287 1348 2002 1403 nem intuitiuam: per cognitionem aliorum colorum potest quis
1289 1385 2008 1443 cognoscere quod vnus color sit perfectior alio: puta
1286 1428 2012 1494 rubedo nigredine per hoc quod vnus plus accedit
1291 1475 2000 1535 ad perfectionem albedinis quam alius. ⁋ Secundo dico
1289 1517 2011 1588 quod euum non potest poni in angelo mensurans durationem
1280 1571 2003 1621 angeli: quia sic aut esset in genere substantie au
1300 1610 2018 1668 accidentis. non in genere substantie: quia tunc vel esset
1287 1654 2008 1721 angelus vel pars angeli. non angelus: quia nihil est
1292 1693 2019 1763 mensura suiipius. nec pars: quia tunc angelus con¬
1287 1739 2023 1804 poneretur ex duabus substantiis: nec in gnere acciden
1290 1783 2011 1837 tis: quia nec est absolutum nec respectiuum. non abse
1295 1828 2023 1890 lutum: quia angelus potest creari et conseruari sine omni alio
1293 1874 2020 1928 absoluto. ergo potest sic durare. et per consequens tale acci
1289 1919 2017 1972 dens non est mensura durationis eius. Confirmatur: quia de
1297 1960 2020 2016 ratione mensure est quod sit notior mensurato: sed nullum
1302 2002 2025 2065 accidens absolutum mensurans angelum est notius
1299 2046 2023 2107 substantia angeli. ergo etc. Et per istud patet quod nullus
1293 2094 2027 2155 respectus potest dici enum mensurans durationem ange
1293 2137 2031 2200 liquia est innotior angelo. ⁋ Item nec deus nec an¬
1298 2181 2014 2247 gelus potest dici mensura durationis alterius angel
1293 2228 2024 2299 qui illud per quod non potest cognosci quae duratio anger
1303 2271 2025 2331 li est maior vel minor illud non est mensura alicu
1297 2320 2032 2374 ius: sed per deum vel angelum non potest cognosci quae dura
1304 2361 2024 2416 tio angeli est longior vel breuior sicut patet de se
1299 2406 2036 2471 ergo etc. Item per nihil quod equaliter respicit maiorem
1299 2450 2035 2507 durationem et minorem potest cognosci maior vel mi
1303 2493 2024 2546 nor duratio alicuius: sed deus et angelus quicunque
1302 2544 2051 2597 suntihmodi: quia equaliter respiciunt angelum plus du
1304 2581 2052 2659 rantem et minus. ergo etc. ⁋ his visis dico ad quaestio¬
