2249 3081
477 230 1177 321 tum: non tamen de facto sunt infinite intellectiones. Con
477 307 1178 372 tra. causa agente totali naturali sufficienter ap
476 344 1183 419 proximata passo sufficienter disposito si non a¬
465 389 1175 467 git in tempore statim ponitur effectus: sed causa totalis
475 439 1183 495 respectu intellectionis tertie est intellectio secunda
489 475 1175 540 cum potentia et passum est sufficienter dispositum: esg
486 521 1180 587 statim ponitur intellectio tertia: et eadem ratione
478 569 1187 625 quarta et sic in infinitum hoc etiam videtur ess conclusi philosophum
481 610 1181 674 tertio de anima vbi dicit quod non sentiens nihil addi
480 658 1180 719 scit. sed cum speculamur necessarium est simul fantas
478 703 1181 770 mata speculari. Ubi dicit commentator commento
477 751 1181 808 xxxix. quia intellectio intellecta est eadem cum re quan
486 790 1190 850 sensus apprehendit in sensato necesse est vt nihil
477 834 1190 905 sentiens nihil addiscat secundum cognitionem et distin¬
478 889 1174 943 ctionem igitur nihil in particulari intelligit nisi singi
480 924 1180 996 lare. ⁋ Preterea in de meno. et remins. Intelligere in
488 971 1180 1026 est sine fantasmate. ⁋ Preterea in de sensu. nihil est
485 1012 1180 1070 intellectu nisi prius suerit in sensu ⁋ Preterea quod con
492 1056 1193 1125 gnosetur intuitiue cognoscitur perfecte: ergo potest co¬
488 1106 1183 1172 gnosci esse distinctum ab omni alio maxime intuitiue
489 1153 1196 1204 cognito: ergo posset euidenter cognosci quod actus re¬
491 1193 1180 1254 ctus et reflexus distinguuntur si distinguantur vel quod
489 1231 1196 1307 amor et delectatio distinguuntur realiter quae tamen sunt du¬
492 1278 1193 1337 bia. ⁋ Quintum dubium est respectu quarum intelle¬
483 1326 1186 1391 ctionum est cognitio intuitiua: ant scilicet respectu hab
476 1366 1190 1423 tus vel respectu actus: quia non est maior ratio de acti¬
484 1415 1195 1465 bus quam de habitibus: cum equaliter sint praesentes habi¬
482 1452 1188 1518 tus sicut actus. ⁋ Sextum dubium est de notitia in
494 1496 1192 1559 tuitivua. et de isto iudicio quo iudicatur res esse vel
486 1540 1195 1599 non esse: quia aut distiguitur realiter aut no: non potest di¬
482 1580 1186 1655 ci quod sic: quia impossibile est aliquid esse realiter idem cum di
492 1628 1193 1687 obus oppositis: sed stante semper eadem notitia in
484 1672 1193 1737 tuitiua inuariata in re iudicat re esse quando est et post
493 1725 1189 1779 iudicat eam non esse quando non est: ergo neutrum istorum iudic
483 1767 1197 1816 orum est idem realiter notitie intuitiue: quia non est ma
489 1812 1189 1864 ior ratio de vno quam de alio. ⁋ Similiter si intellectus
501 1848 1195 1908 primo videret intuitiue albedinem et subiectum suum
484 1900 1192 1953 est stante semper vna visione. primo albedo informa
488 1934 1193 1995 ret subiectum: et post per potentiam diuinam sepraret
492 1978 1204 2039 iste sic videns iudicaret primo hoc est album: et post
497 2027 1196 2081 hoc non est album: et ita haberet opposita ifdicia
489 2074 1196 2125 compossibilia eidem notitie intuitiue etc. ergo cu¬
494 2110 1210 2186 neutra est eadem realiter. ⁋ Nec potest dici quod distin¬
498 2156 1198 2225 guitur realiter: primo quia cum notitia est prior isto iudi
497 2200 1210 2269 cio sequitur quod possit fieri per potentiam diuinam sine
495 2245 1211 2301 eo: et ita posset aliquis intuitiue cognoscere rem ex
493 2296 1208 2348 istentem perfecte: et tamen ignorare an res est vel non: et
495 2340 1208 2394 ita aliquis posset diligere et ignorare se dilige
501 2384 1208 2435 re: quod videtur esse contra augustinum. patet de trini. c.
507 2420 1213 2482 xiii. sicut allegatum est prius. Secundo sequitur quod ali
500 2465 1212 2528 quis posset intuitiue videre rem existentem perfecte
509 2508 1210 2569 et iudicare rem non esse: quia quando aliquid absolutum est ali¬
503 2552 1205 2612 cui alteri absoluto compossibile si sit ab ipso se
500 2592 1210 2670 parabile suum oppositum absolutum est compossibile
509 2638 1214 2727 eidem: quia secundum philosophum idem est subiectum contrariorum. Si
1288 231 1991 313 militer conditiones subiecti separabiles ab vtro
1287 282 1992 351 que contrariorum sunt vtrique compossibiles: ergo si cum
1298 328 1993 397 notitia intuitiua rei exstentis stat iudicium quod ex
1293 381 1990 441 tunc est ab ea separabile iudicium oppositum quo res
1299 431 1993 479 iudicabitur non esse stabit cum ea. ⁋ Septimum du
1298 464 1997 531 bium est: quia non videtur per notitiam intuitiuam de re non
1289 514 1989 572 existente posse euidenter cognosci rem non esse: qui
1293 558 1997 622 quero a quo causatur illud iudicium quo iudicatur
1290 604 1999 660 res non esse quando non est. aut a tota potentia intel¬
1299 645 1997 705 lectiua: aut a notitia intuitiua rei: aut a re intui¬
1292 691 1992 749 tiue nota. Non primum: quia illa manet inuariata si
1289 735 1994 795 ue res sit siue non sit. ergo cum sit causa naturalis
1295 778 1999 838 eodem passo non habebit oppositos effectus etiam
1293 823 2002 880 in diuersis temporibus: sed quando res est tunc iudicat rem esse
1293 871 1996 930 ergo siue res sit siuem non sit: non erit causa totalis
1292 916 1995 971 actus oppositi. Per idem patet quod non potest dici quod
1297 961 1997 1009 notitia intuitiua sit causa totalis illius iudici
1297 1007 2003 1056 Nec potest dici tertium: quia illa res non est simplicitur e
1295 1042 2032 1104 ergo nullius effectus potest esse causa efficiens ⁋ Dctauum
1301 1089 2010 1145 dubium: quia non videtur quod notitia intuitiua potest esse
1295 1141 2005 1192 rei non existentis: tum quia tunc deus posset beatifica¬
1292 1177 2005 1233 re intellectum per notitiam intuitiuam: posito quod deus non
1297 1231 2009 1275 esset ⁋ Similiter sequitur quod creatura posset esse tanta
1299 1268 2003 1322 delectatione delectata in absentia delectabi¬
1304 1308 2014 1369 lis: quanta in praesentia: quia delectatio sufficienter potest
1306 1365 2008 1412 poni: posita notitia intuitiua rei. ⁋ Nonnum du
1307 1394 2009 1457 bium est de eo quod dicitur quod deus potest abstractiue co
1299 1439 2009 1500 gnosci distincte: quia aut deus est praesens in se: aut in alio
1300 1490 2010 1540 Si in se: ergo illa est notitia intuitiua: quia et rei rea¬
1311 1530 2020 1584 liter praesentis. Nec potest dici quod sit praesens in alio: quia il¬
1308 1576 2006 1635 lud aliud aut est cognitum aut tantum ratio cognoscend
1306 1617 2012 1676 non primum: quia nihil aliud a deo ducit in notitiam
1307 1665 2015 1717 distinctam deitatis. Nec secundum: quia nihil aliud a
1311 1704 2011 1765 deo cum sit in infinitum imperfectius deo represen¬
1301 1756 2042 1807 tat distincte deum sub ratione deitatis. ⁋ Decimum
1305 1796 2023 1853 dubium est de hoc quod dicitur talis notitia communi
1314 1843 2026 1899 cabilis viatori: quia omnis notitia abstractiua ali¬
1312 1884 2021 1939 cuius rei praesupponit notitiam intuitiuam eiusdem rei
1314 1936 2005 1978 sed intuitiua non est communicabilis: ergo nec abstra
1308 1967 2009 2027 ctiua. ⁋ Ad primum dubium dico quod actus apprehi
1309 2016 2009 2070 siuus distinguitur realiter ab actu assentiendi: dis¬
1306 2060 2021 2108 sentiendi: et dubitandi. et est compossibilis cuili¬
1318 2108 2018 2154 bet eorum quamuis forte vniuersaliter non possit fie¬
1306 2147 2018 2208 ri naturaliter sine quolibet eorum. et ideo stat simul
1309 2191 2017 2241 quod quicumque apprehendit aliquam propositionem ai
1310 2232 2008 2298 sentit dissentit vel dubitat de ea: et tamen actus ap
1309 2277 2018 2341 prehensiuus distinguitur a quolibet eorum. Quod autem
1320 2319 2024 2378 distinguantur realiter patet per argumentum prius factum: quia si
1316 2368 2018 2433 aliquis frequenter eliciat actus dubitatiuos de
1311 2410 2025 2473 aliquo complexo ita quod intellectus inclinetur ad cogi¬
1322 2454 2024 2507 tandum de isto complexo mediante aliquo habitu
1321 2491 2030 2560 acquisito ex actibus praecedentibus. si postea assenti
1318 2545 2021 2602 ret illi complexo propter aliquod principium vel auc. cu
1311 2586 2033 2637 adheret respectu cuius haberet habitum perfecte incli
1318 2628 2033 2699 nantem. iste post primum actum assentiendi facilius et promi
