2305 3091
334 220 1059 299 Si dicas quantum ad exemplum positum de duobus ca
337 274 1055 330 loribus quod calor productus licet non determinet
337 330 1046 376 certum agens eiusdem rationis: tamen determinat sibi
333 370 1052 426 certam materiam in qua produci potest: ita quod non in alia
334 417 1052 464 et ita non sequitur quod idem calor numero producatur
327 459 1046 514 a duobus agentibus et in duabus materiis: sed
343 507 1043 562 quod vnus calor producitur a duobus agentibus in vna
334 547 1046 600 materia quam sibi determinat et alius ab eisdem
334 585 1053 646 in alia materia quam sibi etiam determinat. Respon¬
333 632 1039 691 deo quod ex quo materie sunt eiusdem rationis: non vi¬
332 675 1040 739 detur ratio quare effectus plus determinat sibi
334 727 1041 790 vnam materiam quam aliam: quia materia eque est illimi¬
337 771 1050 820 tata et indeterminata ad vnam formam et ad aliam. Nec
337 813 1052 864 potest alia ratio assignari quare effectus sibi deter¬
337 859 1056 913 ninat materiam quin eque concludat quod determinat
330 894 1040 962 sibi certum agens. et ideo illud est acceptum in ratione
334 950 1046 1006 tanquam manifestum. ⁋ Ad aliud dico quod in intelle¬
331 989 1045 1049 ctu potest esse aliqua cognitio abstractiua per quam
324 1038 1052 1092 nec iudico rem esse nec non esse: nec fuisse sicut su
324 1080 1049 1139 pra declaratum est. ideo modo transeo. ⁋ Ad aliud de
331 1123 1037 1186 parte sensitiua alias patebit. ⁋ Ad omnes auctor¬
328 1172 1046 1222 ritates philosophi dico quod accipit speciem pro actu vel ha¬
324 1205 1034 1270 bitu. hoc patet: quia commentator nunquam nominat speciem: sed
319 1249 1032 1316 semper vbi philosophus dicit speciem ipse nominat formam: et ac
331 1300 1047 1359 cipit formam pro intellectione vel habitu. ⁋ Et quando
319 1343 1040 1397 dicit quod est locus specierum. verum est: quia subiectum in¬
331 1394 1044 1446 tellectionum et habituum. Si dicas quod philosophus dicit
327 1439 1040 1492 quod est locus specierum non tota: sed intellectiua. nunc
318 1481 1027 1529 autem sensus est subiectum suorum actuum sicut intel¬
327 1524 1031 1580 lectus. ergo aliter est intellectus locus specierum quam
331 1569 1044 1628 praedicto modo. Respondeo. verum est quod aliter est locus
321 1608 1032 1665 siue subiectum quam sensus: quia recipit intellectiones
319 1653 1036 1700 non solum eorum quae sentiuntur vno sensu: sed etiam quae sen¬
324 1697 1023 1755 tiuntur quolibet sensu. quia potest intelligere sensibi
318 1735 1026 1799 lia omnium sensuum: non sic sensus. Si dicas quod sensi¬
316 1777 1031 1840 bilia communia sentiuntur ab omni sensu. Ad hoc responsum
322 1833 1023 1887 est supra quaestione de motum. Similiter aliter est intel
324 1873 1037 1930 lectus subiectum intellectionum et sensus sensati
325 1917 1022 1975 onum: quia sensationes extenduntur in sensibus: non autem in
308 1957 1023 2022 tellectiones in intellellectu. ⁋ Ad aliud dico quod
312 2010 1029 2054 eodem modo est habitus ponendus respectu incom
322 2051 1034 2110 plexi: sicut respectu complexi: et propter eandem causam:
313 2097 1016 2152 sed quando hoc est et quando non est oportet recurrere ad experien
306 2141 1021 2197 tiam: quia quando aliquis est magis inclinatus ad intelligen
309 2183 1026 2241 dum siue complexum siue incomplexum: post actum frequen
312 2232 1031 2285 ter elicitum circa tale quam ante: tunc est ponendus
313 2272 1028 2321 respectu illius. et quando non: non est ponendus. Unde sicut
312 2318 1025 2372 non omnis noticia incomplexa est generatiua habitus
319 2359 1028 2409 incomplexi: ita non omnis noticia complexa est generati
311 2407 1028 2455 ua habitus complexi. Uerbi gratia. cognitio intuiti
318 2449 1019 2510 ua ponendo illam viam superius dictam de cognitione
316 2492 1031 2556 intuitiua et abstractiua. quae simul sunt: non est gene
307 2533 1028 2592 ratiua habitus incomplexi cum tamen sit noticia incon¬
316 2577 1021 2637 plexa: et hoc quia nullus experitur se magis inclinatum
311 2626 1027 2692 ad cognoscendum aliquid intuitiue post intuitio
1167 239 1884 309 nem frequenter habitam quam ante: et eodem modo est de
1165 296 1872 351 cognitione complexa qua iudico rem esse mediante co¬
1164 341 1875 391 gnitione intuitiua tanquam causa partiali: quia illa co¬
1162 387 1877 440 gnitio licet sit abstractiua sicut supra ostensum est
1165 432 1869 482 et complexa noticia: tamen non est generatiua. et hoc quia
1165 472 1880 522 nullus experitur se magis inclinatum ad iudicandum
1159 518 1883 568 rem esse vel non esse mediante illa cognitione intui¬
1165 559 1868 620 tiua: post iudicium frequenter elicitum quod ante omne iu
1160 598 1868 660 dicium: quia numquam potest sic intelligere rem esse vel non
1154 645 1866 700 esse: nisi presente et existente cognitione intuiti¬
1145 693 1872 744 ua et habita illa et formato complexo modo dicto sta¬
1153 736 1865 784 tim intellectus potest iudicare et assentire et sem
1150 782 1870 839 per eque faciliter. vnde in talibus habitibus ad viden¬
1156 825 1869 876 dum vtrum debeant poni: et quoniam sic et quoniam non: recur
1153 873 1871 925 rendum est ad experientiam modo dicto. ⁋ Ad aliud
1156 916 1870 962 vtrum sit ponendus habitus in sensibilibus vel spe
1159 961 1863 1018 cies alias patebit. ⁋ Ad aliud dico quod ita conclu
1156 999 1871 1058 dit contra ponentes species sicut contra me. Unde sicut ip
1141 1045 1865 1098 si dicunt quod praeter speciem non requiritur motor extrinse
1145 1090 1860 1142 cus ad actum intelligendi: ita dico ego quod praeter ha¬
1149 1132 1869 1195 bitum non requiritur alius motor extrinsecus tanquam
1143 1182 1869 1238 causa partialis respectu actus intelligendi nec fan¬
1143 1218 1871 1277 tasma: nec aliquid in sensu. et hoc in cognitione ab¬
1146 1266 1870 1323 stractiua licet forte sit oppositum in cognitione intui¬
1150 1309 1859 1360 tiua. et ideo nulla talis conuersio ad fantasma re
1150 1359 1860 1410 quiritur tanquam causa partialis. In cognitione tamen ad
1143 1395 1865 1452 hoc quod aliquis sit in potentia accidentali ad intelli
1140 1447 1857 1504 gendum requiritur debita complexio a dispositio
1153 1491 1856 1541 corporis et omnium virtutum. et per consequens fantasie. et si
1140 1532 1855 1582 non habeat talem dispositionem non potest intellige¬
1146 1573 1862 1634 re: vt patet in pueris et in furiosis. et ideo sic ad in¬
1147 1623 1859 1672 tellectionem requiritur fantasma et aliter non. et for
1134 1665 1861 1724 te aliqua complexio corporalis potest esse causa par¬
1144 1711 1856 1762 tialis actus intelligendi qua necessario requiri¬
1140 1755 1860 1806 tur ⁋ Ad rationes opinionis prime. Ad primam
1134 1792 1855 1853 dico quod primo dicit quod illud per quod inellectus in¬
1147 1836 1864 1897 telligit est forma inherens: et post dicit oppo¬
1147 1877 1857 1938 situm: quia dicit quod non refertur ad hoc quod aliquid sit
1138 1924 1854 1987 principium actionis: vtrum sit inherens vel sub¬
1143 1971 1853 2026 sistens. Similiter per eum essentia diuina intel
1144 2016 1853 2066 ligitur per seipam non per speciem: et tamen essentia diui
1138 2065 1859 2124 na non est forma inherens intellectui. Ideo di¬
1143 2108 1855 2153 co quod argumentum non valet: quia illud quo intelli¬
1132 2148 1859 2210 git intellectus tanquam causa partiali potest esse subsi
1132 2183 1854 2254 stens: puta in intellectione sustantie intuitiua. et
1146 2235 1850 2296 potest esse inherens alteri: non tamen intelle¬
1137 2285 1853 2329 ctui: vt patet in cognitione intuitiua albedi¬
1129 2326 1853 2389 nis: et potest esse inherens intellectui: et tamen
1137 2372 1841 2429 non species sed habitus: ideo ratio nihil valet.
1141 2409 1851 2470 ⁋ Ad aliud dico quod ad cognitionem intuitiuam
1135 2463 1846 2516 angeli sufficit obiectum et ad abstractivam suf¬
1137 2501 1843 2555 ficit habitus: et per illam potest omnia intelli
1122 2556 1848 2604 gere sine aliqua specie. ⁋ Ad aliud dico quod non
1131 2598 1850 2642 requiritur ante actum intelligendi aliqua assimi¬
1123 2631 1850 2706 latio preuia quae sit per speciem: sed sufficit assimilatio
