2332 3099
337 209 1069 277 tionem incomplexam passionis sicut dictum est in pro¬
343 271 1064 324 logo. tamen vna res extra animam potest cognosci per rem
333 320 1058 365 in anima. puta per habitum sic quod potest esse causa partialis re
342 358 1066 409 spectu illius cognitionis. Ad alia patet per predi¬
339 403 998 473 cta et hec de questione. Questio. xvi.
495 456 1063 546 Trum angelus ad
510 546 1067 588 cipiat cognitione a rebus spiritua¬
490 579 1055 634 libus an a corporalibus. Quod non a cor¬
333 629 1064 678 poralibus probatur. quia corpus non agit in spiritum. vt
346 676 1049 728 dicit Augustinus super genesim ad litteram. ⁋ Ad op
342 713 1048 770 positum. ab illo accipit quis cognitionem sine quo
345 760 1051 822 non potest cognitionem habere: sed sine corporalibus non
343 803 1058 858 potest angelus cognitionem habere. ergo etc. ⁋ hic dicitur quod
340 847 1053 895 angelus nullam cognitionem accipit a rebus. quia in
332 894 1063 946 telligit omnia a se per species concreatas et sibi inffuxas
334 939 1062 992 a deo. et ideo nec cognitio nec species accipitur a re¬
340 980 1064 1032 bus. quod probatur multiplicitur. ⁋ Primo sic. Qualis
345 1024 1060 1074 est ordo corporum celestium ad corpora inferiora se
333 1070 1057 1125 talis est substantiarum separatarum ad inferiora se. sed
336 1115 1055 1166 corpora superiora non accipiunt aliquam perfectionem
345 1161 1061 1209 ab inferioribus: quoniam celum non potest recipere aliam for
333 1204 1048 1262 mam ab illa quam habet propter sui perfectionem. ergo
342 1246 1052 1300 angelus non potest recipere aliquam formam ab inferio¬
350 1292 1058 1340 ribus. et hoc propter sui perfectionem. ⁋ Istem anime sunt
345 1332 1058 1386 forme corporum. et ideo recipiunt cognitionem a corpori
345 1377 1067 1433 bus et mediantibus corporibus. sed angelus est si¬
350 1423 1057 1470 ne corpore. ergo tantum intelligit per species influxas a deo
336 1468 1048 1517 ⁋ Item impossibile est quod aliquid transeat de extremen
339 1513 1052 1562 in extremum sine medio. sed ymaginatio est men
336 1556 1042 1618 dia inter mere spirituale et corporale. ergo impossi
339 1602 1046 1648 bile est quod aliquid transeat de corporali siue materia
345 1642 1058 1692 li sine ymaginatione ad angelum. cum ergo in ange
344 1686 1054 1739 lis non sit ymaginatio: impossibile est eos accipere
342 1731 1054 1794 cognitionem a corporibus. quod autem ymaginatio sit
344 1775 1051 1827 medium probatur. quia ymaginatio licet non sit sine
348 1823 1064 1871 materia. tamen est sine coditionibus materialibus
343 1867 1048 1926 sensus autem corporalis non. ergo etc ⁋ Item intellectus
345 1906 1055 1960 noster est agens et patiens respectu rerum cognita
342 1956 1064 2007 rum a nobis. est enim agens per intellectum agentem in
340 1995 1055 2052 radiantem fantasmata. et est patiens: quia recipit in¬
352 2045 1057 2093 tellectionem causatam a re propter sui depurationem
344 2083 1054 2135 et omnia ista fiunt mediantibus potentiis sensitiuis
349 2132 1052 2187 sed intellectus angeli non est sic agens et patiens re
345 2172 1066 2222 spectu inferioris. quia non habet sensum. ⁋ Ite agens
340 2215 1054 2278 et patiens sunt eiusdem generis. quia actus et poten¬
348 2261 1061 2315 tia sunt eiusdem generis. sed res materialis et im¬
338 2308 1062 2352 materialis non. quia non possunt fieri ex se mutuo.
361 2350 1055 2401 Secundo dicitur quod angelus non discurrit de noteo¬
352 2393 1054 2447 ad ignotum. quod probatur: quia intellectus angeli in pri
357 2436 1064 2490 ma sui creatione est perfectus respectu omnis cogni¬
351 2479 1067 2531 tionis naturalis. et per consequens naturaliter non potest discur¬
340 2526 1064 2582 rere de noto ad ignotum ⁋ Item eundem locum tenent
355 2572 1064 2625 angeli inter spiritualia: quem tenent corpora celestia
352 2614 1067 2676 inter corporalia. sed corpora celestia non possunt naturaliter
1152 223 1879 289 perfici ergo etc ⁋ Contra ista. Primo contra primum
1159 273 1874 323 quod omnis res absoluta quae non potest naturaliter existere
1161 316 1873 366 sine alia re absoluta dependet ab ea in aliquo
1159 364 1888 416 genere causae naturali. quia effectus sufficienter depen¬
1174 405 1883 451 det etc. sed cognitio intuitiua angeli non potest na¬
1162 449 1889 499 turaliter esse sine existentia rei cuius est. ergo dependet a
1170 494 1880 541 re sicut effectus a causa. et per consequens angelus accipit co¬
1167 539 1877 591 gnitionem intuitiuam a rebus ⁋ Si dicas quod cum omnis
1158 587 1871 638 cognitio sit per assimilatione. ad hoc quod angelus
1170 626 1870 679 cognoscat re existentem. sufficit quod assimiletur sib
1155 677 1877 727 absque hoc quod accipiat sibi cognitionem a rebus.
1158 717 1883 768 ⁋ Nunc autem duplicitur aliquid assimilatur alteri: vel
1167 763 1877 819 per motum proprium: vel per motum alterius. Exemplum pri¬
1158 810 1879 856 mi quando aliquid mouetur ad formam quam prius non ha¬
1161 849 1882 893 buit. Exemplum secundi quando aliquis mouetur ad formam
1162 889 1882 944 quam prius habuit. Secundo modo assimilatur angelus rei
1162 939 1871 989 existenti virtute speciei quando peruenit ad formam quam
1161 983 1871 1030 angelus habet. ⁋ Contra. omnis effectus sufficientur de
1164 1034 1880 1082 pedet ex causis suis essentialibus et approxima¬
1159 1072 1879 1121 tione et dispositione earum. quia aliter destrueretur omnis
1168 1116 1888 1170 via ad probandum aliquid esse causam alterius. sed cogni¬
1152 1162 1879 1212 tio angeli intuitiua naturaliter dependet a re co
1158 1202 1880 1256 gnita. quia non potest naturaliter intuitiue intelligere
1168 1246 1876 1301 rem nisi res prius cognita. sit. et res cognita non
1168 1290 1880 1338 est dispositio intellectus angelici. nec species re
1161 1330 1880 1389 spectu intellectionis. nec approximatio respectu
1167 1379 1882 1428 causarum. ergo est causa. sed non materialis forma¬
1161 1420 1877 1471 lis vel finalis. ergo efficiens. ⁋ Item licet aliqua de
1161 1464 1868 1521 nominatio noua conueniat alicui per motum alteriui
1162 1512 1882 1564 absque hoc quod res mota sit causa alicuius existentis iu
1159 1557 1877 1610 re quam denominat. Exemplum. per mutationem creatu
1179 1602 1884 1652 re dicitur deus de nouo creator. et tamen res noua non
1186 1643 1888 1691 otest aduenire alicui de nouo per motum alterius ni¬
1167 1691 1892 1745 si illud motum sit causa illius rei. sed angelus per mu
1161 1735 1876 1778 tationem rei a non esse ad esse potest modo rem intell
1167 1774 1879 1829 gere: et prius non potuit: et angelus recipit in se no
1158 1818 1886 1871 uam rem scilicet intellectionem. ergo illa res quae mutatur
1162 1864 1880 1912 est causa istius intellectionis. ⁋ Iste quando aliquid potest
1168 1907 1889 1951 cognosci siue aliud existat siue non: et aliud non
1164 1949 1883 2005 potest cognoscere nisi ipso primo existente. et ipso existente
1171 2002 1874 2049 potest illud secundum illam rem cognoscere. primum habet
1174 2041 1877 2092 rationem causae respectu cognitionis secundi. sed angelus
1161 2084 1877 2142 potest i psam rem cognoscere ipsa re exnte: et non potest
1162 2129 1883 2183 eam cognoscere ipsa non existente. res autem potest cogno
1165 2173 1877 2219 sci angelo existente vel non existente. ergo res habet rationem causae
1165 2215 1873 2273 respectu cognitionis angelice. ⁋ Ite angelus assi
1162 2259 1880 2307 milatur rei sufficientur siue existat siue non. ergo muta
1163 2303 1889 2360 tio rei a non esse ad esse et existentia nihil facit ad
1158 2349 1879 2394 assimilationem. cum ergo existente re possit haberi cognitio
1162 2395 1869 2447 de ea in intellectu ageli et non existente non possit.
1168 2436 1892 2490 ex natura rei res est causa intellectionis angeli. ⁋ Con¬
1165 2484 1892 2528 tra secundum quia omnis intellectus potens principia appre¬
1171 2527 1883 2581 hendere et non conclusiones et non econuerso potest dis¬
1171 2579 1883 2620 currere patet. quia omnis talis intellectus potest virtu¬
1164 2614 1885 2667 te principiorum cognoscere conclusiones. et hoc est
