2314 3096
352 223 1058 278 rant causas alterius rationis prima abstractiua
352 264 1055 320 et secunda: quia ambe possunt fieri a causa eiusdem ra¬
352 319 1070 367 tionis. tamen prima abstractiua necessario requi¬
333 354 1057 408 rit aliamcausam alterius rationis. quod si naturaliter cau
343 400 1055 454 setur non necessario requirit secunda: quia iprima ne¬
340 450 1058 500 cessario requirit intuitiuam naturaliter loquen
346 488 1049 542 do. secunda non necessario: quia licet in priori casu requi
330 531 1061 589 rat necessario intuitiuam non tamen abstractiua secunda
333 575 1060 629 quia potest fieri mediante habitu derelicto a prima
339 627 1057 672 abstractiua posito quod maneat. ⁋ Ad aliud dico
348 666 1060 721 quod non est simile de cognitione intuitiua et abstra
341 721 1051 771 ctiua: quia naturaliter experimur quod destructo ob¬
336 758 1048 807 iecto intuitiue cognito non inclinatur intellectus
334 796 1058 854 ad vnum vel multa pus cognita cognitione intui
327 847 1048 899 tiua: sed naturaliter experimur quod corrupta co
336 884 1060 943 gnitione intuitiua inclinatur intellectus ad intelli
335 935 1045 988 gendum plura abstractiue: ideo non est simile de vno
333 976 1048 1028 et de alio. ⁋ Ad aliud dico quod vna ratio cognoscen
327 1018 1045 1076 di non habet necessario vnum obiectum adequatum: quia
340 1064 1055 1115 vnus habitus numero potest inclinari ad intellige¬
333 1109 1049 1156 dum plura obiecta vt plura non accipiendo lo vt
337 1154 1049 1206 reduplicatiue: sed specificatiue sic: scilicet quod plura
327 1198 1048 1253 possunt cognosci mediante vno habitu: tamen si es¬
328 1239 1043 1292 set aliquis habitus inclinans ad concludendum alium
336 1283 1045 1333 multis actibus: tunc ille posset habere vnum obie
330 1331 1049 1378 ctum adequatum omnibus inferiorbus. ⁋ Ad aliud di¬
336 1375 1058 1427 co quod non oportet ad multiplicationem prioris multi¬
336 1419 1055 1470 plicari posterius maxime quando prius est causa partia
336 1464 1046 1514 lis respectu posterioris sicut est in proposito de
328 1511 1046 1555 obiecto respectu cognitionis quando est vnus habitus
327 1556 1049 1607 respectu plurium. ⁋ Ad argumenta prime opinio
330 1593 1057 1643 nis ⁋ Ad primum dico quod deficit multiplicitur. tum
336 1644 1049 1693 qui accipit falsum in hoc quod dicit quod corpora celestia
325 1685 1049 1736 non acquirunt perfectionem aliquam aut enim intelligit
327 1727 1042 1775 de perfectione substantiali. et sic verum dicit et est bo
327 1768 1054 1827 na similitudo: quia angelus non potest accipere totam for¬
327 1823 1055 1871 mam substantialem a rebus: sed sic non est ad propositum:
322 1861 1042 1916 aut de perfectione accidentali: et sic falsum dicit: quia
325 1903 1040 1951 luna recipit illuminationem a sole: ergo eodem mo
340 1954 1061 1995 potest vnus angelus recipere illuminationem ab alio¬
334 1982 1049 2045 Similiter similitudo deficit: quia si teneret vniformiter
336 2035 1042 2095 tunc sicut corpus celest es causat aliquid in istis
336 2082 1046 2134 inferioribus: ita angelus in animabus nostris: et cau
336 2121 1048 2172 saret animas nostras sicut corpus celeste ista inferio¬
337 2168 1043 2222 ra. et per consequens anime nostre dependerent ab angelis
327 2204 1048 2270 ⁋ Ad aliud dico quod non est incoueniens quod corpus
337 2250 1067 2315 agat in spicitum: causando intellectionem sui parti¬
326 2301 1046 2349 aliter: sicut potest causare in anima coniuncta corpo¬
327 2344 1048 2396 ri. et dico quod non est causa precisa quare corpus potest
337 2392 1043 2442 agere in animam nostram: quia est coiuncta corpori: sed
328 2435 1048 2486 ca est precise: quia anima non potest de se habere omnem
339 2477 1051 2535 perfectionem ad quam est in potentia mediante corpo
339 2522 1048 2574 re et quam potest habere a corpore. et hec eadem est
337 2567 1055 2618 causa quare agit in angelum: quia ipse potest habere aliquam per
338 2614 1048 2683 fectionem posito corpore quam non potest habere destru¬
1168 200 1874 281 cto corpore. ⁋ Ad aliud dico quod non oportet semper
1174 269 1898 320 transire per medium: nisi quando medium est in motu
1155 313 1890 370 locali. sed in mediis perfectionum non oportet. et ergo non
1168 362 1886 413 oportet si aliquid causet aliquid in extremo quod prius cau
1168 400 1889 454 set in medio ⁋ Similiter quando dicit. quod fantasia est me¬
1174 448 1880 497 dium etc. falsum est. sed si ponatur aliquod medium inter
1164 495 1892 547 mere corporale et spirituale erit anima intellectiua. nam
1168 537 1880 588 virtus fantastica est extensa in materia cum ma¬
1161 582 1885 636 terialibus conditionibus. et est pure materialis et
1158 636 1882 681 corporalis. ⁋ Ad aliud dico sicut dictum est prius
1164 672 1877 726 quod intellectus agens non depurat illustrat etc. nisi¬
1161 721 1877 766 qui est causa partialis ad causandum intellectionem. et
1161 761 1882 816 propter hoc non dicitur depurare. sicut nec sol di¬
1149 801 1879 856 citur depurare. quia concurrit sicut causa partialis ad cau
1155 847 1870 895 sandu aliquid inferius. et ideo debet poni intellectus
1159 891 1874 947 agens eodem modo in angelo et beato sicut in nobis. Et
1159 948 1883 990 cum dicit commentator tertio de anima quod intellectus
1155 981 1879 1034 agens est lumen. Intelligendum est. quod sicut lumen
1162 1024 1886 1076 est causa partialis cum colore ad causandum actum viden
1162 1072 1883 1115 di et non est in potentia receptiua colorum. ita intel¬
1155 1113 1879 1161 lectus agens est causa partialis respectu intellectio
1149 1162 1890 1213 nis et non est in potentia receptiua. et ideo potest dici
1167 1200 1880 1245 umen. Et similiter dato quod praedicta ratio concluderet
1159 1245 1886 1291 de corpore quod non potest agere in angelum. non tamen conclu¬
1150 1288 1877 1338 dit quin vnus angelus possit causare cognitionem
1161 1334 1879 1385 in alio. ⁋ Ad aliud dico quod sunt in eodem genere
1149 1386 1880 1432 remoto non propinquo. et sic angelus et substantia mate
1161 1420 1889 1476 rialis sunt in eodem genere. queadmodum corpora
1153 1463 1877 1519 celestia et ista inferiora. et hoc sufficit ad hoc quod
1161 1517 1883 1567 vnum sit agens et aliud patiens. Et quando dicit quod po¬
1161 1556 1889 1602 tentia et actus sunt in eodem genere. verum est de po¬
1149 1604 1879 1645 tentia obiectiua. non autem de subiectiua vel reces
1155 1643 1876 1696 patiua. quia potentia receptiua est substantia: sed actus rece¬
1155 1691 1888 1745 ptiuus. potest esse accidens. aliter enim si semper essent in eo¬
1164 1731 1885 1782 dem genere esset processus in infinitum. ⁋ Ad aliud di¬
1152 1772 1880 1824 co. quod auctor de causis intelligit. quod intelligentia.
1159 1822 1871 1869 est plena formis. quia intelligit plures formas
1150 1861 1874 1914 Si dicas quod intellectus angeli se habet ad omnia
1153 1903 1871 1950 intelligibilia. sicut intellectus noster ad prima
1153 1952 1877 2000 principia. falsum est. quia intellectus noster intel
1155 1990 1877 2047 ligit omnia prima principia sine discursu. non sic
1155 2040 1877 2084 autem intelligit angelus omnia vt prius dictum est. ⁋ Ad
1149 2076 1864 2129 aliud dico quod eundem locum tenent quantum ad aliquio
1149 2125 1874 2173 et quantum ad aliquid non ⁋ Circa notitiam primam ab
1149 2165 1871 2220 stractiuam quae simul stat cum intuitiua est aduertem¬
1153 2208 1880 2267 dum. quod illa notitia causatur ab intuitiua notitia et
1152 2254 1867 2317 intellectu et corpore quodcumque sit illud tamquam a cau
1156 2299 1870 2352 sis partialibus et non ab obiecto. licet contrarium
1149 2343 1864 2401 prius dicatur. Cuius ratio est. quia stante cognitione in
1155 2393 1867 2445 tuitiua et obiecto toto corrupto adhuc stat il¬
1158 2429 1876 2486 la abstractiua. ergo non requiritur obiectum neces¬
1152 2482 1870 2529 sario ad eius causationem. ⁋ Si dicas quod licet con
1155 2521 1874 2579 gnitio intuitiua posset existere per potentiam di¬
1149 2565 1865 2624 uinam non existente obiecto: non tamen naturaliter. erg
1155 2619 1880 2679 ad hoc quod causetur cognitio abstractiua praedicta
