2294 3055
405 210 1123 290 effectum aliquem augmentabilem prius causatum ab
402 263 1110 330 agente eiusdem rationis augmentare. ergo si in poten
403 307 1107 380 tia interiori causetur verus calor vel verum frig
407 350 1115 420 per vnum calidum extrinsecum potest aliud calidum eun¬
402 401 1125 466 dem calorem causatum augmentare. et sic illa poten¬
398 445 1113 508 tia esset multum calida et frigida et alba et nigra
413 486 1114 552 ex sola aspectione istorum quod vere falsum est: nec est
402 526 1119 600 ibi aliquid terminans actum alterius rationis ab obie¬
413 587 1111 636 cto exteriori: quia omnis potentia potens discernere
410 626 1111 682 inter minus dissimilia potest discernere inter mag
407 661 1124 728 dissimilia: sed hec virtus potest discernere indiui¬
410 705 1126 777 dua eiusdem speciei: ergo potest discernere inter illud de¬
401 758 1127 824 relictum quod habet rationem obiecti terminantis per te et
413 804 1123 859 obiectum extra: cuius est ymago quod est falsum et conclusio ex
408 841 1130 909 perientiam. Item nullum obiectum potentie sensitiue
404 892 1129 954 potest augmentari per actum eiusdem potentie: quia obie
403 932 1113 997 ctum praesupponitur actui: sed illud impressum per actum
407 983 1114 1044 ymaginandi et fantasiandi augmentatur: ergo non habe
403 1026 1127 1079 rationem obiecti terminantis. Ideo dico quod illud dere¬
410 1068 1130 1128 lictum habet magis rationem inclinantuim et elicientis par
401 1104 1118 1174 tialiter actu ymaginandi quam terminantis: hoc proba
416 1154 1129 1206 tur: quia non videtur magis incoueniens ponere aliquid
401 1198 1123 1260 inclinatum in potentia interiori quam exteriori: sed in
407 1237 1132 1300 organo exteriori potest poni talis qualitas inclinans
419 1287 1120 1349 sicut patet in scriptoribus in cantoribus et omnibus
411 1336 1129 1393 operantibus. manualiter: et tamen non omns ille quali¬
407 1366 1132 1434 tates inclinant tantum ad aliquid eiusdem rationis sed ad
413 1415 1129 1482 idem indiuiduum numero patet in aliquo inclinato ad
410 1464 1132 1525 transeundum per certum ostium et locum et in certa parie
420 1504 1133 1563 te domus: et post mutetur ostium: adhuc frequenter re
414 1558 1135 1617 dit ad locum vbi prius fuit ostium: quamuis per multos
416 1594 1129 1660 actus generetur qualitas inclinans ad transeundum
417 1638 1135 1706 per secundum ostium. Et ita qualitas inclinans ad trans
420 1683 1137 1746 eundum per primum ostium inclinat ad idem iudicium
411 1736 1132 1787 numero non tantum specie: ergo eodem modo potest poni quod sit
420 1780 1123 1832 aliqua qualitas in virtute fantastica inclinans
414 1815 1144 1876 potentiam ad actus consimiles. Item nullus experi
414 1857 1144 1919 tur se habere aliquid praeter actum fantasiandi nisi post
413 1905 1133 1956 actum: sed tale magis habet rationem habitus inclinantis
426 1952 1129 2007 quam ymaginis representantis. ergo etc ⁋ Quantum et
432 1993 1138 2053 go ad potentias exteriores recapitulando. di¬
422 2032 1138 2092 co quod in visu imprimitur quadam qualitas confortans
429 2082 1147 2140 vel debilitans organum: et illa est subiectiue in or¬
435 2127 1144 2184 gano: quia organum debilitatur et non potentia: sicut
433 2166 1133 2227 patet per philosophum primo de anima de oculo senis et est qua
424 2222 1141 2270 litas alterius rationis ab obiecto extrinseco: et illa
426 2258 1144 2309 nec est qualitas nec passibilis qualitas: sed est
434 2298 1145 2360 quadam qualitas quae non est in aliqua specie qualitatis
426 2348 1144 2394 enumerata ab aristotele: quia omnis passio et passi¬
432 2395 1138 2439 bilis qualitas ab aliquo sensu potest sentiri: sed ista
426 2428 1134 2493 a nullo potest sentiri: quia manere potest in organo: etiam
432 2478 1141 2536 nullum actum potest elicere sicut patet in ceco aliquo
435 2523 1144 2571 et ita ille species quas aristoteles enumerat sunt
426 2567 1144 2617 insufficientes. Exemplum. venenum per aliquam qua
438 2603 1157 2667 litatem inficit hominem et illa nec est passio nec pas
1222 199 1933 260 sibilis qualitas: quia a nullo sensu potest sentiri
1229 252 1941 313 Si dicas quod illa qualitas sit subiectiue in orga¬
1224 296 1932 359 non vt distinguitur contra potentiam sensitiuam si po¬
1231 351 1948 396 natur quod in homine non sint nisi due forme substan
1219 393 1933 450 tiales anima intellectiua et anima sensitiua: ergo illud or¬
1221 430 1939 494 ganum non includit nisi tantum materiam primam et acci¬
1217 474 1930 541 dentia puta quantitatem. ergo etc. Ergo non erit subie
1227 524 1949 579 ctum immediatum accidentis. Responsio. Dico quod gene
1217 562 1948 627 raliter subiectum cuiuscumque accidentis est ita sim
1224 614 1942 675 plex sicut suum accidens. quod probatur: quia illud accidens
1232 651 1939 714 aut est simplex ita quod non habet partes: aut habet par¬
1232 691 1948 755 tes. Si primo modo et subiectum suum primum sit com
1230 751 1855 805 plexum compositum ex materia et forma: ergo illu
1230 791 1939 848 cidens totum erit in materia et totum in forma: lice
1233 832 1913 890 non primo. et per consequens idem accidens erit simul in
1224 873 1938 933 uersis subiectis. Similiter ad corruptionem respectus
1235 926 1909 977 non sequitur corruptio alicuius absoluti. ergo
1235 964 1942 1022 deus destrueret vnionem materie et forme adhuc
1223 1001 1942 1069 posset idem accidens absolutum manere. Et tunc
1230 1050 1941 1113 quero an in vtroque aut in vno tantum si primo
1236 1090 1946 1155 modo tunc sicut prius idem accidens esset siml
1241 1142 1933 1201 et semel in diuersis locis vel subiectis. Si in vne
1237 1181 1952 1232 tantum: tunc subiectum suum est ita simplex sicut
1235 1227 1954 1284 suum accidens: subiectum dico primum si aut acci¬
1223 1282 1939 1326 dens habeat partes: tunc aut totum est in tote
1237 1324 1955 1371 composito et totum in qualibet parte: aut totum in
1224 1356 1945 1420 toto ita quod pars sit in parte. Si primo modo: tunc
1237 1403 1954 1459 idem esset in diuersis subiectis simul maxime si
1243 1455 1951 1507 deus destrueret vnionem partium conseruando il¬
1233 1487 1961 1549 lud accidens in subiecto quo prius. Si secundo
1242 1534 1964 1592 modo tunc pars quae est subiectiue in materia ha¬
1240 1575 1957 1633 bet subiectiuum primum simplex: et similiter pars quae est
1230 1624 1958 1685 in forma: ideo dico quod quodlibet accidens habet subie¬
1236 1663 1968 1734 ctum ita simplex sicut ipsum est. Ad propositum dico
1245 1714 1960 1781 quod priori casu posito quod qualitas est subiectiue
1237 1762 1966 1815 in quantitate tanquam in primo subiecto et quantitas in
1241 1802 1966 1854 materia. Preter istam quaelitatem est ponere vnam aliam
1247 1847 1960 1906 quae est passio vel passibilis qualitas quae potest sentiri a
1239 1894 1967 1945 visu: et ista est eiusdem rationis cum obiecto extra: et
1242 1927 1965 1989 imprimiter simul cum primo actu videndi aliquod sensi¬
1236 1972 1954 2029 bile excellens: et non generatur ex illo actu: nec es
1246 2022 1966 2081 principium illius actus sicut nec qualitas alia debi
1243 2065 1967 2118 litans: sed vtraque istarum simul imprimitur in organo vi¬
1250 2100 1969 2170 sus distinguendo contra potentiam: ita quod iste quali
1243 2161 1964 2215 tates et actus videndi videntur esse quadam effe¬
1245 2204 1958 2257 ctus ordinati respectu subiecti vel eque primo
1245 2248 1963 2302 producti sicut prius dictum est: et vtraque est subiecti
1254 2288 1975 2348 ue in organo visus: prout distinguitur contraio potentiam
1255 2332 1967 2391 et ista qualitas secunda est subiectum illius visionis se
1242 2372 1960 2423 cunde quae vocatur apparitio quae est in absentia sen
1249 2414 1976 2477 sibilis extra: etiam ipso non existente: et praeter istas
1247 2461 1967 2518 qualitates est in visu actus videndi qui est sub¬
1251 2505 1964 2559 iectiue in potentia vt distinguitur contusio orgauum.
1236 2548 1962 2606 ⁋ Sed quantum ad sensum interiore puta fantasiam est
1248 2595 1973 2666 ibi duplex qualitas vna impraessa ab obiecto confor¬
