2334 3091
355 214 1080 285 tatiua vel debilitatiua organi: et illa est alteri
364 280 1076 331 us rationis ab obiecto extra sicut illa in visu: et est
360 327 1080 376 alia generata per actum generandi quae non est sub
358 362 1068 425 iectiue in organo: vt distinguitur contra potentiam
357 413 1077 469 precedens qualitatem: sed est subiectiue in po¬
361 458 1071 515 tentia: vt distinguitur contra organum sicut ipse a¬
361 496 1073 551 ctus fantasiandi: et illa qualitas secunda non est
351 544 1070 604 alicuius actus: sed est habitus generatus per actum
348 585 1066 637 fantasiandi inclinans sicut causa partialis ad actus
355 631 1077 687 consimiles in absentia rei sensibilis: sicut posui
351 680 1070 740 prius in intellectu: ita quod post primum actum si ip¬
348 725 1068 773 sum sensibile destruatur potest potentia fantastica
355 764 1067 815 cum illo habitu generato ex primo actu elicere
354 810 1067 864 actum fantasiandi terminatum ad idem sensibile
355 852 1077 910 numero quodprius vidi. sicut cognitio abstracti
354 901 1074 952 ua intellectus terminatur ad idem singulare nu¬
346 946 1067 999 mero quod vidi intuitiue in intellectu: et non ter¬
352 986 1071 1051 minatur ad aliquam similitudinem vel ymaginatio
353 1030 1067 1089 nem sicut ymaginantur aliqui et false. quia omnia illa que
352 1071 1071 1135 a prophentis sctis et doctoribus vocanufantasma¬
346 1119 1064 1177 ta simulacra ydola sunt ipsamet sensibilia pris
348 1158 1073 1223 sensata et post fantasiata: et non species sensibilium.
358 1206 1064 1259 eundem enim hominem quem prius vidi nunc ymagior
344 1257 1065 1314 et non species hominis. et ideo de istis dicendum est sicut
349 1293 1058 1351 dictum est in primo de ydeis: scilicet quod sicut ydea ip
342 1336 1071 1401 sa est ipsamet res singulariter cognita et non ali
349 1388 1071 1446 qua species eius: sed ipsamet res singularis quai nunc
346 1435 1063 1480 est in effectu et ab eterno terminauit cognitio
346 1476 1073 1533 nem diuinam. quaere in primo. Eodem modo modo est in proposi¬
354 1522 1067 1582 to: quia ipsamet res singularis quae primo terminat
346 1562 1067 1614 actum videndi corporalem ipsa omnino indistincta: et
346 1610 1077 1657 terminat actum fantasiandi et intelligendi ab¬
349 1647 1076 1709 stractiue: et nulla species terminat. et sicut hoc no¬
352 1694 1068 1747 men ydea vel conceptus aliquando significat princi
355 1737 1060 1786 paliter ipsam rem singularem creatam econnotat a¬
352 1783 1061 1837 ctum intelligendi diuinum. sic hoc nomen fantas¬
352 1830 1057 1885 ma vel conceptus eius significat principaliter ips
354 1865 1070 1922 sam rem ymaginatam connotando actum fantasiam
343 1915 1065 1969 di. Et secundum istud patet quod quot sunt indiuidua fanta
346 1955 1058 2013 stica siue sint eiusdem speciei siue alterius tot habet
337 1991 1064 2054 fantasmata. et sic commune dictum est falsum quod species
355 2040 1068 2098 habet tantum vnum fantasma: quia tot sunt fantasma¬
342 2095 1066 2145 ta quot indiuidua. Si dicas ex quo ponis ha¬
349 2130 1065 2183 bitum generari ex primo actu fantasiandi a quo causatur
349 2174 1068 2236 primus actus fantasiandi non ab obiecto sensibili: quia
351 2227 1064 2276 tunc fantasia esset in actu suo: quando sensus ex esset in actu
345 2265 1056 2319 et tunc potentia fantastica haberet cognitionem
343 2305 1061 2368 intuitiuam: quia cognitionem in praesentia rei sicut poten¬
340 2355 1064 2407 tia visiua. quod videtur falsum: nec ab illa quali
342 2393 1058 2449 tate debilitatiua vel conseruatiua: quia illa per te
339 2445 1058 2494 non est obiectum alicuius actus. tum quia illa simul im
345 2484 1064 2537 primitur cum actu fantasiandi: nec in absentia sem¬
343 2536 1059 2585 sibilis remanet aliquid in sensu exteriori: parti¬
355 2577 1066 2632 culari: vel communi quod possit cum potentia fantastica
339 2621 1067 2678 primum actum fantasiandi causare: quia ille potentie
1182 227 1892 306 non sunt receptiue qualitatum acceptarum sic ab
1183 298 1887 347 extrinseco: sed tantum illius qualitatis corruptiue vel
1186 329 1892 390 conseruatiue: a quo ergo conseruatur primus actus
1174 375 1889 429 fantasiandi ⁋ Respondeo vna causa partialis est visio
1176 428 1892 476 corporalis: et alia est potentia fantastica. Iste
1176 461 1894 521 due sufficienter causant cum deo primum actum
1171 511 1891 563 fantasiandi et obiectum sensibile extra non est causa
1179 551 1888 606 illius actus: sed tantum est causa cause. quia si deus destrueret
1183 596 1886 660 sensibile extra: et conseruaret in oculo cognitio¬
1178 640 1891 698 nem eius intuitiuam: adhuc posset virtus fantasti
1181 693 1892 747 ca in actum fantasiandi sensibilis: sed si cognitio in¬
1171 733 1889 785 tuitiva destruatur siue maneat sensibile siue non
1182 773 1898 828 impossibile est primum actum fantasiandi haberi natu
1171 821 1888 874 raliter. nunc autem per propositionem frequenter acceptam
1180 864 1899 925 quando aliquid sic se habet quod illo posito potest aliud poni
1176 916 1895 964 naturaliter: et illo non posito non potest aliud poni na
1180 952 1889 1009 turaliter illud est causa illius: sed sic est de cognitione in
1173 1001 1898 1054 tuitiua sensus. et primo actu fantasiandi et non
1171 1046 1892 1105 de obiecto sensibili in actu fantasiandi: ergo cogni¬
1171 1091 1895 1146 tio intuitiua sensus est causa partialis respectu pri
1176 1128 1895 1197 mi actus fantasiandi et non sensibile extra ⁋ Ex
1176 1175 1891 1229 istis sequitur quod primus actus fantasiandi tunc est quando
1180 1213 1891 1277 sensus exterior est in actu elicito circa sensibi¬
1176 1263 1889 1321 le: quia primus non potest haberi non existente cognitione
1168 1311 1889 1361 intuitiua sensus: quia tunc deficit vna causa partia
1174 1350 1891 1406 lis necessario requisita: nec remanet aliquid in po¬
1176 1397 1895 1456 tentia exteriori post actum quae eius vicem suppleat
1165 1436 1898 1497 ⁋ Sed tunc est dubium vtrum illa prima cognitio fam
1176 1489 1888 1537 tasie sit intuitiua vel abstractiua videtur quod intui¬
1170 1535 1895 1580 tiua. tum quia mediante illa potest potentia iudicatiua
1174 1573 1886 1630 iudicare rem esse quando est: et non esse quando non est stante
1176 1616 1893 1677 cognitione sensitiua: et tunc cognitio mediante qua
1176 1659 1882 1716 sic iudicatur est intuitiua parte. tum quia omnis cognitio
1173 1704 1894 1749 abstractiua rei praesupponit in eadem potentia co¬
1174 1742 1884 1804 gnitionem intuitiuam eiusdem rei: sed potentia fantasti
1167 1800 1888 1846 ca cognoscit rem abstractiue destructa cognitum
1168 1840 1892 1891 one sensitiua: quia mediante habitu generato ex primo
1167 1880 1892 1933 actu. ergo prius cognoscit eandem rem intuitiue. Respondeo
1165 1923 1897 1975 pluralitas non est ponenda sine neccesste: sed non appa¬
1174 1970 1885 2022 ret necessitas ponendi talem cognitionem intuitiuam
1164 2013 1895 2068 in fantasia. Ideo dico quod prima eius cognitio est ab¬
1167 2054 1891 2111 stractiua: quia in vna forma quae est principium multarum
1173 2100 1888 2154 cognitionum sufficit vna cognitio intuitiua re
1177 2142 1883 2201 spectu vnius obiecti vnius potentie illius forme: sed
1170 2195 1882 2241 tota forma sensitiua in homine est vna forma: licet ha
1170 2229 1891 2288 beat partes diuersas extensas sub diuersis partibus
1165 2278 1893 2329 quantitatis: ideo respectu vnius obiecti sufficit co¬
1174 2325 1874 2371 gnitio intuitiua vnius potentie illius forme et respe
1174 2371 1884 2424 ctu alterius sufficit congnitio intuitiva alterius potentie
1176 2408 1886 2466 eiusdem forme non solum eiusdem potentie: sicut patet de sen¬
1169 2450 1883 2517 sibilibus quinque sensuum exteriorum: et ideo cognitiones po
1168 2495 1881 2558 tentiarum intellectiuarum eiusde forme sunt abstracti
1164 2538 1892 2601 ue. et perper rationem eandem quia anima intellectiva distinguitur in
1174 2585 1877 2638 homine realiter a sensitiua: ideo requirit ipsam cognitionem
1165 2627 1880 2701 intuitiuam vel sensitiuam et similiter intelligitur illud quod
