2366 3096
388 198 1097 270 et componere eas ita quod respectu complexi est prino
388 258 1088 305 actus apphensiuus et post sequitur actus iudicatius
378 304 1107 357 et in isto processu non est mouens et motum simul contactu
385 348 1103 394 aliquo: quia potest dici quod non est verum nisi quando medium
379 387 1098 447 est receptiuum effectus eiusdem rationis ab eodem agen¬
384 436 1087 479 te: vel requiritur simltas virtualis: ita quod mouens
378 472 1091 533 sit in debita approximatione ad hoc quod moueat pas
375 517 1097 573 sum et quod non sit aliquod medium impediens actionem
382 568 1087 616 mouentis quin illud possit agere et illud pati. vnde
375 612 1089 662 de motu proiectionis videtur dubium quo mouens et
382 651 1094 716 motum sunt simul et proiiciens non est semper simul cum proie
387 704 1085 750 cto: quia proiiciens potest annihilari quando motus est nec
376 746 1095 798 potest dici quod aer mouet sagittam. primo vna pars
382 789 1081 836 et post alia pars: quia aliquis potest econuerso sagitta
367 833 1093 879 re: ita quod ista corpora proiecta possunt sibi mutuo
373 877 1097 923 obuiare: et tunc si aer motus moueret sagittam
367 919 1081 965 idem aer simul et semel moueretur motibus contraris: quod est
373 963 1088 1006 falsum non videtur quod mouens potest distare a moto
375 1003 1097 1052 loco et situ. Et tunc ad philosophum et commentatorem. di¬
373 1050 1090 1102 co quod intelligunt quod sint simul simultate virtuali vel
372 1095 1084 1144 naturali modo prius exposito. ⁋ Ad aliud dico quod
373 1141 1089 1192 color non existit in potentia immaterialiter: quia si ibi
364 1182 1089 1241 reciperetur ita reciperetur in materia et extederetur
376 1227 1079 1273 sicut in obiecto. et eodem modo est de colore in me
363 1271 1081 1323 dio: quia ibi existit pure materialiter sicut in obie¬
369 1316 1088 1367 cto et non intentionaliter nec spiritualiter. Unde potest dici
367 1359 1082 1411 quod in potentia existit immaterialiter: vel quia forma re
360 1401 1079 1465 cepta in potentia est alterius rationis a forma existen
357 1451 1082 1498 te in obiecto: puta si albedo videatur: tunc in visu
357 1494 1085 1543 recipitur forma alterius rationis: quia visio ab albedi
357 1537 1078 1587 ne vel etiam aliqua alia forma alterius rationis impri¬
367 1586 1076 1634 mitur in organo simul cum actu videndi: sicut post di¬
361 1628 1082 1671 cetur. vel quia subiecta immediate recipientia tales
361 1670 1075 1720 formas sunt alterius rationis: puta potentia visiua
367 1719 1074 1765 a subiecto albedinis: vel etiam quia illud quod causa
361 1759 1072 1805 tur a corpore in medio: vel potentia non habet ita perfe
354 1804 1078 1859 ctum esse: sed debilius quam forma in obiecto. Et propter
364 1847 1076 1897 istam rationem potest dici quod color vt recipitur in poten¬
360 1895 1084 1946 tia habet esse materiale: et similiter in medio propter se¬
354 1936 1083 1987 cundam et tertiam rationem: licet non propter primam. quia sem¬
363 1977 1082 2033 per illud quod recipitur in medio est eiusdem rationis cum
364 2024 1072 2073 obiecto: et aliter non potest dici vere quod est in poten¬
354 2068 1068 2116 tia immaterialiter: quia ita vere extenditur illa forma
366 2111 1072 2171 recepta in organo potentie et in medio ad exten¬
354 2152 1070 2217 sione materie et quantitatis: et vere informat. sub
354 2196 1067 2250 stantiam materialem sicut in obiecto. ⁋ Ad aliud
351 2245 1069 2295 dico quod materiale potest immediate agere in imma¬
359 2291 1073 2341 teriale: sicut patet in angelo: sic est in proposito.
369 2330 1067 2385 Nec valet: quia forma tam in medio quam in potentia
361 2374 1070 2427 habet esse materiale et extensum sicut in obiecto:
360 2423 1076 2473 ideo non valet⁋ Ad aliud dicitur quod ex hoc non habetur
363 2466 1070 2514 quod color in dyaphano habeat esse spirituale vt pa
364 2509 1076 2555 tebit infra. ⁋ Ad aliud dico quod radius transiens
357 2553 1072 2602 per vitrum mediante colore in vitro causat verum
350 2599 1075 2669 colorem rubeum in pariete opposito: licet forte non
1207 199 1910 273 ita intensum sicut in vitro: sicut prius dictum est
1194 257 1906 312 ⁋ Ad aliud dico quod in speculo vel aqua: et gene
1201 310 1916 354 raliter in quocumque tali corpore perspicuo non ap¬
1204 352 1913 405 paret nec est species aliqua: sed ipsamet res videtur
1207 403 1904 447 per lineam reflexam. ⁋ Ad aliud dico quod mulier infi¬
1200 442 1909 495 cit speculum causando qualitatem in eo manentem
1195 482 1907 534 in eius absentia ⁋ Contra ista sunt aliqua dubia
1200 525 1913 577 ⁋ Primo videtur quod aliquid recipitur generaliter in me
1189 570 1903 622 dio a colore. Quia commentator secundo de anima commen
1189 617 1914 669 to. lxx. dicit quod lux est necessaria in videndo secundum
1188 663 1907 715 quod colores existunt in obscuro in potentia: et secundum
1201 707 1913 753 quod dyaphanum indiget in recipiendo colorem vt
1189 746 1907 800 dyaphanum sit in actu. Item post. Et cum fuerit
1195 792 1904 848 possibile quod dyaphanum in actu moueatur a colo¬
1195 840 1916 895 re. necesse est vt hoc sit essentialiter vel accidentali
1195 879 1907 934 ter: scilicet aut secundum quod est dyaphanum actu: aut secundum
1195 927 1900 987 quod est dyaphanum in potentia: sed sibi contingit quod
1187 976 1912 1033 non mouetur a coloribus nisi essendo dyaphanum in
1186 1014 1907 1068 actu. Item post. Necesse est vt lux non sic intra co¬
1186 1054 1901 1120 lores mouentes dyaphanum: nisi secundum quod dyapha
1194 1111 1912 1155 non formam quae recipit motum a colore: scilicet illumina¬
1188 1146 1909 1194 tionem. Item post. Tux non est necessaria in causan¬
1189 1184 1910 1241 do colorem mouendo actu nisi secundum quod dat subiecto
1183 1235 1907 1287 sibi proprio receptionem motus a se. Item post. Con¬
1189 1276 1907 1330 lor secundum quod est visibilis mouet dyaphanum in actu
1182 1318 1898 1386 et ista est natura eius propter hoc quod est visibilis per
1189 1360 1903 1414 se. Item commento. lxxi. Color est mouens dyapha¬
1177 1409 1907 1469 num: quia recipiens colorem debet carere colore. et quod ca¬
1177 1458 1900 1511 ret colore est dyaphanum. Item commento. lxxii.
1188 1494 1906 1546 Tux intrat visionem secundum quod largitur dyaphano
1176 1542 1906 1597 preparationem vt moueatur a coloribus: non quia lar
1186 1592 1898 1640 gitur coloribus habitum. Item post. Necesse est vt vi¬
1183 1635 1912 1694 sio coloris non compleatur nisi color moueat dya
1177 1674 1908 1729 phanum secundum quod est medium inter ipsmmet videns
1189 1724 1899 1773 et medium moueat per suam continuationem cum visibili
1188 1764 1907 1813 tate. vt aer quando compulatur cum visibilitate mouetur
1180 1809 1895 1861 a colore quando illuminatur. deinde ipse mouet visum.
1192 1847 1901 1904 Iutem commeto. lxxiiii. Ignis videtur in obscuro et
1183 1893 1904 1948 luce: quia aggregatum est in eo vtrumque: scilicet quia facit
1177 1941 1905 1995 medium dyaphanum in actu secundum quod est lucidum: et
1167 1981 1913 2036 mouet ipsum secundum quod est color in corpore. Item com¬
1180 2031 1901 2078 mento. lxx vii. Sis percussio habet spheram determi¬
1183 2068 1904 2127 natam. sic est de odore et colore secundum quod mouent aerem
1177 2115 1892 2164 ex omnibus partibus secundum istam formam sphericam. ⁋ Ex omni¬
1177 2157 1905 2215 bus istis apparet quod postquam est medium illumina
1177 2203 1904 2249 tum in actu mouetur a colore: et prius non mouebatur.
1171 2250 1894 2294 Et ita aliquid recipit a colore praeter lucem. Unde quando
1170 2290 1904 2346 dicit quod lux est necessaria in medio etc. aut intel¬
1182 2337 1889 2392 ligit quod lux aliquid confert colori vt moueat visum
1180 2383 1899 2435 in actu: aut quod lux informans medium disponit ad
1171 2427 1895 2478 recipiendum illud quod causatur a colore. Non primo modo
1180 2468 1887 2532 quia philosophus et commentator expresse dicunt oppositum: quia
1177 2518 1888 2568 color est per se secundo modo dicendi per se visibilis et mo
1177 2558 1886 2623 tiuus lucidi. ergo intelligit secundo modo: scilicet quod lux dispo¬
1163 2604 1898 2661 nit medium ad recipiendum naturalit effectum co¬
