2242 3049
429 191 1136 288 ergo multa sint talia: sequitur propositum ⁋ Item con
428 263 1136 327 tra hoc quod ponitur locum esse couenientem vel dis¬
428 308 1139 374 conuenientem angelo in penam peccati: quia quicquid
419 357 1131 426 positiuum potest deus facere cum peccato potest face¬
421 398 1127 466 re sine peccato. si ergo potest facere locum conuenien
432 446 1130 502 tem vel disconuenientem propter penam peccati: potest
416 488 1133 545 facere sine peccato. et sic locus esset conueniens
437 527 1130 590 vel disconueniens angelo ratione nature sue: non
431 578 1145 639 ratione peccati vel pene peccati. ⁋ Ad pri¬
422 622 1132 687 mum dico quod deus potest esse causa totalis actus
416 653 1141 737 in voluntate puta respectu dilectionis et odii si¬
429 703 1138 772 cut potest esse causa totalis respectu hominis vel la
422 755 1135 822 pidis: quia cuiuscumque potest esse causa partialis po
432 797 1140 852 test esse causa totalis. Et quando dicis de cau¬
416 837 1147 902 sis approximatis. Dico quod si cause sint approxi:
422 879 1132 945 mate debito modo et effectus ponatur non requi
428 921 1147 987 ritur necessario actio omnium causarum: quia vna est
431 971 1135 1041 partialis quae potest esse totalis respectu cuiuscumque
437 1014 1135 1082 producibilis ab alia causa partiali: et quando in
429 1059 1132 1119 la est causa totalis de facto: tunc non requirit
437 1098 1139 1165 actio alterius cause sic est de voluntate nonstra
426 1150 1146 1199 et deo. Licet enim voluntas nostra et angeli vt
427 1183 1150 1248 est actiua et passiua sit debito modo approxima¬
428 1233 1144 1292 ta et etiam deus: non propter hoc sequitur quod volun
437 1281 1136 1343 tas habeat actionem in volitione causata in vo
437 1322 1153 1384 luntate: quia illa potest causari totaliter a deo.
432 1365 1150 1435 Et si sic de facto causetur: tunc voluntas crea
426 1407 1148 1472 ta nullam actionem habet respectu illius volitio
438 1457 1145 1515 nis. Et ad exemplum de voluntate creata et ob¬
434 1494 1146 1561 iecto. dico quod non est simile: quia neutrum potest esse
437 1542 1144 1602 causa totalis respectu alicuius volitionis: sed
440 1585 1149 1650 vtrumque quando est causa necessario est causa partia
443 1626 1160 1692 lis: et ideo non agente voluntate obiectum non agit
443 1673 1148 1732 sed si obiectum posset esse causa totalis volitonis
438 1717 1156 1780 sicut est in proposito: tunc non agente voluntate
434 1760 1155 1831 nihilominus causaretur volitio ⁋ Ad aliud di¬
441 1813 1162 1874 co quod voluntas non cogitur in recipiendo illum
450 1841 1153 1913 actum causatum a solo deo: tamen bene necessitatur
444 1892 1163 1961 primum probatur: quia tunc aliquid proprie cogitur
452 1933 1162 2001 quando facit aut patitur aliquid contra naturalem in
459 1985 1166 2035 clinationem suam. Exemplum de graui si moueatur
446 2018 1167 2081 sursum: modo voluntas non recipit illum actum con
446 2065 1166 2124 tra naturalem inclinationem suam: quia posset natu¬
453 2119 1166 2170 raliter illum causare saltem partialiter: et tunc cau¬
456 2157 1160 2218 saret naturaliter: ideo modo naturaliter reci
467 2198 1172 2261 pit. Similiter tunc aliquid recipit aliud natura¬
456 2242 1165 2303 liter quando non inclinatur ad obiectum illius natu¬
464 2290 1162 2348 raliter: nunc autem voluntas non inclinatur ad op
455 2328 1179 2394 positum illius actus. ergo etc.  Secudum probatur: quia
456 2373 1165 2430 tunc agens vel patiens necessitatur: quando non est
460 2414 1168 2471 in potestate sua agere vel non agere pati vel non
464 2460 1165 2525 pati recipere vel non recipere: sed non est in po
462 2507 1168 2565 testate voluntatis illum actum causatum a solo deo
470 2549 1179 2608 recipere vel non recipere: ergo necessitatur: patet
465 2591 1182 2669 ergo quod non cogitur voluntas in recipiendo illum
1233 186 1948 268 actum: sed necessitatur. ⁋ Ad aliud dico quod licet odium
1241 242 1959 309 dei furari adulterari habeant malam circumstan¬
1232 291 1945 352 tiam annexam et similia de communi lege quatenus fiunt ab
1235 331 1946 394 aliquo quae ex precepto diuino obligatur ad con
1250 375 1952 440 trarium: sed quantum ad esse absolutum in illis actibus
1244 419 1955 491 possunt fieri a deo sine omni circumstanntia mala
1232 464 1953 526 annexa: et etiam meritorie possunt fieri a viator
1248 508 1958 572 re si caderent sub precepto diuino sicut nunc de
1244 549 1964 618 facto eorum opposita cadunt sub precepto diuis¬
1248 593 1958 663 non. Et stante precepto diuino ad opposita eorum
1244 641 1956 705 non potest aliquis tales actus meritorie nec bene
1242 692 1957 745 exercere: quia non fiunt meritorie nisi caderent
1247 741 1959 795 sub precepto diuino. et si fierent a viatore me¬
1244 776 1967 846 ritorie: tunc non dicerentur nec nominarentur furtum
1250 826 1957 886 adulterium odium etc. quia ista nomina significant tales
1250 870 1971 934 actus non absolute: sed connotando vel dando in
1250 906 1960 970 telligere quod faciens tales actus per preceptum diui
1247 946 1966 1015 num obligatur ad oppositum: et ideo quantum ad totum
1247 992 1970 1065 significatum quid nominis talium nominium significant cir
1250 1035 1957 1111 cumstantias malas: et quantum ad hoc intelligunt san¬
1251 1079 1964 1144 cti et philosophi quod ista statim nominata conuolutam sunt cum
1245 1122 1967 1195 malicia. si autem caderent sub praecepto diuino: tunc
1256 1166 1963 1232 faciens tales actus non obligaretur ad oppositum
1259 1215 1970 1287 et per consequens tunc non nominaretur furtum adulte
1248 1263 1964 1331 rium etc ⁋ Ad aliud dico quod aliquis actus ab vna
1250 1311 1970 1363 causa potest fieri bene: et si fiat ab alia non po¬
1260 1347 1967 1408 test fieri nisi male. et tota ratio est: quia vna cau¬
1244 1382 1978 1461 sa obligatur ad actum oppositum et alia non. sic est
1245 1429 1973 1508 in proposito. voluntas creata obligatur ex pre¬
1257 1477 1984 1539 cepto diuino ad diligendum deum: et ideo stante
1256 1527 1975 1585 illo precepto non potest bene odire deum nec
1256 1565 1975 1629 causare actum odiendi: sed necessario male cau
1257 1607 1978 1676 sat malitia moris. et hoc quia obligatur ex prece
1262 1653 1982 1723 pto diuino ad actum oppositum: nec stante primo
1259 1700 1981 1767 precepto potest sibi deus oppositum precipere:
1256 1738 1974 1803 sed deus ad nullum actum causandum obligatur: ideo
1257 1785 1975 1854 quenlibet actum absolutum potest sine omni malo culi
1266 1827 1997 1894 pe causare: et eius oppositum. et ideo sicut potest cau¬
1256 1872 1994 1940 sare totaliter actum diligendi sine bonitate vel
1268 1914 1993 1987 malicia morali: quia bonitas moralis et malicia
1264 1960 1984 2029 connotant quod agens obligatur ad illum actum vel
1272 2003 1995 2071 eius oppositum: ita potest totaliter causare actum
1269 2047 1993 2113 odiendi deum sine omni malicia morali propter eam
1265 2093 1987 2156 dem causam: quia ad nullum actum causandum obligatur
1274 2137 1982 2200 ⁋ Ad aliud dico quod si odium dei causetur a solo deo
1272 2190 1994 2245 semper esset hoc propter bonum finem: quia deus ex
1272 2228 1995 2287 odio creature in nullo damnificatur: sed odire
1273 2278 1988 2328 deum propter indebitum finem est malum. et sic est a¬
1274 2311 1983 2372 ctus creature et non a solo deo. Illud etiam quod
1275 2372 2002 2423 assumit est falsum quod dilectio dei sit semper bona
1274 2400 1990 2470 propter debitum finem: quia aliquando potest esse mala
1275 2451 1990 2519 et propter indebitum finem: puta quando amo deum
1287 2486 1990 2559 amore concupiscentie ⁋ Ad aliud dico quod liber¬
1280 2532 1990 2594 tas accipitur quinque modis. vno modo vt opi
1278 2585 2016 2660 ponitur seruituti culpe. secundo vt opponitur serui
