2311 3088
301 182 1019 250 superioris ignota: tunc sequitur quod angelus inferior
297 243 1021 294 amat incognitum: quia amat vel vult angelum
294 287 1024 353 superiorem quem non cognoscit. ⁋ Item tunc angelus
300 332 1022 396 in quo causatur intellectio posset tunc intellige¬
304 378 1010 428 re sine specie. ex quo intellectio superioris est suffi
294 422 1019 468 ciens ad producendum intellectionem in angelo infe
291 468 1010 513 riori. quia per eam est angelus superior sufficienter in actu
300 508 1019 562 primo secundum eum. et per consequens potest sufficienter causare in¬
291 553 1020 617 tellectionem in angelo inferiori. absque hoc quod in
292 602 1019 659 angelo inferiori praecedat species: quod est contra eu. quia
300 642 1022 693 cognitio saltem abstractiua est per speciem. ⁋ Si di¬
298 695 1019 745 cat quod species et actus intelligendi sunt effectus ordi¬
294 728 1012 786 nati. ita quod primo causatur species in intellectu et post
297 776 1007 836 actus intelligendi. ⁋ Contra. species si ponatur est cau
288 823 1005 880 sa cognitionis. ergo actus intelligendi non est causa
292 863 1007 920 speciei. aliter esset processus in infinitum. quia vna co
288 911 1004 969 gnitio causaret vnam ispeciem: et illa species aliam co¬
288 951 1001 1011 gnitionem. et sic in infinitum. ⁋ Item si angelus posset
292 997 1004 1043 sic causare intellectionem in angelo etc. tunc sequitur
298 1042 1004 1097 quod aliquis qui potest discurrere: potest cognoscere com
294 1089 1007 1143 clusionem ignotam sine experientia vel discursu qui
288 1131 997 1187 procedit ex principiis per se notis. consequens est falsum. ergo
298 1181 1017 1233 et antecedens. consequentia patet. quia angelus loquens potest cognosce
288 1220 1011 1275 re totum discursum per quem deducitur conclusio. Et potest
291 1261 1001 1308 facere statim angelu audientem in eodem actu in quo
285 1305 1000 1365 ipse erat in fine discursus causando in angelo in¬
282 1350 1010 1407 feriori cognitionem conclusionis. quam habet in fi¬
279 1394 1008 1455 ne discursus: non causando cognitionem princi¬
285 1443 1001 1494 piorum. quia per cognitionem respectu conclusionis est
283 1487 996 1544 sufficienter in actu primo per eum. ergo etc. Sic ergo videtur
283 1535 992 1585 quod ratio prima non probat. saltem quod angelus totalu
286 1578 995 1634 producat intellectionem talem in alio angelo. ⁋ Ite
277 1620 1010 1662 contra hoc quod ponit angelum audientem nihil agere
282 1658 995 1717 in intellectione sibi impressa ab alio. quia intelle¬
286 1708 1007 1749 ctus est causa actiua vel esse potest respectu co¬
282 1749 1003 1799 gnitionis alterius angeli. ergo eodem modo respe
280 1793 992 1847 ctu intellectionis supipsius. ⁋ Item quando aliquid potest
285 1833 992 1887 esse causa partialis et totalis respectu alicuius effe¬
277 1879 988 1929 ctus si in eius ptante non est quando est causa partialis
279 1922 993 1976 nisi alia causa partialis secum concurrat non erit in
288 1969 991 2021 eius ptante quando est causa totalis. nec potest impedi
280 2010 987 2070 re aliam causam secum causare. Exemplum. ignis et
283 2053 986 2114 sol sunt cause partiales caloris: et non est in ptante
280 2097 990 2152 ignis quod sol causet vel non: quando est causa partialis calo
280 2148 999 2202 ris. et si esset causa totalis caloris adhuc non esset in
286 2190 992 2246 ptante sua solem impedire a concausatione si essent equa
283 2236 995 2284 approximata. sed angelus bonus loquens alteru
286 2279 989 2327 potest esse causa partialis respectu intellectionis in alio
273 2325 986 2375 angelo. quia potest. esse obiectum intellectus alterius
276 2360 989 2414 angeli concurrentis ad causandum intellectionem. et
289 2406 986 2460 potest esse causa totalis per te. sed quando est causa partialis
279 2457 992 2513 inratione obiecti non est in eius prtante quod alius ange
273 2493 992 2557 lus secum causet vel non: nec potest impedire. ergo eodem
276 2541 992 2598 modo quando est causa totalis in actu locutionis non est
280 2581 990 2651 in eius ptante quod alius angelus secum locutionem cau
1122 188 1838 269 set. et per consequens angelus cui loquitur non tantum audit
1138 253 1831 321 passiue sed etiam actiue. ⁋ Ideo dico quod vnus angelus
1122 309 1838 363 nihil potest causare in alio nisi per modum obiecti.
1134 347 1832 408 et isto modo potest vnus angelus cui aliqua sunt
1126 389 1837 444 nota illa alteri manifestare. ⁋ Sed hic distin¬
1119 445 1842 493 guendum est de cognitis. quia aut cognita: sunt sin
1117 487 1829 535 gularia aut vniversalia. si singularia: tunc nisi distantia
1122 529 1837 582 impediat vel absentia potest sibi talia singularia
1123 571 1831 618 manifestare: sed tamen hoc erit solum per modum obiecti
1116 608 1832 667 sed ex hoc non sequitur quod angelus cui fit manifesta
1122 652 1838 704 tio singularium videat illa intuitiue: quia cum noti¬
1119 695 1831 752 tia angeli superioris de singularibus equaliter
1114 744 1832 806 respiciat omnia singularia eiusdem rationis: angelus
1122 793 1835 843 cui fit manifestatio vel videret quodlibet vel nul
1119 829 1837 882 lum. et ideo vnus angelus potest videre intuitiue
1115 877 1831 930 cognitionem alterius angeli de re singulari et af
1115 918 1828 975 fectione non videndo illud singulare intuitiue
1111 962 1832 1016 sicut supra dictum est. angelus tamen loquens potest si
1117 1005 1835 1060 bi exprimendo manifestare quod hoc sit notitia vni
1110 1052 1825 1110 us singularis et non alterius: puta formare ali¬
1109 1097 1819 1150 quod complexum et ei assentire a quo denotatur aliquod
1113 1144 1838 1196 predicatum conuenire vni singulari quod non conue¬
1110 1189 1827 1245 nit alteri: et illum actum apprehensiuum et iudicati¬
1111 1230 1838 1289 uum potest alius videre et per tales multos actus
1113 1274 1832 1322 potest deuenire vnus angelus in cognitionem sin
1114 1315 1823 1368 gularis sibi ignoti: sed omnes illi actus in an
1108 1365 1820 1408 gelo loquente cognoscuntur per modum obiecti. Si
1110 1409 1829 1465 autem loquamur de vniuersalibus sicut vnus ange¬
1105 1444 1829 1506 lus potest alteri manifestare conceptus vniversales per ex
1114 1493 1823 1551 plicationem sicut potest singularia manifestare: quia
1108 1542 1832 1596 vniversalia non habent esse nisi obiectiue in anima. et ideo quam¬
1105 1579 1821 1637 cunque videt intuitiue cognitionem terminatam
1099 1626 1821 1688 ad vniversale: videt vniversale intuitiue. nec requiritur vlteri
1102 1675 1825 1724 or manifestatio vel explicatio. ⁋ Si quaeras vtrum
1101 1717 1813 1775 angelus possit aliqua primo sibi ignota postea ve
1097 1758 1816 1821 ro nota: alteri manifestare ⁋ Dico quod sic: quia potest
1104 1802 1814 1853 talia intelligere siue sint complexa siue incoploe
1098 1850 1826 1896 xa: et tunc alteri per modum obiecti ostendetur. Ex istis
1098 1892 1814 1949 patet quod angelus bonus et malus si deus secum coagat
1101 1936 1819 1985 potest intuiciue videre cogitationes et affectiones
1108 1979 1811 2037 nostras et omnes actus interiores et exteriores. Quia
1094 2025 1826 2072 non minus sunt interiores proportionati vel non
1093 2072 1818 2123 proportionati intellectui angelico quam exteriores
1104 2112 1821 2170 Confirmatur: quia quando potentie aliqua sunt
1095 2160 1826 2216 eiusdem rationis quicquid est obiectum naturale
1105 2202 1826 2249 vnius potentie est vel potest esse obiectum na¬
1093 2244 1821 2303 turale alterius sed potentie intellectiue ange
1096 2285 1826 2344 lorum inter se et intellectiua nostra quantum ad mo
1093 2335 1820 2374 du cognoscendi est eiusdem rationis cum intelle¬
1095 2376 1821 2430 ctiua angelorum: cum ergo vnus angelus possit vi¬
1095 2414 1814 2475 dere cogitatones et affectiones in seipso intuitiue
1104 2461 1808 2513 et similiter etiam intellectus noster et pro statu isto sicut
1099 2506 1814 2567 alibi dictum est. ergo intellectus vnius angeli potest vi¬
1092 2552 1817 2606 dere intuit. ue cogitationes et affectiones al¬
1098 2599 1829 2665 ierius. et etiam cogitationes et affectiones
