2270 3047
403 118 1117 201 lus per multas cognitiones primi angeli deuenire
409 191 1118 249 in cognitionem obiecti primo angelo habitualiter no¬
410 229 1124 286 ti: etiam si numquam huisset actum praeuium respectu illius
412 272 1118 328 pbiecti: quia potest primus angelus primo intelligere illud
405 314 1123 375 obiectum: et postea formare hoc complexum. hoc cogni¬
403 368 1111 419 tio est respectu. a. obiecti et ei assentire: et consimiles
399 417 1123 470 propositiones. et secundus angelus potest ei credere voluntarie for
406 455 1115 509 te vel neccessario si reputat eum veracem in omnibus: sed per il¬
403 497 1127 550 lum actum credendi numquam deuenitur in cognitionem. a. sed
412 543 1130 608 solum in cognitionem istius propositionis. haoc cognitio est re¬
410 581 1133 646 spectu. a. obiecti. sicut si numquam vidisset albedinem. et
409 640 1130 680 aliquas proferret hanc vocem albedo et postea forma
408 677 1135 730 ret hanc propositionem. hoc vox albedo significat talem albedi¬
402 714 1120 768 nem posset forte credere quod verum dicit licet forte nul
420 767 1123 809 am cognitionem habebit de albedine. Sed dices forte
404 803 1130 857 hoc non est verum de propositione formata in primo angelo quia
408 843 1132 912 ex hoc quod nunc video cognitionem propositinis non cognosco
411 900 1120 955 propositionem: nisi prius coguissem illam propositionem in se et
418 934 1123 989 eius extrema: et ideo si solum cognoscam vnum extremum
410 987 1132 1033 illius propositionis puta primam intellectionem et non aliud ex
411 1024 1127 1080 tremum puta non cognoscam illam propositionem. hoc cogni¬
420 1068 1149 1121 tio est respectu. a. obiecti propter istas duas cogni¬
408 1110 1133 1165 tiones in primo angelo quarum vna terinatur ad. a. obiectum
413 1154 1144 1210 et alia ad totam propositionem praedicto modo. Qutum ad istud
425 1199 1133 1257 potest dici quod possum credere illam propositionem esse veram
415 1243 1129 1295 quam primus angelus format hoc cognitio est rectum. a. ob
417 1283 1139 1339 iecti: sed ex hoc non sequitur quod nullam cognitionem in particu
419 1330 1133 1384 lari hbebo de. a. in natura sua: sed habebo aliquam co¬
414 1373 1142 1432 gnitionem incomplexam de. a. in conceptu communi et sibi et a¬
420 1419 1132 1472 liis: puta quod est ens vel qualitas vel color: quos conce
430 1462 1129 1525 ptus alius angelus abstrahit a rebus quas videt: et nul
415 1505 1138 1562 lam aliam cognitionem habebit de. a. ⁋ Qutum ad aliud
420 1550 1139 1611 potest dici quod angelus secundus videndo cognitionem priemi
421 1596 1133 1645 angeli teriatam ad aliquam propositionem cuius extrema
421 1639 1145 1697 sunt res: ex hoc solo cognoscit illam propositionem et nullam
417 1684 1139 1736 cognitionem habet de extremis illius propositionis. si numquam
426 1724 1148 1776 vidisset extrema et cognitio teriorum neccessario pre¬
420 1778 1147 1820 supponitur omni cognitioi complexe. Si autem extrema
426 1813 1147 1864 sint conceptus et conceptus ponatur actus intelligendi: tunc
432 1856 1144 1913 videndoa cognitionem illius propositionis in primo agelo potest
423 1906 1135 1954 etiam cognoscere illam propositionem. etiam si numquam vidisset
438 1942 1132 1997 bus vel cognuisset eam: quia potest cognoscere actus intel¬
420 1983 1148 2045 ligendi subiectiue exnentes in primo angelo quae sunt ex¬
427 2035 1136 2083 trema talis propositionis secundum istam viam: nec est in ptante
426 2072 1157 2136 primi angeli tales actus occultare secundo angelo sicut
431 2117 1141 2178 alibi patet. Si autem conceptus sit ens distinctu adhuc
445 2164 1154 2222 potest cognoscere tale propositionem si talis conceptus potest ab
427 2207 1145 2262 strahi ab aliis rebus quas prius vidit. si non potest tunc
427 2258 1144 2302 non potest cognoscere talem propositionem qualis est ista. albedo
429 2293 1154 2352 est color supposito quod numquam vidisset albedinem
440 2339 1145 2390 aliquam et conceptus albedinis non potest abstrahi ab
435 2387 1150 2434 aliis rebus ab albedine: sed solum abstrahitur ab albe
436 2425 1148 2480 dine tali et tali relinquitur etiam inuestigationi in¬
445 2465 1148 2517 tuentis. ⁋ Ad aliud dico quod habitus in primo angelo non
432 2507 1172 2582 potestcausare in alio angelo cognitionem nisi per modum ob.
1229 119 1936 188 iecti. et per consequens non potest causare nisi cognitionem in
1232 175 1949 231 tuitiuam vel abstractiuam suiipsius: et mediante illa
1233 224 1943 277 cognitione generabitur alius inclinans ad cogno
1222 264 1933 319 scendum illum habitum in primo angelo. licet ex hoc so
1233 309 1936 368 lo causabitur in secundo angelo actus vel habitus incli
1221 351 1934 410 nans ad cognoscendum illum habitum in primo angelo
1230 406 1933 452 licet nunquod ex solo deo causabitur in secundo angelo
1224 439 1946 497 actus vel habitus inclinans ad actum respectu ob
1220 484 1948 541 iecti primi habitus ⁋ Et si quaeras vtrum si secundus ange¬
1230 526 1949 585 lus vidisset intuitiue obiectum primi habitus angeli
1236 570 1942 631 mediante qua visione generaretur habitus illius ob¬
1237 613 1954 672 ecti. puta sit obiectum albedo a postea videret
1230 659 1948 716 in primo angelo habitum illum respectu albedinis
1237 700 1955 763 Utrum secundus angelus habens vnum habitum in primo
1224 746 1954 802 angelo respectu eiusdem albedinis sine omni actu
1223 791 1952 844 elicito in primo angelo potest recordari de albedine
1230 837 1956 897 quae est obiectum primi habitus sicut dictum est prius de
1234 879 1952 945 actu. si sic tunc videtur opinio vera quod angelus vnus
1232 922 1949 989 potest causare notitiam in alio angelo: non causando no
1233 971 1959 1031 titiam actualem in seipo. et sic male reprobatur. Si
1239 1009 1957 1073 non tunc ratio prius assignata de actu recordatiuo
1230 1055 1961 1115 non valet. quia sicut secundus angelus videns illud obie¬
1242 1099 1955 1158 ctum in se. et quod ad eius esse sequitur talis cognitio in
1236 1145 1966 1197 eo. et postea videns cognitionem eiusdem obiecti in¬
1247 1185 1961 1249 primo angelo recordatur de illo obiecto sicut prius di¬
1246 1238 1964 1286 ctum est. ita secundus angelus videns illud obiectum vi¬
1244 1274 1975 1335 det habitum in seipo generatum inclinantem ad co
1242 1318 1977 1386 gnoscendum illud obiectum. et postea videns consi¬
1243 1368 1975 1417 milem habitum per omnia in primo angelo recordabitur de
1248 1404 1961 1462 illo obiecto. Potest dici quod secundus angelus habens ha¬
1252 1447 1961 1504 ditum respectu albedinis: et videns alium habitum in pri
1246 1491 1964 1548 mo angelo respectu eiusdem albedinis secundum casum
1242 1547 1966 1601 positum recordabitur de illa albedine. et si angelus
1250 1581 1966 1637 superior nullum actum eliciat respectu illius albedinis
1244 1625 1960 1692 per habitum suum. et hoc propter rationem factam de actu: sicut
1253 1667 1973 1732 patet de deductione praecedenti. Sed ex hoc non sequitur
1251 1712 1960 1780 quod Io. male improbetur. quia ipse ponit quod angelus primus
1252 1758 1973 1818 per habitum suum potest causare cognitionem actualem in ange
1247 1803 1982 1861 lo secundo de obiecto illius habitus non causando co
1257 1849 1972 1908 gnitionem illius obiecti in se: etiam si nec angelus pri¬
1252 1899 1976 1946 mus nec habitus suus videatur a secundo angelo nec sit
1249 1929 1975 1996 eius obiectum. et ad hoc vadit ratio sua de actio et passi
1246 1976 1967 2037 uo approximatis. et hoc est impossibile tam de angelo pri
1251 2027 1975 2077 mo quod de habitu quam etiam de actu elicito ab habitu. quia
1248 2077 1978 2120 nihil in vno angelo potest aliquid causare in alio nisi per
1260 2116 1979 2163 modum obiecti. nec etiam ipse angelus potest aliter cau¬
1256 2153 1972 2208 sare sicut alibi patet. tamen per modum obiecti potest ange
1248 2198 1980 2258 lus et habitus in eo et omnia alia realia causare cogni¬
1260 2245 1969 2299 tionem actualem in alio: non causando cognitionem
1254 2294 1978 2339 in seipo. et sic secundus angelus videns habitum in primo
1248 2327 1979 2382 angelo respectu albedinis: et habens consimilem in in¬
1260 2370 1979 2426 tellectu suo per illam visionem qua videt habitum in primo
1260 2415 1977 2469 angelo: et per habitum in ipsomet tanquam per causam partia
1260 2466 1987 2514 lem causabitur in eo actus recordandi respectu albe¬
1265 2502 1984 2577 dinis: et nullus actus positiuus causabitur in primo angelo.
