2240 3084
448 257 1160 326 cau sa partiali causet oppositum effectum: et ideo
452 306 1162 369 notitia intuitiua rei propria et res causant iudi
461 345 1166 421 cium quod res est quando est. quando autem ipsa res non est
451 395 1162 456 tunc notitia intuitiua sine illa re causabit oppo
452 431 1163 505 situm iudicium: et ideo concedo quod non est eadem causa
449 478 1156 547 illorum iudiciorum: quia vnius causa est notitia sine re¬
459 524 1156 592 alterius causa est notitia cum re tamquam cum causa pa
459 567 1163 634 tiali. ⁋ Ad octauum dubium dico quod contradictio
462 610 1169 679 est deum non esse: et tamen notitiam intuitiuam dei esse: et
468 653 1166 722 ideo non est mirum si sequitur inconueniens. ⁋ Ad
453 699 1160 769 aliud dico quod non videtur inconueniens quin posset
455 743 1163 808 delectatio esse tanta in absentia quanta in praesentia
455 795 1156 866 per potentiam diuinam. Quod confirmare possum per ex
459 835 1165 901 emplum beati augustini de liber ter. c. vbi habetur
474 882 1171 939 maxima delectatio mediante sola notitia abstra¬
470 919 1177 984 ctiua quanto maiorposset esse mediante notitia in
462 961 1161 1035 tuitiua. ⁋ Ad. ix. duibium dicendum est quod deus est
473 1008 1172 1079 praesens in se ista praesentialitate quae requiritur ad noti¬
470 1056 1168 1121 tiam intitiuam nec ex hoc sequitur quod sit notitia intui
467 1099 1178 1166 tiua. Tame si possibile esset deum non esse non requi¬
473 1139 1172 1201 reretur quod deus esset praesens: nec in se: nec in alio
479 1190 1171 1248 oresente. sicut aliqua presentialitate preuia co¬
470 1226 1179 1298 gnitum: sicut modo deus potest creare notitiam ali¬
467 1272 1168 1340 cuius non existentis sine omni preuio. ⁋ Ad vl
473 1326 1183 1385 timum dubium dico: quod omnis notitia abstractiua
479 1363 1167 1422 omnis rei naturaliter scite presupponit notitiam
467 1408 1174 1463 intuitiuam eiusdem: cuius ratio est: quia nullus intel¬
467 1446 1170 1515 lectus potest naturaliter acquirere notitiam alicuius
473 1490 1182 1560 rei. nisi mediante illa re: tanquam mediante causa
467 1532 1195 1611 partiali efficiente: sed omnis notitia lad quam ne¬
473 1580 1179 1651 cessario coexigitur ex natura rei est intuitiua: ergo
491 1629 1179 1688 orima notitia rei est intuitiua: tamen deus potest
479 1664 1186 1735 causare notitiam abstractiuam deitatis et aliarum
493 1709 1182 1777 erum: sine notitia intuitiua praeuia: et illa notitia
482 1750 1177 1830 deitatis abstractiua est communicabilis viator
482 1799 1180 1863 ⁋ Ad primum argumentum principale dico quod no
486 1841 1187 1908 titia distincta deitatis sub propria ratione dei
485 1884 1193 1953 tatis est possibilis intellectui viatoris: ista ta¬
488 1929 1188 1995 men non est beatifica: sed tantum intuitiua nec omnis
482 1969 1181 2033 notitia obiecti beatifici infiniti et beati sub ratio
479 2013 1180 2082 ne beatifica est beatifica: sed tantum intuitius quae non
485 2068 1183 2132 est intellectui viatoris possibilis: sed tantum abstra
497 2108 1189 2180 ctiua. ⁋ Ad secundum dico quod alique veritates
486 2147 1184 2213 que essent theologice tali intellectui essent per
491 2195 1193 2256 se note: et aliquem forte per alia notiora sibi. v¬
486 2238 1193 2310 bi gratia si talis intellectus apprehenderet di
492 2282 1187 2351 stincte in se ipsam deitatem et proprietates perso
492 2329 1196 2391 nales ex quibus fit propositio per se nota. sic
491 2372 1189 2438 dicendo deus vel deitas est tres persone. talis
496 2414 1186 2487 enim propositio propter identitate realem perso
490 2459 1196 2523 narum cum diuina essentia: omni apprehendenti
491 2503 1195 2567 in se terminos istos est per se nota: nec posset
495 2551 1188 2614 plus dubitare de ista: quam de illa deus est deitas
509 2589 1192 2657 preter illam propositionem posset iste intelle
492 2635 1213 2709 ctus formare illam eandem propositionem quan
1265 238 1957 300 nos de facto habemus de deo. deus est tres per
1263 285 1969 345 sone: que esset euidenter nota. et tamen noi
1259 332 1964 401 per se nota: sed per primam propositionem: de
1264 371 1966 432 qua dictum est que forte sibi est per se nota: et
1272 421 1965 477 hoc quia illa secunda formaliter sequitur ex prima¬
1259 465 1978 525 Quod autem iste sint distincte propositiones. patet
1262 501 1976 581 propter distinctionem terminorum: quia termini prime
1265 546 1981 620 propositionis sunt res in se: si res possit praedicari
1278 590 1969 656 vel alie intentiones anime: quas viator habere non
1265 641 1967 705 potest. In secunda autem termini sunt ipsi conceptus
1271 678 1973 751 quos de facto habemus: quia nec deum in se: nec ali
1276 730 1978 785 quid quod est realiter deus possumus cognoscere di¬
1263 774 1969 831 stincte in se. Et cum dicitur si tales propositiones
1269 812 1977 872 essent sibi per se note: cognoscerentur cognitis
1266 856 1975 922 terminis. concedo quod quicuque cognoscit illos ter
1272 902 1972 964 minos non habendo alios termios euidentur scir
1269 951 1975 1007 tales propositiones: sed non est nobis secundum statum
1281 980 1977 1050 communem possibile. Et quando probatur quod illa deus est
1278 1038 1990 1093 trinus et vnus: non potest fieri nota per aliam propo¬
1268 1076 1981 1142 sitionem priorem et notiorem. Dico quod sic: quia illud praedi
1275 1122 1990 1186 catum prius competit deo in se vel alicui intentioni¬
1275 1167 1981 1232 impossibili intellectui viatoris: quam isti conceptut
1277 1216 1985 1270 quem de facto habemus: et qui est subiectum in pro
1283 1254 1990 1325 positione habita de communi lege. ⁋ Ad tertium princi
1280 1297 1980 1365 pale dico: quod posito quod noticia euidens veritatis
1272 1344 1996 1406 sit perfectissima secundum speciem. hoc est quod nulla noti¬
1280 1386 1992 1444 cia specie distincta ab ista noticia euidenti est
1271 1427 2005 1502 ita perfecta. tamen vna noticia euidens eiusdem spe¬
1284 1485 2003 1535 ciei potest esse perfectior alia eiusdem. et ita est in pro¬
1286 1517 1994 1581 posito quod noticia beati de eadem veritate est per
1286 1564 1994 1618 fectior quam noticia alicuius non beati de eadem. et hoc
1283 1607 1994 1666 quia noticia intuitiua terminorum causat perfe
1291 1651 1996 1708 ctiorem noticiam quam noticia abstractiua eorundem¬
1286 1697 1996 1755 Qui ergo vellet dicere quod noticia intuitiua et
1293 1737 1997 1798 abstractiua respectu eiusdem distincte specie
1292 1781 2002 1843 causabunt effectus distinctos specie. Posset di¬
1281 1830 1996 1886 cere: quod noticia euidens talis veritatis causata
1287 1869 2008 1934 a noticia intuitiua deitatis et trium personarum est
1287 1917 2000 1979 perfectior noticia euidenti causata a noticia ab¬
1298 1956 2008 2018 stractiua deitatis et trium personarum: et specie di
1292 2000 2000 2061 stincta: et tunc hec esset falsa quelbet noticia eui¬
1297 2047 2003 2101 dens veritatis theologice est perfectissima. sed ali¬
1295 2092 2005 2152 qua esset perfectissima: puta causata a noticia in¬
1289 2135 1996 2193 tuitiua. Et alia non esset perfectissima: puta illa
1298 2178 2003 2244 que esset causata a noticia abstractiva. Sed con
1289 2222 2003 2282 tra illud est illa propositio quod pluralitas non est
1292 2263 1999 2333 ponenda sine necessitate: ideo cum cause distincte
1304 2312 1995 2376 specie possunt causare effectus eiusdem speciei: pro
1302 2354 1997 2422 pter distinctionem specificam inter noticiam intu
1301 2395 2011 2459 tiuam et abstractiuam incomplexorum non est ponenda
1292 2441 2003 2502 distinctio specifica inter noticias complexi cau
1302 2485 2015 2546 satas ab illis. Et ideo si iste noticie specie di¬
1308 2527 2013 2590 stinguerentur oporteret aliquam ratione aliam assi
1298 2584 2012 2641 gnare: quod est difficile. Et in hoc finitur hec
1295 2622 1717 2698 prima questio principalis.
