2263 3054
412 150 1129 218 consequentie: quia intellectus potest cognoscere abstracti
414 210 1135 262 ue aliquid sicut antichristum vel aliquod aliud obiectum
411 254 1123 306 quod non est praesens intellectui secundum actualem existentiam: et potest
418 296 1120 351 cognoscere illum actum intuitiue cum sit in intellectu secundum
420 342 1124 403 sua actualem existentiam. si ergo idem sit actus rectus et re
409 386 1120 433 flexus eadem debet esse cognitio intuitiua et abstractiva
409 429 1127 492 Item si sic: tunc idem actus erit confusus et deterinatus
408 477 1127 524 qui cognito homine cognitione confusa deterinate potest
415 517 1130 568 homo cognoscere illam cognitionem confusam: et illa co¬
414 563 1126 617 gnitio deteriata est cognitio reflexa et alia co
414 603 1130 661 gnitio recta. ergo eadem cognitio esset confusa et de¬
418 647 1120 700 terminata. Ite si sic sequeretur quod opinio et scientia essent
412 691 1123 740 idem: quia quando homo habet opinionem de aliquo potest certitu¬
414 739 1114 784 dinaliter se scire opinari: sed scire se opinari est actu
409 782 1127 840 reflexus et opinari actus rectus. ergo idem esset se scire
420 825 1124 876 opinari et opinari data ypothesi. Item per eundeni
418 867 1124 914 actum numero. non tendit intellectus diuersimode in
409 912 1118 960 idem obiectum: et hoc simul: sed per rectum immediate tendit
411 955 1130 1007 in obiectum et per reflexum mediate: quia mediante actu
417 999 1127 1046 recto. Item si sic: tunc idem esset dubitare et certitu¬
420 1043 1135 1096 dialiter scire: quia si quis dubitet regem sedere potest cer¬
409 1084 1124 1137 titudinaliter: scire vel cognoscere se dubitare. et ista
417 1130 1135 1185 certa cognitio est actus reflexus et alius actus re
420 1178 1133 1232 ctus. ergo idem esset actus certitudinaliter cognoscendi et
415 1215 1123 1269 dubitandi. Item nullus actus est obiectum suiipius: quia
417 1267 1135 1318 obiectum actus est mensura actus: et idem non est mensu
418 1301 1127 1355 ra suupius: sed actus rectus est obiectum actus reflexi. ergo
414 1349 1129 1402 Item illa differit realiter quorum vnum potest esse sine alio.
414 1400 1118 1446 sic est in proposito: quia prius cognoscitur obiectum quam act
410 1432 1126 1493 per quem cognoscitur obiectum. ergo actus rectus est prior actu
413 1477 1126 1537 reflexo. Item idem actus numero non potest simul esse intensus
411 1521 1132 1578 et remissus: sed aliquas potest intense diligere aliquod obie
414 1563 1132 1616 ctum et minus intense diligere actionem et dilectionem qua
419 1607 1127 1663 diligit obiectum: quia possibile est quod obiectum sit mul
414 1652 1129 1717 tum excedens in bonitate illam dilectionem quae diligitur et
414 1698 1139 1760 quod est magis bonum potest magis diligi. ergo si idem esset
421 1738 1142 1792 actus rectus et reflexus idem eet actus intesus et remis
424 1783 1136 1837 sus. Ideo dico quod actus rectus et reflexus distinguntur sicut
423 1829 1136 1876 distincti actus. Sed conclusio istud arguitur supposito quod
423 1870 1139 1933 aliquis habeat tantum vnum actum cognoscendi obiectum omni
423 1915 1135 1967 alio actu cognoscendi circumscripto: aut ille intelli
425 1955 1142 2019 git se intelligere illud obiectum aut no: si sic haber pro¬
420 2011 1133 2058 positum: quia non habet nisi vnum actum intelligendi per ypo¬
427 2050 1139 2099 thesim et intelligit obiectum. et intelligit se intellige
420 2087 1144 2145 re idem obiectum: ergo sunt idem actus. Si non prcipit se
429 2134 1129 2190 intelligere illud obiectum: sequeretur quod si quaereretur ab eo
430 2184 1145 2234 vtrum intelligeret illud obiectum: responderet quod non: cu
421 2222 1142 2277 ius oppositum exper imur. ⁋ Item quando aliquis intelligit
433 2268 1139 2324 aliquod obiectum delectabile delectatur intelligendo
436 2307 1142 2362 et plus appetit intelligere. ergo voluntas habet istu actum
425 2354 1142 2408 pro obiecto: sed voluntas fertur in cognitum. er¬
426 2397 1144 2452 go pro tunc ille actus est cognitus. ergo quando habet tantum
436 2441 1139 2498 vnum actum intelligit adhuc illum actum: ergo actus rectus
432 2487 1153 2536 et reflexus sunt idem. ⁋ Item si illi act odistinguantur in in
432 2525 1153 2593 tellectu. ergo eodem modo distinguitur in voluntate: quia similis
1239 147 1954 214 videtur ratio: sed consequens est falsum: quia tunc quot erunt vir¬
1244 204 1960 253 tutes morales causate in voluntate ex actibus re
1240 252 1949 297 ctis tot erunt causate ex actibus reflexis: sed actus re
1239 295 1957 352 flexi possunt variari in infinitum secundum speciem. ergo possunt cau
1233 341 1952 388 sari infinite virtutes morales differuntes secundum speciem. quia
1241 380 1934 438 sicut ex actibus rectis multiplicatis potest causari habitus
1236 419 1936 477 moralis sic ex actibus reflexis multiplicatus ⁋ Item
1233 463 1949 520 quando aliquis est in actu recto. aut percipit se esse in
1224 525 1948 561 actu recto quando est in actu recto. aut quando non est in
1230 555 1942 610 actu recto. sed quando est in actu reflexo. Si quando est in
1229 602 1939 650 actu recto: tunc si actus reflexus est alius a recto
1231 643 1951 692 non simul vltiate est in vtroque. ergo cum est in actu re¬
1237 691 1946 752 flexo non percipit se esse vltiate in actu recto re
1223 732 1936 780 spectu obiecti. Si percipit se esse in actu recto
1235 775 1942 826 quando est in actu reflexo: tunc percipit se vltiate esse
1229 816 1939 874 in aliquo actu quando non est vltiate in illo actu quod
1229 864 1939 916 est impossibile. ⁋ Istem si sic. Aut actus reflexus est
1229 906 1948 958 actus fruendi aut vtendi: non primum. quia immediate tem
1228 952 1943 1009 dit in creaturam. quia in actu rectum: non secundum. quia per
1235 994 1958 1045 illum actum tendit in deum et in actum rectum prout tedit
1240 1037 1949 1089 in deum: vt sic non est actus vtendi. ergo sunt idem actus
1227 1085 1952 1144 ⁋ Ad primum istorum quando accipit quod supposito quod ali
1239 1124 1955 1183 quis habeat tantum vnum actum cognoscedi obiectum omni
1239 1180 1951 1227 alio actu intelligendi eius circumscripto etc. Dico
1233 1216 1957 1271 quod non. et vlterius dico quod si esset pro eodem instanti
1238 1254 1964 1305 quo quaeritur ab eo vtrum intelligeret se intelligere il
1243 1301 1958 1353 lud obiectum. Dico quod non oportet hoc concedere. quia pro¬
1239 1349 1953 1398 illo instanti non percipit se cognoscere illud obie¬
1230 1385 1945 1444 ctum. si tamen proponitur post bene potest hoc concedere. quia
1242 1429 1946 1479 tunc habebit vnum actum cognoscendi respectu co
1235 1470 1958 1533 plexi de nouo propositi. quia tunc intelligit complexum
1236 1519 1958 1579 propositum. et hoc erit vno actu differenti a priori
1242 1572 1948 1617 actu ⁋ Ad aliud dico quod si voluntas delectetur in
1235 1606 1949 1661 actu intelligendi respectu alicuius obiecti: oportet quod
1248 1653 1955 1713 apprehendatur per intellectum esse delectabile. et sic
1247 1695 1951 1751 oportet quod prius cognoscatur. et ideo non potest delectari in
1248 1734 1964 1797 actu nisi ille actus cognoscatur per intellectum. sed hoc
1244 1787 1963 1836 erit per intellectum reflexum quae est alius quam actus rectus.
1245 1832 1958 1881 ⁋ Ad aliud dico quod maior est neganda. quia ex mul
1245 1876 1955 1920 titudine actuum reflexorum non causatur habitus mora
1246 1913 1952 1968 lis. sed solum ex multitudine actuum rectorum. Uel alii
1244 1955 1948 2013 potest dici. quod virtus moralis non solum generatur in vo
1251 2005 1955 2057 luntate sed in appetitum sensitiuo. quia habitus moralis
1246 2050 1958 2103 est commoderatiuus passionum et solum in appeti¬
1241 2088 1961 2154 tum sensitiuo consistunt passiones. ⁋ Ad aliud dico
1243 2132 1966 2189 quod si ponatur quod tantum sit in actu recto. tunc non percipit.
1251 2182 1958 2242 se esse in actu recto. sed bene possibile est quod perci¬
1245 2232 1966 2286 piat se esse in actu recto quando est in actu recto. quia
1260 2268 1970 2320 actus rectus et reflexus sunt simul vel possunt esse si
1254 2314 1967 2365 mul. et quando dicitur quod est vltiate in vno actu non potest
1260 2359 1957 2413 esse in alio actu. Dico quod si intelligatur per vltiate
1261 2401 1960 2453 esse perfecte esse in actu sic dico quod simul potest esse
1257 2440 1975 2497 sub duobus vltiate. quia vterque actus terminat po¬
1251 2485 1972 2534 tentiam in suo ordine. licet diuersimode si intelliga¬
1250 2531 1980 2605 tur per vltiate perficere finaliter perficere in ratione sim¬
