2254 3062
422 212 1138 289 quia ista sunt verba actiui generis: ideo signi¬
426 271 1136 333 ficant et denominant subiectum per modum acti
419 315 1129 381 onis: sicut videre licet non sit a potentia visiua
428 361 1129 429 effectiue. tamen propter rationem predictam deno
429 403 1129 464 minat illam potentiam per modum actionis. ita in
428 448 1136 515 proposito: quia non vult quod intelligere sit ope¬
417 492 1140 553 ratio manens in agente: quin sit effectiue in il
422 534 1144 597 lo in quo recipitur. Quia sic denominat tanquam a¬
423 578 1141 645 gens: et est verbum actiuum. Aliter potest dici quod
418 630 1132 683 ratio fundatur super auctoritate: et ideo circum
429 665 1132 726 scribendo auctoritatem non concederetur de vir
417 716 1141 768 tute sermonis: quod talis operatio maneret in a¬
423 753 1145 820 gente ⁋ Aliter potest dici quod per actionem imma¬
419 796 1155 851 nentem intelligit actionem qua nullus effectus ex¬
436 848 1145 900 tra animam producitur sicut domus vel aliquid ta
430 893 1138 946 le: vnde talis actio causetur. vel per actionem
441 929 1150 986 transeuntem intelligit illam per quam aliquid ex
432 972 1142 1033 tra animam producitur sicut scribere et aliquid hu¬
438 1015 1144 1078 iusmodi. ⁋ Ad aliud concedo quod a cognoscente
434 1060 1156 1126 et cognito paritur notitia: sed diuersimode: quia
429 1103 1154 1164 a cognoscente sicut a materia propria recipien
429 1146 1156 1208 te et a cognito sicut a causa efficiente: et ideo vtrum
435 1190 1159 1260 que est causa: quia vnum efficiens: et aliud materi
442 1244 1165 1294 ale. Aliter potest dici quod illa fundatur super au¬
449 1277 1153 1344 ctoritate: et ideo nihil ad propositum. ⁋ Ad aliud
448 1326 1162 1386 dico quod si res sit equaliter presens angelo vno
446 1372 1167 1427 tempore et alio: causa quare plus causatur nunc co¬
441 1419 1157 1481 gnitio quam alias est volitio quia scilicet vno tempore
450 1451 1165 1516 vult intelligere hoc et alio non: et quod hoc siti verum
446 1496 1162 1569 patet: quia quantumcunque ponatur quod intellectus com¬
455 1541 1158 1608 currat cum obiecto ad causandum adhuc vno ten¬
444 1587 1157 1655 pore intelligit illud obiectum et alio tempore non
460 1631 1160 1695 ctiam posita semper equali approximatione: sicut
453 1685 1175 1738 patet per experientiam in nobis: sed huiusmodi cau¬
447 1715 1180 1777 sa non potest esse actiuitas intellectus: que si
445 1761 1169 1825 agat naturaliter agit. Et ita quicumque quantum est
452 1807 1168 1861 ex se. ergo huiuscemodi causa est actus volun¬
458 1855 1163 1904 tatis libere volentis tunc cognoscere illud ob
459 1891 1174 1950 iectum et alias non. ⁋ Si dicas quod tunc volitio es
462 1935 1161 1992 set vere causa respectu cognitionis. concedo con
464 1977 1172 2044 sequentiam: quia cognitio illa que non potest na
461 2022 1175 2086 turaliter causari sine volitione sicut a partia¬
461 2065 1169 2128 li causa per propositionem frequenter acceptam.
453 2110 1172 2174 Effectus sufficienter etc ⁋ Si dicas ponamus quod
462 2154 1171 2217 quilibet actus voluntatis suspendatur: adhuc
465 2205 1169 2266 potest angelus priori casu posito cognoscere
469 2253 1178 2302 illud obiectum vno tempore et non alio. ⁋ Respon¬
472 2287 1184 2352 deo quod falsum est: cessante omni impedimento.
462 2333 1172 2391 tamen si impediatur bene potest: puta si vno
466 2382 1184 2430 tempore intelligat aliud obiectum dispositum cu
477 2426 1183 2477 ius cagnitio impedit cognitionem alterius:
468 2460 1174 2519 tunc sic posset ab omni alia cognitione cessare
474 2503 1187 2563 sine omni actu voluntatis quod forte non est pos¬
477 2546 1175 2605 sibile in angelo quicquid sit in nobis: tunc pos¬
468 2592 1187 2668 set intelligere aliud obiectum equaliter presens
1244 183 1953 268 sibi nunc et prius sine omni actu voluntatis. et hoc
1241 256 1947 319 propter amotionem impedimenti. sed in alio non vt¬
1238 305 1948 353 detur aliqua ratio si intelligat aliquod obiectum
1244 352 1945 401 approximatum: et ceteris conditionibus requisitis
1245 394 1951 448 positis. quod plus vno tempore cesset ab illo actu et
1241 428 1948 486 intelligat aliud obiectum nisi per actum volunta
1238 474 1954 531 tis. et ratio est. quia agens naturale habens passum
1245 515 1954 574 sibi approximatum et non impeditum necessario
1241 560 1949 626 agit. et ita obiectum primo intellectum ab angelo
1244 601 1960 662 necessario continuat primum actum nisi impediatur
1239 647 1961 711 per actum voluntatis stantibus aliis conditionibus
1233 691 1958 750 requisitis ⁋ Ad aliud dico quod illa ratio equali¬
1247 734 1959 793 ter concludit: siue ponatur quod intellectus sit actiuus
1245 784 1967 839 siue ponatur quod non sit actiuus. quia si sit actiuus
1250 824 1971 882 naturaliter agit. et ita indifferes est ad causan¬
1248 864 1966 927 dum propositionem veram sicut falsam et impossibilem
1251 915 1970 973 solum. et si causaret naturaliter propositionem ve¬
1248 957 1966 1013 ram non posset causare propositione falsam. Ideo
1244 1000 1958 1057 dico sicut alibi dictum est quod ad causandum actum
1260 1048 1964 1101 quo apprehenditur complexum qui dicitur compo
1250 1088 1964 1147 sitio: concurrit actus voluntatis. siue intellectus
1250 1131 1973 1189 sit siue non. quia notitie incomplexe terminorum et
1251 1178 1982 1237 intellectus: si sit actiuus sunt naturaliter agen¬
1264 1229 1981 1277 tia et non plus inclinat ad formandum propositio¬
1263 1264 1966 1318 nem veram quam falsam affirmatiuam quam negatiuam. et
1259 1304 1982 1371 ideo vel formaret neutram vel simul vtramque. quod
1265 1348 1975 1407 est contra experientiam. quia homo non experitur quod
1257 1403 1975 1451 simul formet vtramque partem contradictionis. licet
1264 1446 1982 1499 formaliter non sit contradictio simul formare vtramque
1257 1489 1987 1537 quia non est repugnantia vel contradictio simul ap¬
1259 1522 1976 1595 prehendere contradictoria. tamen simul et semel
1270 1573 1981 1626 assentire contradictoriis est contradictio: propter
1275 1613 1990 1668 repugnantiam inter illos assensus. ideo dico quod cau
1269 1657 1979 1720 sa quare plus formatur propositio vera vel falsa
1266 1699 1976 1762 affirmatiua vel negatiua est voluntas. quia volun¬
1270 1738 1988 1805 tas vult formare vnam et non aliam. et ideo actus qui
1262 1783 1990 1848 apprehenditur post complexum formatur a notitiis
1272 1832 1996 1888 incoplexis terminorum illius propositionis: et ab
1271 1873 1996 1934 actu illius voluntatis. et hoc generaliter. quia po
1273 1917 1979 1979 sito actu voluntatis quo vult tale complexum for¬
1272 1960 1979 2027 mari. et positis notitiis incomplexis terminorum
1281 2003 1982 2064 illius complexi necessario sequitur actus apprehen
1285 2049 1984 2105 dendi siue formandi illud complexum: sicut effectus
1269 2094 1988 2158 sequitur necessario ad suam causam. ⁋ Ad aliud di¬
1270 2138 1993 2190 co quod equaliter concludit si ponatur intellectus
1279 2190 1993 2238 actiuus sicut si non. quia certum est quod si ponatur in
1278 2226 1981 2281 tellectus actiuus ad assentiendum propositioni¬
1280 2268 1994 2331 que nec est per se nota nec nota ex notitia in¬
1279 2312 2002 2374 tuitiua terminorum sed ex neutra primo vel dubia.
1285 2364 1994 2417 et postea euidenter vera vel falsa. requiritur necessa
1287 2402 1993 2459 rio aliquid aliud praeter notitiam incomplexam termi
1293 2450 1999 2502 norum et intellectum quicqud sit illud. quia aliter
1280 2491 1995 2549 non plus euidenter assentiret tali propositioni vno
1285 2537 2003 2589 tempore quam alio ex quo equaliter apprehendit ter¬
1290 2577 1999 2653 minos et est actiuus si sic ponatur vno tempore et
