2270 3087
285 209 1013 280 alio. et ideo ista ratio est communis aduersario et
294 277 1002 323 mihi ⁋ Ideo dico quod propositio cui intellectus
292 318 1007 366 assentit vel est per se nota et necessaria vel con
295 358 1007 412 tingens vel est neutra. si primo modo assensus
290 414 998 461 causatur sufficienter ex noticiis incomplexis
292 454 999 500 terminorum et noticia apprehensiua complexa: et
289 495 1001 541 a deo tanquam a causa partiali sine omni actiuita¬
289 539 999 592 te intellectus: quia positis istis necessario se¬
292 582 1004 633 quitur assensus respectu talis propositionis.
288 627 1001 684 Si secundo modo: tunc illa propositio vel est pri¬
288 674 992 718 ma contigens: vel sequitur ex prima euidenter
285 714 994 768 si primo modo tunc ille assensus causatur ex no
285 757 1001 807 ticia inconplexa intuitiua terminorum et ex appre
294 810 1008 855 bensione complexi sufficienter sine omni alio ex¬
282 846 1004 898 cepto deo qui in omni actione concurrit sicut
282 896 992 942 patet alibi diffuse. si secundo modo: tunc assensus
285 935 1001 980 respectu secunde contingentis causatur ex noticia
276 977 994 1032 incomplexa terminorum suorum et apprehensione
285 1020 997 1071 illius complexi et assensu: respectu prime con¬
282 1065 998 1119 tingentis: quia ille assensus necessario requiritur
276 1110 998 1157 ad causandum assensum secundum. Si sit neutra vel
282 1152 989 1203 dubia: tunc aut habetur aliqua propositio pri
292 1197 998 1253 or et euidentior ex qua tanquam ex medio potest ne
282 1242 985 1288 cessario inferri vel probabiliter vel sophistico
276 1285 994 1337 vel non. Si primo modo: tunc ad assentiendum
285 1332 989 1378 propositioni neutre requiritur noticia illius propo
285 1372 991 1419 sitionis: ex qua potest dictis modis inferri. et
282 1420 986 1463 tunc assensus respectu illius propositionis vel
285 1468 993 1517 multarum si multe sint vt visio cum noticia inco¬
282 1507 991 1567 plexa terminorum propositionis neutre et apprehen¬
277 1553 987 1606 sio illius propositionis sunt cause sufficientes
286 1593 995 1647 ad causandum assensum respectu illius propositi
280 1637 992 1686 onis neutre vt patet de noticia premissarum ne
282 1680 986 1734 cessariarum vel probabilium respectu conclusionis
280 1725 988 1772 sequentis. vnde assensus euidens et certus re¬
277 1770 983 1821 spectu premissarum causat cum aliis predictis no
277 1810 991 1858 ticiis assensum necessarium et euidentem respectu
288 1856 992 1908 conclusionis sequentis: assensus probabilis qua
279 1903 984 1955 est cum dubitatione sui oppositi respectu praemis¬
267 1938 994 1992 sarum potest causare dissensum respectu conclum
285 1985 995 2041 sionum. Ex hoc patet quomodo aliquis assen¬
277 2034 985 2077 tit aliquando propositioni false et dissentit vere:
283 2076 986 2125 et aliquando econuerso: quia ex quo tali non assen
285 2122 982 2165 tit nisi virtute alterius propositionis vel multa
273 2165 986 2218 rum ex quibus infertur: aliquando assentit premis¬
283 2207 995 2262 se false tanquam vere: et hoc aliquando propter defe¬
282 2251 979 2301 ctum alicuius cause necessario requisite ad cau
282 2294 982 2346 sandum dissensum respectu illius: et tunc ille as¬
282 2338 986 2397 sensus cum aliis noticiis causat sufficienter assen
282 2383 989 2431 sum respectu conclusionis false: aliquando pre¬
270 2431 989 2479 misse sunt vere quibus assentit: et conclusio que
283 2479 989 2527 videtur sequi: que tamen non sequitur formaliter
279 2518 992 2565 est falsa: et tunc conclusioni assentit: quia credit
269 2569 991 2617 eam sequi ex talibus premissis: et tunc decipitur
270 2607 1001 2676 per fallaciam. et tunc assensus respectu illius com
1117 224 1821 290 clusionis causatur ex notitia premissarum. et epx
1104 280 1831 327 illo assensu quo credit conclusionem talem sequi
1110 326 1826 378 que non sequitur. Eodem modo est dicendum si dis¬
1114 365 1817 422 sentiat propositioni vere. quia hoc est: vel quia
1113 412 1828 460 dissentit respectu propositionis vere ex qua in¬
1110 450 1832 513 fertur. qui dissensus causatur propter defectum ali¬
1114 502 1826 558 cuius cause partialis necessario requisite ad
1120 541 1816 590 causandum assensum respectu illius vel aliis mo
1116 582 1816 632 dis diuersis. si assentiat propositioni vere et dis¬
1105 628 1813 679 sentiat propositioni false et assensus et dissensus
1110 674 1820 721 respectu medii causant illum dissensum. et assen¬
1111 713 1817 776 sus quo credit talem propositionem sequi ex medio
1114 760 1820 818 que sequitur ex eo. Si autem propositio neutra
1105 812 1821 863 non infertur ex aliquo medio: aut est necessaria
1104 854 1814 905 aut contingens. Si primo modo sic sunt multa
1110 890 1808 942 principia nota tantum per experientiam sicut ista. ca¬
1104 938 1813 994 lor est calefactiuus: et simila. et tunc assensus re¬
1106 980 1808 1041 spectu talis causatur ex notitia euidenti vnius con
1100 1025 1811 1086 tingentis: puta huius calor calefacit. et alia no¬
1102 1070 1810 1126 titia euidentis propositionis cuiusdam per se note¬
1111 1114 1805 1175 puta huius omnes forme eiusdem rationis possunt
1104 1157 1816 1206 habere effectus eiusdem rationis. et sic de aliis. Et si
1098 1202 1817 1250 sit contingens tunc illi assentit intellectus aliquando
1096 1250 1818 1303 propter auctoritatem: aliquando propter voluntatem
1093 1290 1820 1337 quia vult credere. Si primo modo assensus re
1095 1333 1804 1384 spectu auctoritatis causat assensum respectu i
1098 1376 1821 1435 lius propositionis. Si secundo modo tunc volitio cu
1101 1427 1814 1477 notitiis incomplexis et apprehensione complexum:
1102 1470 1816 1527 causat assensum illum. et de similibus simile est
1104 1508 1811 1570 iudicium. quia non potest certa ratio dari quomo
1102 1551 1817 1612 causatur assensus vel dissensus respectu omnium
1098 1596 1816 1649 propositionum. sed propter tales actus non oportet
1105 1648 1808 1698 ponere intellectu actiuum in aliquo ⁋ Ad aliud
1094 1687 1809 1748 dico quod habitus ponitur propter eandem causam
1095 1729 1817 1778 propter quam poneretur si intellectus esset actiuus.
1092 1775 1807 1823 sed tunc poneretur propter actionem et non propter
1101 1819 1808 1875 receptionem. ergo et nunc. Unde ex quo effectus suffi
1093 1864 1814 1916 cienter dependet ex causis suis essentialibus et ha
1105 1907 1816 1954 ditus nullam causalitatem posset habere respectu
1092 1956 1799 2001 alicuius nature nisi effectiuam. patet discurrendo
1095 1994 1807 2047 per omnes causas. ergo etc. ⁋ Ad aliud dico quod equaliter conclu¬
1095 2041 1793 2097 dit contractiuitatem intellectus sicut proractiuitate. quia
1092 2081 1799 2135 si sit actiuus est naturaliter actiuus non habens in po
1087 2129 1803 2186 testate sua actionem suam. ergo quantum ex se si causet prie
1087 2163 1802 2224 dictos actus semper equaliter causaret illos actus. et
1087 2212 1796 2271 sic non habetur ratio quare intellectus magis discui
1093 2267 1791 2322 ret circa vnum vno repore quam alio ⁋ Ideo dico quod
1092 2301 1804 2360 praedicti actus discurrendi sillogisandi etc. non sunt
1099 2347 1799 2398 actus apprehensiui. quia facere sillogismum non est ni
1090 2391 1807 2448 si formare propositiones dispositas in modo et fi¬
1092 2444 1812 2494 gura. et sic est de discursu. Isti inquam actus cau¬
1089 2485 1802 2537 santur sufficienter a notitiis incomplexis terminorum
1098 2523 1814 2585 et actu voluntatis: quo voluntas vult talia comple¬
1089 2574 1796 2628 xa formare. ita quod ille notitie incomplexe termino
1087 2616 1814 2684 rum et volitio integrant vnam causam totalem cum deo
