<?xml version="1.0" encoding="UTF-8" standalone="yes"?>
<PcGts xmlns="http://schema.primaresearch.org/PAGE/gts/pagecontent/2013-07-15" xmlns:xsi="http://www.w3.org/2001/XMLSchema-instance" xsi:schemaLocation="http://schema.primaresearch.org/PAGE/gts/pagecontent/2013-07-15 http://schema.primaresearch.org/PAGE/gts/pagecontent/2013-07-15/pagecontent.xsd">
    <Metadata>
        <Creator>prov=University of Rostock/Institute of Mathematics/CITlab|PLANET AI GmbH/Gundram Leifert/gundram.leifert@planet-ai.de:name=cod-LyXLXy-m2-withbase(htr_id=25980)::::v=2.6.6
prov=University of Rostock/Institute of Mathematics/CITlab|PLANET AI GmbH/Tobias Gruening/tobias.gruening@planet-ai.de:name=de.uros.citlab.module.baseline2polygon.B2PSeamMultiOriented:v=2.6.6
prov=University of Rostock/Institute of Mathematics/CITlab|PLANET AI GmbH/Tobias Gruening/tobias.gruening@planet-ai.de:name=/net_tf/LA73_249_0mod360.pb:de.uros.citlab.segmentation.CITlab_LA_ML:v=2.6.6
Transkribus</Creator>
        <Created>2020-08-11T01:45:46.539+02:00</Created>
        <LastChange>2020-09-05T04:26:21.448+02:00</LastChange>
        <TranskribusMetadata docId="449428" pageId="18339294" pageNr="683" tsid="39293513" status="IN_PROGRESS" userId="25065" imgUrl="https://files.transkribus.eu/Get?id=YDUDEGBTSWUQMFDKCAFKHQEF&amp;fileType=view" xmlUrl="https://files.transkribus.eu/Get?id=UCNGTVXEXFRDYBDYXOUUJECF" imageId="13971116"/>
    </Metadata>
    <Page imageFilename="682.jpg" imageWidth="2266" imageHeight="3090">
        <ReadingOrder>
            <OrderedGroup id="ro_1599307900399" caption="Regions reading order">
                <RegionRefIndexed index="0" regionRef="r2"/>
                <RegionRefIndexed index="1" regionRef="r3"/>
            </OrderedGroup>
        </ReadingOrder>
        <TextRegion orientation="0.0" id="r2" custom="readingOrder {index:0;}">
            <Coords points="245,138 245,2631 969,2631 969,138"/>
            <TextLine id="r2l2" custom="readingOrder {index:0;}">
                <Coords points="247,261 891,260 964,251 964,198 247,214"/>
                <Baseline points="252,246 287,245 322,245 358,245 393,245 428,245 464,245 499,245 534,245 570,245 605,245 640,245 676,245 711,245 746,245 782,245 817,245 852,243 888,243 923,243 959,242"/>
                <TextEquiv>
                    <Unicode>tur dicere quod aliquod tale complexum est simi</Unicode>
                </TextEquiv>
            </TextLine>
            <TextLine id="r2l3" custom="readingOrder {index:1;}">
                <Coords points="252,306 942,300 961,298 961,260 252,262"/>
                <Baseline points="257,293 293,291 330,290 367,289 404,288 440,288 477,288 514,288 551,288 588,288 624,290 661,290 698,290 735,290 772,290 808,290 845,289 882,288 919,287 956,285"/>
                <TextEquiv>
                    <Unicode>pliciter neutrum credenti quantum ad omnes mo</Unicode>
                </TextEquiv>
            </TextLine>
            <TextLine id="r2l4" custom="readingOrder {index:2;}">
                <Coords points="243,347 958,341 965,300 243,308"/>
                <Baseline points="248,335 283,335 319,333 354,333 390,332 426,332 461,332 497,332 532,332 568,333 604,333 639,333 675,333 710,333 746,333 782,333 817,333 853,333 888,332 924,332 960,330"/>
                <TextEquiv>
                    <Unicode>dos predictos. vnde ergo causabitur actus cre¬</Unicode>
                </TextEquiv>
            </TextLine>
            <TextLine id="r2l5" custom="readingOrder {index:3;}">
                <Coords points="246,388 940,386 965,382 965,342 246,347"/>
                <Baseline points="251,378 286,378 321,378 357,377 392,377 428,377 463,377 499,377 534,377 570,377 605,377 640,377 676,377 711,377 747,377 782,377 818,377 853,375 889,375 924,375 960,374"/>
                <TextEquiv>
                    <Unicode>dendi talis complexim: Respondeo quod a noticia</Unicode>
                </TextEquiv>
            </TextLine>
            <TextLine id="r2l6" custom="readingOrder {index:4;}">
                <Coords points="244,426 970,432 970,382 244,392"/>
                <Baseline points="249,423 284,422 320,422 356,420 392,420 428,420 463,420 499,420 535,420 571,420 607,420 642,420 678,422 714,422 750,422 786,422 821,420 857,420 893,420 929,419 965,419"/>
                <TextEquiv>
                    <Unicode>incomplexa terminorum et ab apprehensione com</Unicode>
                </TextEquiv>
            </TextLine>
            <TextLine id="r2l7" custom="readingOrder {index:5;}">
                <Coords points="246,481 965,473 946,425 245,434"/>
                <Baseline points="251,470 286,468 321,467 357,467 392,465 428,465 463,465 498,465 534,465 569,465 605,465 640,465 675,465 711,465 746,465 782,465 817,464 852,464 888,463 923,461 959,459"/>
                <TextEquiv>
                    <Unicode>plexa et actu volendi quo aliquis vult assenti¬</Unicode>
                </TextEquiv>
            </TextLine>
            <TextLine id="r2l8" custom="readingOrder {index:6;}">
                <Coords points="244,515 956,522 964,471 244,481"/>
                <Baseline points="249,510 284,510 320,509 355,509 391,509 426,509 462,509 497,509 533,510 568,510 604,510 639,510 675,509 710,509 746,509 781,509 817,509 852,507 888,507 923,506 959,506"/>
                <TextEquiv>
                    <Unicode>re tali complexo quantumcunque nullam euiden</Unicode>
                </TextEquiv>
            </TextLine>
            <TextLine id="r2l9" custom="readingOrder {index:7;}">
                <Coords points="252,565 959,557 944,521 252,520"/>
                <Baseline points="257,554 291,554 326,552 361,552 396,552 431,552 466,552 500,552 535,552 570,552 605,552 640,554 675,554 710,554 744,554 779,554 814,553 849,552 884,551 919,550 954,549"/>
                <TextEquiv>
                    <Unicode>tiam habeat. et quantum ad tale complexum po¬</Unicode>
                </TextEquiv>
            </TextLine>
            <TextLine id="r2l10" custom="readingOrder {index:8;}">
                <Coords points="253,606 965,601 965,570 901,557 253,565"/>
                <Baseline points="258,597 293,597 328,596 363,596 398,596 433,596 468,596 503,596 538,597 573,597 609,597 644,597 679,597 714,597 749,597 784,597 819,596 854,596 889,596 924,594 960,594"/>
                <TextEquiv>
                    <Unicode>test intelligi dictum Augustini: vbi dicit quod ce¬</Unicode>
                </TextEquiv>
            </TextLine>
            <TextLine id="r2l11" custom="readingOrder {index:9;}">
                <Coords points="256,649 955,654 955,603 256,607"/>
                <Baseline points="261,642 295,641 329,641 364,641 398,641 433,641 467,642 502,642 536,642 571,642 605,642 639,642 674,641 708,641 743,641 777,641 812,641 846,640 881,639 915,639 950,638"/>
                <TextEquiv>
                    <Unicode>tera potest homo etiam nolens: credere aut non</Unicode>
                </TextEquiv>
            </TextLine>
            <TextLine id="r2l12" custom="readingOrder {index:10;}">
                <Coords points="244,695 921,697 971,689 971,651 244,656"/>
                <Baseline points="249,683 284,683 320,684 356,684 392,684 428,684 464,684 499,684 535,684 571,684 607,684 643,684 679,684 715,684 750,684 786,684 822,684 858,683 894,683 930,683 966,683"/>
                <TextEquiv>
                    <Unicode>nisi volens. et sic patet quod actiuitas intellectus</Unicode>
                </TextEquiv>
            </TextLine>
            <TextLine id="r2l13" custom="readingOrder {index:11;}">
                <Coords points="244,737 913,744 964,737 964,697 244,700"/>
                <Baseline points="249,729 284,729 320,728 355,728 391,728 426,728 462,728 497,729 533,729 568,729 604,729 639,729 675,729 710,729 746,729 781,729 817,729 852,728 888,728 923,726 959,725"/>
                <TextEquiv>
                    <Unicode>nihil facit ad causandum primum assensum: quia</Unicode>
                </TextEquiv>
            </TextLine>
            <TextLine id="r2l14" custom="readingOrder {index:12;}">
                <Coords points="246,788 970,776 951,735 246,737"/>
                <Baseline points="251,776 286,774 322,774 358,774 393,773 429,773 465,773 500,773 536,773 572,773 608,774 643,774 679,774 715,774 750,773 786,773 822,773 857,771 893,770 929,770 965,767"/>
                <TextEquiv>
                    <Unicode>positis predictis noticiis cum actu volunta¬</Unicode>
                </TextEquiv>
            </TextLine>
            <TextLine id="r2l15" custom="readingOrder {index:13;}">
                <Coords points="250,825 905,830 971,817 971,779 250,788"/>
                <Baseline points="255,816 290,816 326,816 361,816 397,816 432,816 468,816 503,816 539,816 574,816 610,816 646,816 681,816 717,816 752,816 788,816 823,816 859,815 894,815 930,815 966,813"/>
                <TextEquiv>
                    <Unicode>tis efficaci siue intellectus agat siue non: ne¬</Unicode>
                </TextEquiv>
            </TextLine>
            <TextLine id="r2l16" custom="readingOrder {index:14;}">
                <Coords points="252,876 956,869 965,820 252,825"/>
                <Baseline points="257,861 292,860 327,860 362,860 397,860 432,860 467,860 503,860 538,860 573,860 608,860 643,861 678,861 713,861 749,861 784,860 819,860 854,860 889,858 924,857 960,857"/>
                <TextEquiv>
                    <Unicode>cessario causabitur assensus respectu illius com</Unicode>
                </TextEquiv>
            </TextLine>
            <TextLine id="r2l17" custom="readingOrder {index:15;}">
                <Coords points="243,919 945,914 961,871 243,880"/>
                <Baseline points="248,906 283,906 318,905 354,905 389,905 425,905 460,905 495,905 531,905 566,905 602,905 637,905 672,905 708,905 743,905 779,905 814,905 849,903 885,903 920,902 956,902"/>
                <TextEquiv>
                    <Unicode>plexi: et posita actiuitate intellectus sine actu</Unicode>
                </TextEquiv>
            </TextLine>
            <TextLine id="r2l18" custom="readingOrder {index:16;}">
                <Coords points="250,957 956,951 956,920 888,907 250,920"/>
                <Baseline points="255,947 289,947 324,947 359,947 394,948 429,948 463,948 498,948 533,948 568,948 603,950 637,950 672,950 707,950 742,950 777,950 811,950 846,948 881,948 916,947 951,947"/>
                <TextEquiv>
                    <Unicode>voluntatis nunquam causabitur. ⁋ Sed dubium</Unicode>
                </TextEquiv>
            </TextLine>
            <TextLine id="r2l19" custom="readingOrder {index:17;}">
                <Coords points="252,999 941,1003 967,995 967,957 252,964"/>
                <Baseline points="257,992 292,992 327,992 362,992 398,992 433,992 468,992 503,992 539,993 574,993 609,993 644,993 680,993 715,993 750,992 785,992 821,992 856,992 891,990 926,990 962,989"/>
                <TextEquiv>
                    <Unicode>est quomodo potest aliquis alicui propositio¬</Unicode>
                </TextEquiv>
            </TextLine>
            <TextLine id="r2l20" custom="readingOrder {index:18;}">
                <Coords points="244,1042 962,1045 962,1002 882,994 244,1005"/>
                <Baseline points="249,1034 284,1034 319,1034 355,1035 390,1035 426,1035 461,1035 496,1035 532,1035 567,1035 603,1035 638,1034 673,1034 709,1034 744,1034 780,1034 815,1034 850,1034 886,1034 921,1034 957,1034"/>
                <TextEquiv>
                    <Unicode>ni assentire sine euidentia: quia actus assenti¬</Unicode>
                </TextEquiv>
            </TextLine>
            <TextLine id="r2l21" custom="readingOrder {index:19;}">
                <Coords points="246,1086 877,1098 962,1083 962,1048 246,1052"/>
                <Baseline points="251,1079 286,1079 321,1079 356,1079 392,1079 427,1079 462,1080 498,1080 533,1080 568,1080 604,1080 639,1080 674,1080 709,1079 745,1079 780,1079 815,1079 851,1078 886,1077 921,1077 957,1076"/>
                <TextEquiv>
                    <Unicode>endi et euidentia in tali actu non distinguntur</Unicode>
                </TextEquiv>
            </TextLine>
            <TextLine id="r2l22" custom="readingOrder {index:20;}">
                <Coords points="259,1133 962,1137 962,1083 259,1093"/>
                <Baseline points="264,1121 298,1121 333,1121 367,1122 402,1122 437,1122 471,1122 506,1124 541,1124 575,1124 610,1124 645,1125 679,1125 714,1125 749,1125 783,1125 818,1124 853,1124 887,1122 922,1121 957,1119"/>
                <TextEquiv>
                    <Unicode>vt patet intuenti. Respondeo quod assensus non</Unicode>
                </TextEquiv>
            </TextLine>
            <TextLine id="r2l23" custom="readingOrder {index:21;}">
                <Coords points="249,1174 958,1181 958,1135 896,1127 249,1133"/>
                <Baseline points="254,1166 290,1166 327,1166 364,1166 401,1166 437,1166 474,1166 511,1166 548,1166 585,1166 621,1167 658,1167 695,1167 732,1167 769,1167 805,1167 842,1166 879,1166 916,1166 953,1166"/>
                <TextEquiv>
                    <Unicode>distinguitur ab euidentia in actu quando sunt</Unicode>
                </TextEquiv>
            </TextLine>
            <TextLine id="r2l24" custom="readingOrder {index:22;}">
                <Coords points="243,1219 934,1226 953,1177 243,1181"/>
                <Baseline points="248,1211 283,1211 318,1211 353,1211 388,1211 423,1211 458,1211 493,1211 528,1211 563,1211 598,1211 633,1211 668,1212 703,1212 738,1211 773,1211 808,1211 843,1211 878,1209 913,1209 948,1208"/>
                <TextEquiv>
                    <Unicode>respectu eiusdem obiecti euidenter cogniti: quia</Unicode>
                </TextEquiv>
            </TextLine>
            <TextLine id="r2l25" custom="readingOrder {index:23;}">
                <Coords points="246,1270 923,1267 958,1264 958,1216 919,1233 246,1217"/>
                <Baseline points="251,1256 286,1254 321,1254 356,1254 391,1254 426,1254 461,1254 496,1254 531,1254 566,1256 602,1256 637,1256 672,1256 707,1256 742,1256 777,1256 812,1256 847,1255 882,1254 917,1253 953,1253"/>
                <TextEquiv>
                    <Unicode>proprie loquendo de noticia euidenti non est</Unicode>
                </TextEquiv>
            </TextLine>
            <TextLine id="r2l26" custom="readingOrder {index:24;}">
                <Coords points="255,1305 961,1306 961,1268 895,1260 664,1279 509,1259 255,1268"/>
                <Baseline points="260,1298 294,1298 329,1298 364,1298 399,1298 434,1298 468,1299 503,1299 538,1299 573,1299 608,1299 642,1299 677,1299 712,1299 747,1299 782,1299 816,1299 851,1298 886,1298 921,1297 956,1295"/>
                <TextEquiv>
                    <Unicode>nisi noticia causata aliquo predictorum trium mo¬</Unicode>
                </TextEquiv>
            </TextLine>
            <TextLine id="r2l27" custom="readingOrder {index:25;}">
                <Coords points="243,1352 956,1353 956,1314 929,1307 243,1306"/>
                <Baseline points="248,1341 283,1341 318,1343 353,1343 388,1343 423,1343 458,1343 494,1343 529,1343 564,1343 599,1344 634,1344 669,1344 704,1344 740,1344 775,1344 810,1344 845,1344 880,1343 915,1343 951,1343"/>
                <TextEquiv>
                    <Unicode>dorum vel ex terminis quocunque modo cogni</Unicode>
                </TextEquiv>
            </TextLine>
            <TextLine id="r2l28" custom="readingOrder {index:26;}">
                <Coords points="246,1396 962,1395 962,1355 856,1347 246,1355"/>
                <Baseline points="251,1386 286,1385 321,1385 356,1385 392,1385 427,1386 462,1386 498,1386 533,1386 568,1387 604,1388 639,1388 674,1388 709,1388 745,1388 780,1388 815,1388 851,1388 886,1386 921,1386 957,1385"/>
                <TextEquiv>
                    <Unicode>tis sicut in propositione contingenti. vel ex no¬</Unicode>
                </TextEquiv>
            </TextLine>
            <TextLine id="r2l29" custom="readingOrder {index:27;}">
                <Coords points="244,1443 956,1442 950,1399 244,1399"/>
                <Baseline points="249,1430 284,1430 319,1430 354,1430 389,1430 424,1430 459,1430 494,1430 529,1430 564,1430 600,1430 635,1430 670,1430 705,1430 740,1430 775,1430 810,1430 845,1430 880,1430 915,1430 951,1430"/>
                <TextEquiv>
                    <Unicode>ticia precise premissarum euidenter notarumi</Unicode>
                </TextEquiv>
            </TextLine>
            <TextLine id="r2l30" custom="readingOrder {index:28;}">
                <Coords points="247,1483 965,1480 965,1444 902,1435 247,1444"/>
                <Baseline points="252,1473 287,1473 322,1473 358,1474 393,1475 429,1475 464,1475 499,1475 535,1476 570,1476 606,1476 641,1476 676,1476 712,1476 747,1476 783,1475 818,1475 853,1475 889,1473 924,1472 960,1472"/>
                <TextEquiv>
                    <Unicode>vel aliquo alio modo consimili. et in omnibus</Unicode>
                </TextEquiv>
            </TextLine>
            <TextLine id="r2l31" custom="readingOrder {index:29;}">
                <Coords points="249,1528 961,1527 962,1480 250,1483"/>
                <Baseline points="254,1517 289,1518 324,1518 359,1518 394,1518 429,1520 464,1520 499,1520 534,1520 569,1521 605,1521 640,1521 675,1521 710,1521 745,1521 780,1521 815,1520 850,1520 885,1520 920,1518 956,1517"/>
                <TextEquiv>
                    <Unicode>istis patet quod euidentia in actu assentiendi non</Unicode>
                </TextEquiv>
            </TextLine>
            <TextLine id="r2l32" custom="readingOrder {index:30;}">
                <Coords points="247,1567 971,1572 971,1528 945,1519 920,1536 247,1531"/>
                <Baseline points="252,1559 287,1560 323,1560 359,1560 394,1561 430,1562 466,1562 501,1563 537,1563 573,1563 609,1565 644,1565 680,1565 716,1565 751,1565 787,1565 823,1563 858,1563 894,1562 930,1560 966,1559"/>
                <TextEquiv>
                    <Unicode>distinguitur ab ipso actu: sed distinguitur si¬</Unicode>
                </TextEquiv>
            </TextLine>
            <TextLine id="r2l33" custom="readingOrder {index:31;}">
                <Coords points="261,1613 959,1615 959,1575 906,1570 261,1569"/>
                <Baseline points="266,1604 300,1604 334,1604 369,1604 403,1605 438,1605 472,1605 506,1607 541,1607 575,1607 610,1608 644,1608 678,1608 713,1608 747,1608 782,1608 816,1607 850,1607 885,1605 919,1604 954,1602"/>
                <TextEquiv>
                    <Unicode>cut superius et inferius: quia sequitur. euiden¬</Unicode>
                </TextEquiv>
            </TextLine>
            <TextLine id="r2l34" custom="readingOrder {index:32;}">
                <Coords points="255,1660 971,1658 971,1619 938,1609 743,1628 255,1618"/>
                <Baseline points="260,1646 295,1647 330,1647 365,1647 401,1647 436,1649 471,1649 507,1650 542,1650 577,1650 613,1650 648,1651 683,1652 718,1652 754,1651 789,1650 824,1650 860,1649 895,1649 930,1646 966,1646"/>
                <TextEquiv>
                    <Unicode>ter assentit: ergo assentit. sed non sequitur ecom¬</Unicode>
                </TextEquiv>
            </TextLine>
            <TextLine id="r2l35" custom="readingOrder {index:33;}">
                <Coords points="246,1700 968,1705 968,1655 246,1664"/>
                <Baseline points="251,1691 286,1691 322,1692 357,1692 393,1692 429,1692 464,1693 500,1694 535,1694 571,1694 607,1694 642,1694 678,1694 713,1694 749,1694 785,1693 820,1692 856,1692 891,1691 927,1690 963,1689"/>
                <TextEquiv>
                    <Unicode>uerso: quia aliquis potest firmiter et certitudi¬</Unicode>
                </TextEquiv>
            </TextLine>
            <TextLine id="r2l36" custom="readingOrder {index:34;}">
                <Coords points="255,1743 970,1752 952,1700 255,1706"/>
                <Baseline points="260,1736 295,1736 330,1736 365,1737 401,1737 436,1737 471,1737 506,1737 542,1737 577,1737 612,1737 647,1738 683,1739 718,1738 753,1737 788,1737 824,1737 859,1737 894,1737 929,1736 965,1736"/>
                <TextEquiv>
                    <Unicode>naliter assentire alicui complexo sine omni eui¬</Unicode>
                </TextEquiv>
            </TextLine>
            <TextLine id="r2l37" custom="readingOrder {index:35;}">
                <Coords points="249,1790 955,1786 955,1749 925,1746 249,1748"/>
                <Baseline points="254,1781 288,1781 323,1781 358,1781 393,1781 428,1781 462,1781 497,1782 532,1782 567,1782 602,1782 636,1782 671,1782 706,1782 741,1782 776,1781 810,1781 845,1781 880,1779 915,1779 950,1778"/>
                <TextEquiv>
                    <Unicode>dentia. verbi gratia. aliquis scit aliquam con</Unicode>
                </TextEquiv>
            </TextLine>
            <TextLine id="r2l38" custom="readingOrder {index:36;}">
                <Coords points="255,1839 952,1833 935,1784 683,1802 255,1787"/>
                <Baseline points="260,1826 294,1825 328,1824 363,1824 397,1824 431,1824 466,1824 500,1824 534,1824 569,1824 603,1826 637,1826 672,1826 706,1826 740,1826 775,1826 809,1825 843,1824 878,1823 912,1823 947,1821"/>
                <TextEquiv>
                    <Unicode>clusionem demonstrare. et per consequens ill</Unicode>
                </TextEquiv>
            </TextLine>
            <TextLine id="r2l39" custom="readingOrder {index:37;}">
                <Coords points="259,1880 965,1879 964,1836 904,1827 258,1840"/>
                <Baseline points="264,1869 298,1868 333,1868 368,1868 403,1868 438,1868 472,1868 507,1869 542,1869 577,1869 612,1869 646,1869 681,1869 716,1869 751,1869 786,1868 820,1868 855,1868 890,1866 925,1865 960,1863"/>
                <TextEquiv>
                    <Unicode>conclusioni firmiter et certitudinaliter assen¬</Unicode>
                </TextEquiv>
            </TextLine>
            <TextLine id="r2l40" custom="readingOrder {index:38;}">
                <Coords points="244,1919 974,1916 974,1881 889,1869 854,1886 244,1880"/>
                <Baseline points="249,1914 285,1914 321,1913 357,1913 393,1913 429,1913 465,1913 501,1913 537,1913 573,1913 609,1913 645,1913 681,1913 717,1913 753,1913 789,1911 825,1911 861,1911 897,1910 933,1910 969,1908"/>
                <TextEquiv>
                    <Unicode>tit. ponamus quod obliuiscatur illius demonstra¬</Unicode>
                </TextEquiv>
            </TextLine>
            <TextLine id="r2l41" custom="readingOrder {index:39;}">
                <Coords points="241,1968 961,1964 961,1929 923,1919 241,1929"/>
                <Baseline points="246,1956 281,1955 317,1955 352,1955 388,1955 423,1955 459,1956 494,1956 530,1956 565,1956 601,1956 636,1956 672,1956 707,1956 743,1956 778,1956 814,1956 849,1956 885,1956 920,1955 956,1955"/>
                <TextEquiv>
                    <Unicode>tionis: ita quod nesciat eam post demonstrare.</Unicode>
                </TextEquiv>
            </TextLine>
            <TextLine id="r2l42" custom="readingOrder {index:40;}">
                <Coords points="247,2008 962,2007 942,1960 247,1963"/>
                <Baseline points="252,2001 287,2001 322,2000 357,2000 393,2000 428,2000 463,2000 498,2000 534,2001 569,2001 604,2001 639,2001 675,2001 710,2001 745,2001 780,2000 816,2000 851,2000 886,2000 921,2000 957,1998"/>
                <TextEquiv>
                    <Unicode>iste adhuc ita firmiter assentit huic conclusio</Unicode>
                </TextEquiv>
            </TextLine>
            <TextLine id="r2l43" custom="readingOrder {index:41;}">
                <Coords points="253,2061 290,2045 932,2056 952,2051 952,2004 253,2016"/>
                <Baseline points="258,2046 292,2046 326,2045 361,2045 395,2045 430,2045 464,2045 499,2045 533,2045 568,2045 602,2045 636,2045 671,2045 705,2045 740,2045 774,2044 809,2043 843,2043 878,2043 912,2043 947,2042"/>
                <TextEquiv>
                    <Unicode>ni sicut prius: quia certitudinaliter cognoscit</Unicode>
                </TextEquiv>
            </TextLine>
            <TextLine id="r2l44" custom="readingOrder {index:42;}">
                <Coords points="255,2095 905,2102 955,2093 955,2050 255,2061"/>
                <Baseline points="260,2090 294,2090 329,2088 363,2088 398,2087 432,2087 467,2087 501,2087 536,2088 570,2088 605,2088 639,2088 674,2088 708,2090 743,2090 777,2090 812,2090 846,2090 881,2088 915,2088 950,2087"/>
                <TextEquiv>
                    <Unicode>quod sciuit demonstrare: et scit quod nihil est demodo</Unicode>
                </TextEquiv>
            </TextLine>
            <TextLine id="r2l45" custom="readingOrder {index:43;}">
                <Coords points="249,2149 962,2138 962,2104 893,2095 249,2095"/>
                <Baseline points="254,2132 289,2132 324,2132 359,2132 394,2132 429,2132 464,2132 500,2132 535,2132 570,2132 605,2133 640,2133 675,2133 710,2133 746,2133 781,2133 816,2133 851,2132 886,2132 921,2132 957,2132"/>
                <TextEquiv>
                    <Unicode>strabile nisi verum. ergo adhuc firmiter repu¬</Unicode>
                </TextEquiv>
            </TextLine>
            <TextLine id="r2l46" custom="readingOrder {index:44;}">
                <Coords points="246,2181 968,2191 968,2139 246,2148"/>
                <Baseline points="251,2178 286,2177 322,2177 357,2175 393,2175 429,2175 464,2175 500,2175 535,2175 571,2175 607,2177 642,2177 678,2177 713,2177 749,2177 785,2177 820,2177 856,2177 891,2177 927,2177 963,2175"/>
                <TextEquiv>
                    <Unicode>tat istam conclusionem veram: et sic certitudi</Unicode>
                </TextEquiv>
            </TextLine>
            <TextLine id="r2l47" custom="readingOrder {index:45;}">
                <Coords points="249,2227 897,2233 965,2220 965,2190 249,2192"/>
                <Baseline points="254,2222 289,2222 324,2220 359,2220 395,2220 430,2219 465,2219 501,2219 536,2219 571,2220 607,2220 642,2220 677,2220 712,2220 748,2220 783,2220 818,2220 854,2220 889,2219 924,2219 960,2217"/>
                <TextEquiv>
                    <Unicode>naliter illi assentit sine omni euidentia actua¬</Unicode>
                </TextEquiv>
            </TextLine>
            <TextLine id="r2l48" custom="readingOrder {index:46;}">
                <Coords points="252,2278 953,2273 953,2227 252,2232"/>
                <Baseline points="257,2267 291,2265 326,2265 360,2265 395,2265 429,2264 464,2264 498,2264 533,2264 567,2265 602,2265 637,2265 671,2265 706,2265 740,2265 775,2265 809,2265 844,2264 878,2264 913,2264 948,2262"/>
                <TextEquiv>
                    <Unicode>liter habita. ⁋ Si queras mediante quo habi</Unicode>
                </TextEquiv>
            </TextLine>
            <TextLine id="r2l49" custom="readingOrder {index:47;}">
                <Coords points="247,2317 965,2317 946,2271 247,2275"/>
                <Baseline points="252,2309 287,2309 322,2307 358,2307 393,2307 429,2307 464,2307 499,2309 535,2309 570,2309 606,2309 641,2310 676,2310 712,2310 747,2310 783,2310 818,2310 853,2310 889,2309 924,2309 960,2307"/>
                <TextEquiv>
                    <Unicode>tum sic assentit non scientia que est habitus: quia</Unicode>
                </TextEquiv>
            </TextLine>
            <TextLine id="r2l50" custom="readingOrder {index:48;}">
                <Coords points="255,2361 955,2361 955,2317 935,2314 255,2315"/>
                <Baseline points="260,2354 294,2352 329,2352 363,2352 398,2352 432,2352 467,2352 501,2352 536,2352 570,2354 605,2354 639,2354 674,2354 708,2354 743,2354 777,2354 812,2354 846,2354 881,2353 915,2352 950,2351"/>
                <TextEquiv>
                    <Unicode>ille est euidens ex obiecto. Nec aliquo predi</Unicode>
                </TextEquiv>
            </TextLine>
            <TextLine id="r2l51" custom="readingOrder {index:49;}">
                <Coords points="243,2406 959,2409 959,2365 243,2369"/>
                <Baseline points="248,2399 283,2397 318,2397 353,2397 389,2397 424,2397 459,2397 495,2397 530,2397 565,2397 601,2397 636,2397 671,2397 706,2397 742,2397 777,2397 812,2397 848,2397 883,2397 918,2396 954,2396"/>
                <TextEquiv>
                    <Unicode>ctorum modorum: nec aliquo alio vt videtur</Unicode>
                </TextEquiv>
            </TextLine>
            <TextLine id="r2l52" custom="readingOrder {index:50;}">
                <Coords points="249,2449 959,2450 959,2410 870,2404 249,2408"/>
                <Baseline points="254,2442 289,2442 324,2442 359,2442 394,2442 429,2442 464,2442 499,2442 534,2442 569,2442 604,2442 639,2442 674,2442 709,2442 744,2442 779,2442 814,2441 849,2441 884,2441 919,2441 954,2441"/>
                <TextEquiv>
                    <Unicode>ergo etc. ⁋ Respondeo quod quando sciuit eam</Unicode>
                </TextEquiv>
            </TextLine>
            <TextLine id="r2l53" custom="readingOrder {index:51;}">
                <Coords points="240,2491 962,2503 962,2458 916,2446 240,2446"/>
                <Baseline points="245,2484 280,2486 316,2486 351,2486 387,2486 423,2486 458,2486 494,2486 529,2486 565,2486 601,2486 636,2486 672,2486 707,2484 743,2484 779,2484 814,2484 850,2484 885,2484 921,2483 957,2483"/>
                <TextEquiv>
                    <Unicode>demonstrare et demonstrauit: derelinqueba¬</Unicode>
                </TextEquiv>
            </TextLine>
            <TextLine id="r2l54" custom="readingOrder {index:52;}">
                <Coords points="244,2537 962,2542 962,2503 931,2490 244,2500"/>
                <Baseline points="249,2531 284,2529 319,2529 355,2529 390,2529 426,2529 461,2529 496,2529 532,2529 567,2529 603,2529 638,2529 673,2529 709,2529 744,2529 780,2529 815,2529 850,2529 886,2528 921,2528 957,2528"/>
                <TextEquiv>
                    <Unicode>tur aliquis habitus tam respectu incomple¬</Unicode>
                </TextEquiv>
            </TextLine>
            <TextLine id="r2l55" custom="readingOrder {index:53;}">
                <Coords points="247,2581 959,2578 943,2534 247,2535"/>
                <Baseline points="252,2574 287,2574 322,2574 357,2574 392,2574 427,2574 462,2574 497,2574 532,2574 567,2574 603,2574 638,2574 673,2574 708,2574 743,2574 778,2574 813,2574 848,2573 883,2573 918,2571 954,2571"/>
                <TextEquiv>
                    <Unicode>xorum quam respectu complexorum et forte aliquis</Unicode>
                </TextEquiv>
            </TextLine>
            <TextLine id="r2l56" custom="readingOrder {index:54;}">
                <Coords points="249,2625 503,2628 560,2653 878,2629 964,2653 954,2578 249,2582"/>
                <Baseline points="254,2616 289,2618 324,2619 359,2619 395,2619 430,2619 465,2621 500,2621 536,2621 571,2619 606,2619 641,2619 677,2619 712,2619 747,2619 782,2619 818,2618 853,2618 888,2618 923,2618 959,2618"/>
                <TextEquiv>
                    <Unicode>habitus iudicatiuus quo euidenter cognoscit</Unicode>
                </TextEquiv>
            </TextLine>
            <TextEquiv>
                <Unicode>tur dicere quod aliquod tale complexum est simi
pliciter neutrum credenti quantum ad omnes mo
dos predictos. vnde ergo causabitur actus cre¬
dendi talis complexim: Respondeo quod a noticia
incomplexa terminorum et ab apprehensione com
plexa et actu volendi quo aliquis vult assenti¬
re tali complexo quantumcunque nullam euiden
tiam habeat. et quantum ad tale complexum po¬
test intelligi dictum Augustini: vbi dicit quod ce¬
tera potest homo etiam nolens: credere aut non
nisi volens. et sic patet quod actiuitas intellectus
nihil facit ad causandum primum assensum: quia
positis predictis noticiis cum actu volunta¬
tis efficaci siue intellectus agat siue non: ne¬
cessario causabitur assensus respectu illius com
plexi: et posita actiuitate intellectus sine actu
voluntatis nunquam causabitur. ⁋ Sed dubium
est quomodo potest aliquis alicui propositio¬
ni assentire sine euidentia: quia actus assenti¬
endi et euidentia in tali actu non distinguntur
vt patet intuenti. Respondeo quod assensus non
distinguitur ab euidentia in actu quando sunt
respectu eiusdem obiecti euidenter cogniti: quia
proprie loquendo de noticia euidenti non est
nisi noticia causata aliquo predictorum trium mo¬
dorum vel ex terminis quocunque modo cogni
tis sicut in propositione contingenti. vel ex no¬
ticia precise premissarum euidenter notarumi
vel aliquo alio modo consimili. et in omnibus
istis patet quod euidentia in actu assentiendi non
distinguitur ab ipso actu: sed distinguitur si¬
cut superius et inferius: quia sequitur. euiden¬
ter assentit: ergo assentit. sed non sequitur ecom¬
uerso: quia aliquis potest firmiter et certitudi¬
naliter assentire alicui complexo sine omni eui¬
dentia. verbi gratia. aliquis scit aliquam con
clusionem demonstrare. et per consequens ill
conclusioni firmiter et certitudinaliter assen¬
tit. ponamus quod obliuiscatur illius demonstra¬
tionis: ita quod nesciat eam post demonstrare.
iste adhuc ita firmiter assentit huic conclusio
ni sicut prius: quia certitudinaliter cognoscit
quod sciuit demonstrare: et scit quod nihil est demodo
strabile nisi verum. ergo adhuc firmiter repu¬
tat istam conclusionem veram: et sic certitudi
naliter illi assentit sine omni euidentia actua¬
liter habita. ⁋ Si queras mediante quo habi
tum sic assentit non scientia que est habitus: quia
ille est euidens ex obiecto. Nec aliquo predi
ctorum modorum: nec aliquo alio vt videtur
ergo etc. ⁋ Respondeo quod quando sciuit eam
demonstrare et demonstrauit: derelinqueba¬
tur aliquis habitus tam respectu incomple¬
xorum quam respectu complexorum et forte aliquis
habitus iudicatiuus quo euidenter cognoscit</Unicode>
            </TextEquiv>
        </TextRegion>
        <TextRegion orientation="0.0" id="r3" custom="readingOrder {index:1;}">
            <Coords points="1064,143 1064,2673 1791,2673 1791,143"/>
            <TextLine id="r3l2" custom="readingOrder {index:0;}">
                <Coords points="1078,252 1796,260 1790,198 1628,220 1575,195 1526,220 1408,200 1254,217 1146,180 1078,194"/>
                <Baseline points="1083,240 1118,242 1153,243 1189,244 1224,245 1260,246 1295,246 1330,246 1366,248 1401,248 1437,248 1472,248 1507,249 1543,249 1578,249 1614,249 1649,249 1684,249 1720,248 1755,248 1791,248"/>
                <TextEquiv>
                    <Unicode>se scisse demonstrare eam quando demonstrauit: et quantum¬</Unicode>
                </TextEquiv>
            </TextLine>
            <TextLine id="r3l3" custom="readingOrder {index:1;}">
                <Coords points="1078,295 1793,298 1793,256 1078,253"/>
                <Baseline points="1083,287 1118,287 1153,288 1188,288 1224,289 1259,290 1294,290 1329,291 1365,291 1400,292 1435,293 1470,293 1506,293 1541,294 1576,294 1611,294 1647,294 1682,294 1717,294 1752,293 1788,293"/>
                <TextEquiv>
                    <Unicode>cumque habitus corrumpatur principiorum veridici et</Unicode>
                </TextEquiv>
            </TextLine>
            <TextLine id="r3l4" custom="readingOrder {index:2;}">
                <Coords points="1070,335 1792,349 1793,298 1071,296"/>
                <Baseline points="1076,327 1111,329 1147,330 1182,331 1218,332 1253,333 1289,333 1324,333 1360,335 1395,335 1431,335 1467,335 1502,336 1538,336 1573,336 1609,336 1644,337 1680,338 1715,338 1751,339 1787,339"/>
                <TextEquiv>
                    <Unicode>conclusionis illius: tamen possunt manere predicti</Unicode>
                </TextEquiv>
            </TextLine>
            <TextLine id="r3l5" custom="readingOrder {index:3;}">
                <Coords points="1067,388 1758,397 1780,391 1781,344 1432,357 1068,335"/>
                <Baseline points="1073,372 1108,374 1143,374 1178,375 1213,375 1248,377 1283,377 1318,378 1353,378 1388,378 1424,380 1459,380 1494,380 1529,380 1564,380 1599,381 1634,381 1669,381 1704,381 1739,381 1775,381"/>
                <TextEquiv>
                    <Unicode>habitus apprehensiui et alius habitus quo scit</Unicode>
                </TextEquiv>
            </TextLine>
            <TextLine id="r3l6" custom="readingOrder {index:4;}">
                <Coords points="1071,427 1777,430 1777,399 1737,386 1071,385"/>
                <Baseline points="1076,417 1110,417 1145,419 1180,419 1215,419 1250,420 1284,420 1319,420 1354,421 1389,422 1424,422 1458,422 1493,422 1528,423 1563,423 1598,423 1632,423 1667,423 1702,423 1737,425 1772,425"/>
                <TextEquiv>
                    <Unicode>demonstrare eam et isti ducunt in noticiam recordat</Unicode>
                </TextEquiv>
            </TextLine>
            <TextLine id="r3l7" custom="readingOrder {index:5;}">
                <Coords points="1075,470 1783,478 1765,431 1075,431"/>
                <Baseline points="1080,461 1114,461 1149,462 1184,462 1219,462 1254,464 1289,464 1324,464 1359,465 1394,465 1429,465 1463,465 1498,467 1533,467 1568,467 1603,467 1638,467 1673,468 1708,468 1743,468 1778,468"/>
                <TextEquiv>
                    <Unicode>uam: videlicet quod ipse cognoscit se demonstrare sci¬</Unicode>
                </TextEquiv>
            </TextLine>
            <TextLine id="r3l8" custom="readingOrder {index:6;}">
                <Coords points="1071,515 1746,525 1777,520 1778,477 1382,490 1348,470 1072,468"/>
                <Baseline points="1076,504 1110,504 1145,506 1180,506 1215,506 1250,507 1284,507 1319,508 1354,509 1389,509 1424,510 1458,510 1493,510 1528,510 1563,512 1598,512 1632,512 1667,512 1702,512 1737,513 1772,513"/>
                <TextEquiv>
                    <Unicode>uisse. et ex istis causatur. actus assentiendi certitudi</Unicode>
                </TextEquiv>
            </TextLine>
            <TextLine id="r3l9" custom="readingOrder {index:7;}">
                <Coords points="1065,561 1783,568 1784,521 1066,517"/>
                <Baseline points="1071,548 1106,549 1141,549 1177,549 1212,551 1248,551 1283,551 1318,552 1354,552 1389,553 1425,554 1460,554 1495,554 1531,554 1566,555 1602,555 1637,555 1672,555 1708,555 1743,554 1779,554"/>
                <TextEquiv>
                    <Unicode>naliter respectu illius conclusionis sine eui¬</Unicode>
                </TextEquiv>
            </TextLine>
            <TextLine id="r3l10" custom="readingOrder {index:8;}">
                <Coords points="1074,599 1783,616 1784,568 1762,561 1075,556"/>
                <Baseline points="1080,593 1114,593 1149,594 1184,594 1219,594 1254,596 1289,596 1324,596 1359,596 1394,596 1429,596 1463,597 1498,597 1533,597 1568,597 1603,597 1638,599 1673,599 1708,599 1743,600 1778,600"/>
                <TextEquiv>
                    <Unicode>dentia: nec causabitur ille actus ab habitu sci</Unicode>
                </TextEquiv>
            </TextLine>
            <TextLine id="r3l11" custom="readingOrder {index:9;}">
                <Coords points="1071,648 1706,658 1783,653 1784,615 1072,609"/>
                <Baseline points="1076,636 1111,636 1146,638 1181,638 1216,638 1251,638 1286,639 1321,639 1356,639 1391,641 1427,641 1462,641 1497,641 1532,642 1567,642 1602,642 1637,642 1672,642 1707,642 1742,642 1778,642"/>
                <TextEquiv>
                    <Unicode>entie. ⁋ Ad aliud dico quod quantumcunque pona¬</Unicode>
                </TextEquiv>
            </TextLine>
            <TextLine id="r3l12" custom="readingOrder {index:10;}">
                <Coords points="1072,689 1704,705 1784,696 1785,655 1073,652"/>
                <Baseline points="1077,680 1112,681 1147,681 1182,683 1217,683 1252,683 1287,684 1322,684 1357,684 1392,684 1428,685 1463,686 1498,686 1533,686 1568,686 1603,686 1638,687 1673,687 1708,687 1743,687 1779,689"/>
                <TextEquiv>
                    <Unicode>tur intellectus actiuus non potest assignari.</Unicode>
                </TextEquiv>
            </TextLine>
            <TextLine id="r3l13" custom="readingOrder {index:11;}">
                <Coords points="1068,732 1789,742 1789,699 1749,695 1068,689"/>
                <Baseline points="1073,723 1108,725 1144,726 1179,726 1215,728 1250,728 1286,728 1321,728 1357,729 1392,729 1428,729 1464,729 1499,729 1535,729 1570,729 1606,729 1641,729 1677,729 1712,731 1748,731 1784,732"/>
                <TextEquiv>
                    <Unicode>causa quare plus cognoscit vnum obiectum</Unicode>
                </TextEquiv>
            </TextLine>
            <TextLine id="r3l14" custom="readingOrder {index:12;}">
                <Coords points="1075,783 1781,784 1781,746 1751,736 1703,752 1075,732"/>
                <Baseline points="1080,767 1114,768 1149,768 1184,770 1219,770 1254,771 1288,771 1323,771 1358,771 1393,773 1428,773 1462,773 1497,773 1532,773 1567,773 1602,774 1636,774 1671,774 1706,774 1741,776 1776,776"/>
                <TextEquiv>
                    <Unicode>habitualiter notum quod aliud: quia solum esset</Unicode>
                </TextEquiv>
            </TextLine>
            <TextLine id="r3l15" custom="readingOrder {index:13;}">
                <Coords points="1072,823 1784,829 1778,783 1072,783"/>
                <Baseline points="1077,812 1112,812 1147,813 1182,813 1217,814 1252,815 1287,815 1322,816 1357,816 1392,816 1428,818 1463,818 1498,818 1533,818 1568,819 1603,819 1638,819 1673,819 1708,819 1743,819 1779,819"/>
                <TextEquiv>
                    <Unicode>naturaliter actiuus: et sic equaliter quantum ex</Unicode>
                </TextEquiv>
            </TextLine>
            <TextLine id="r3l16" custom="readingOrder {index:14;}">
                <Coords points="1078,871 1755,878 1778,872 1779,829 1079,827"/>
                <Baseline points="1083,858 1117,858 1152,858 1186,858 1221,858 1255,858 1290,858 1324,860 1359,860 1393,860 1428,861 1462,861 1497,861 1531,863 1566,863 1600,863 1635,863 1669,863 1704,863 1738,863 1773,863"/>
                <TextEquiv>
                    <Unicode>parte sua est: cognoscit omne obiectum habi¬</Unicode>
                </TextEquiv>
            </TextLine>
            <TextLine id="r3l17" custom="readingOrder {index:15;}">
                <Coords points="1075,908 1786,923 1769,872 1076,871"/>
                <Baseline points="1080,899 1115,899 1150,900 1185,901 1220,902 1255,902 1290,903 1325,903 1360,903 1395,905 1430,905 1465,905 1500,905 1535,906 1570,906 1605,906 1640,906 1675,906 1710,906 1745,906 1781,906"/>
                <TextEquiv>
                    <Unicode>tualiter notum. ideo dico quod actus voluntatis</Unicode>
                </TextEquiv>
            </TextLine>
            <TextLine id="r3l18" custom="readingOrder {index:16;}">
                <Coords points="1072,959 1773,965 1791,922 1073,917"/>
                <Baseline points="1077,944 1112,945 1147,945 1183,947 1218,947 1254,947 1289,948 1324,948 1360,948 1395,950 1431,950 1466,950 1501,950 1537,950 1572,951 1608,951 1643,951 1678,951 1714,951 1749,950 1785,950"/>
                <TextEquiv>
                    <Unicode>est causa immediata quare plus cognoscitur</Unicode>
                </TextEquiv>
            </TextLine>
            <TextLine id="r3l19" custom="readingOrder {index:17;}">
                <Coords points="1078,1002 1783,1005 1783,963 1734,957 1078,960"/>
                <Baseline points="1083,989 1117,989 1152,989 1187,990 1222,990 1256,990 1291,990 1326,992 1361,992 1395,992 1430,992 1465,993 1500,993 1534,993 1569,994 1604,995 1639,995 1673,995 1708,995 1743,996 1778,996"/>
                <TextEquiv>
                    <Unicode>vnum tale obiectum et non aliud: quia scilicet</Unicode>
                </TextEquiv>
            </TextLine>
            <TextLine id="r3l20" custom="readingOrder {index:18;}">
                <Coords points="1077,1041 1777,1045 1777,1007 1703,1001 1077,1002"/>
                <Baseline points="1082,1032 1116,1034 1151,1034 1185,1034 1220,1034 1254,1035 1289,1035 1323,1035 1358,1037 1392,1037 1427,1037 1461,1037 1496,1038 1530,1038 1565,1038 1599,1038 1634,1038 1668,1038 1703,1038 1737,1038 1772,1038"/>
                <TextEquiv>
                    <Unicode>voluntas vult vnum cognosci et non aliud. et</Unicode>
                </TextEquiv>
            </TextLine>
            <TextLine id="r3l21" custom="readingOrder {index:19;}">
                <Coords points="1071,1094 1770,1094 1783,1044 1071,1046"/>
                <Baseline points="1076,1079 1111,1079 1146,1078 1181,1077 1216,1077 1251,1077 1286,1079 1321,1079 1356,1080 1391,1080 1427,1080 1462,1082 1497,1082 1532,1083 1567,1083 1602,1083 1637,1083 1672,1083 1707,1083 1742,1082 1778,1082"/>
                <TextEquiv>
                    <Unicode>posita ista volitione cum habitu inclinante si</Unicode>
                </TextEquiv>
            </TextLine>
            <TextLine id="r3l22" custom="readingOrder {index:20;}">
                <Coords points="1068,1126 1717,1145 1783,1141 1784,1094 1068,1094"/>
                <Baseline points="1073,1122 1108,1121 1143,1121 1178,1121 1214,1121 1249,1121 1284,1121 1319,1122 1355,1122 1390,1122 1425,1124 1460,1124 1496,1124 1531,1125 1566,1125 1601,1125 1637,1127 1672,1127 1707,1127 1742,1125 1778,1125"/>
                <TextEquiv>
                    <Unicode>ne actiuitate intellectus causabitur intelle¬</Unicode>
                </TextEquiv>
            </TextLine>
            <TextLine id="r3l23" custom="readingOrder {index:21;}">
                <Coords points="1077,1172 1783,1187 1783,1142 1745,1134 1077,1135"/>
                <Baseline points="1082,1164 1116,1164 1151,1164 1186,1164 1221,1164 1256,1164 1290,1164 1325,1166 1360,1166 1395,1166 1430,1167 1464,1167 1499,1169 1534,1169 1569,1169 1604,1170 1638,1170 1673,1170 1708,1169 1743,1169 1778,1167"/>
                <TextEquiv>
                    <Unicode>ctio illius obiecti. et posita actiuitate intelle¬</Unicode>
                </TextEquiv>
            </TextLine>
            <TextLine id="r3l24" custom="readingOrder {index:22;}">
                <Coords points="1066,1216 1790,1226 1790,1184 1700,1177 1066,1181"/>
                <Baseline points="1071,1209 1106,1208 1142,1208 1178,1208 1213,1208 1249,1208 1285,1208 1320,1209 1356,1209 1392,1209 1428,1209 1463,1211 1499,1211 1535,1211 1570,1212 1606,1212 1642,1212 1677,1214 1713,1214 1749,1214 1785,1214"/>
                <TextEquiv>
                    <Unicode>ctus sine actu volendi non potest sufficienter</Unicode>
                </TextEquiv>
            </TextLine>
            <TextLine id="r3l25" custom="readingOrder {index:23;}">
                <Coords points="1060,1263 1778,1271 1779,1228 1061,1227"/>
                <Baseline points="1065,1253 1100,1253 1135,1253 1171,1253 1206,1253 1242,1253 1277,1253 1312,1253 1348,1254 1383,1254 1419,1254 1454,1254 1489,1256 1525,1256 1560,1256 1596,1256 1631,1256 1666,1256 1702,1257 1737,1257 1773,1256"/>
                <TextEquiv>
                    <Unicode>reddi causa predicte conclusionis: et ita est in</Unicode>
                </TextEquiv>
            </TextLine>
            <TextLine id="r3l26" custom="readingOrder {index:24;}">
                <Coords points="1069,1304 1784,1306 1772,1270 1654,1261 1069,1268"/>
                <Baseline points="1074,1295 1109,1295 1144,1296 1179,1296 1215,1298 1250,1298 1285,1298 1320,1298 1356,1298 1391,1298 1426,1298 1461,1298 1497,1298 1532,1298 1567,1298 1602,1299 1638,1299 1673,1299 1708,1299 1743,1300 1779,1301"/>
                <TextEquiv>
                    <Unicode>multis argumentis que probant actiuitatem</Unicode>
                </TextEquiv>
            </TextLine>
            <TextLine id="r3l27" custom="readingOrder {index:25;}">
                <Coords points="1059,1340 1107,1358 1784,1353 1784,1320 1693,1307 1059,1304"/>
                <Baseline points="1064,1338 1099,1340 1135,1340 1171,1340 1207,1341 1242,1341 1278,1341 1314,1341 1350,1343 1385,1343 1421,1343 1457,1343 1493,1343 1528,1344 1564,1344 1600,1344 1636,1344 1671,1344 1707,1344 1743,1343 1779,1343"/>
                <TextEquiv>
                    <Unicode>tam voluntatis quam intellectus: quia multa ta¬</Unicode>
                </TextEquiv>
            </TextLine>
            <TextLine id="r3l28" custom="readingOrder {index:26;}">
                <Coords points="1065,1389 1774,1403 1774,1354 1065,1347"/>
                <Baseline points="1070,1383 1106,1383 1143,1383 1180,1385 1217,1385 1253,1385 1290,1385 1327,1386 1364,1386 1401,1386 1437,1386 1474,1386 1511,1388 1548,1388 1585,1388 1621,1388 1658,1388 1695,1388 1732,1389 1769,1389"/>
                <TextEquiv>
                    <Unicode>lia sine actu voluntatis non possunt saluari</Unicode>
                </TextEquiv>
            </TextLine>
            <TextLine id="r3l29" custom="readingOrder {index:27;}">
                <Coords points="1087,1443 1761,1449 1776,1398 1088,1391"/>
                <Baseline points="1092,1427 1125,1428 1159,1428 1193,1428 1227,1428 1261,1430 1295,1430 1329,1430 1363,1430 1397,1430 1431,1431 1464,1431 1498,1431 1532,1431 1566,1431 1600,1431 1634,1431 1668,1431 1702,1431 1736,1433 1770,1433"/>
                <TextEquiv>
                    <Unicode>Per predicta potest haberi occasio responden</Unicode>
                </TextEquiv>
            </TextLine>
            <TextLine id="r3l30" custom="readingOrder {index:28;}">
                <Coords points="1071,1489 1781,1489 1781,1451 1713,1437 1071,1434"/>
                <Baseline points="1076,1473 1111,1472 1146,1472 1181,1472 1216,1472 1251,1472 1286,1472 1321,1473 1356,1473 1391,1473 1426,1473 1461,1475 1496,1475 1531,1475 1566,1476 1601,1476 1636,1476 1671,1476 1706,1476 1741,1476 1776,1475"/>
                <TextEquiv>
                    <Unicode>di ad omnia argumenta que probant actiuita¬</Unicode>
                </TextEquiv>
            </TextLine>
            <TextLine id="r3l31" custom="readingOrder {index:29;}">
                <Coords points="1065,1527 1730,1539 1783,1530 1784,1488 1066,1493"/>
                <Baseline points="1071,1517 1106,1517 1141,1517 1177,1517 1212,1517 1248,1517 1283,1517 1318,1517 1354,1518 1389,1518 1425,1520 1460,1520 1495,1520 1531,1521 1566,1521 1602,1521 1637,1521 1672,1521 1708,1521 1743,1520 1779,1520"/>
                <TextEquiv>
                    <Unicode>tem intellectus: tamen teneo oppositum pro¬</Unicode>
                </TextEquiv>
            </TextLine>
            <TextLine id="r3l32" custom="readingOrder {index:30;}">
                <Coords points="1072,1572 1768,1579 1790,1572 1790,1527 1072,1529"/>
                <Baseline points="1077,1560 1112,1560 1147,1560 1183,1560 1218,1560 1254,1560 1289,1560 1324,1562 1360,1562 1395,1562 1431,1563 1466,1564 1501,1565 1537,1565 1572,1565 1608,1566 1643,1566 1678,1566 1714,1566 1749,1565 1785,1565"/>
                <TextEquiv>
                    <Unicode>pter sanctorum auctoritates et philosophorum que non pos</Unicode>
                </TextEquiv>
            </TextLine>
            <TextLine id="r3l33" custom="readingOrder {index:31;}">
                <Coords points="1062,1616 1790,1626 1791,1576 1759,1573 1063,1571"/>
                <Baseline points="1067,1604 1102,1604 1138,1604 1174,1604 1210,1604 1246,1605 1282,1605 1318,1605 1354,1605 1390,1607 1426,1607 1461,1607 1497,1607 1533,1608 1569,1608 1605,1608 1641,1608 1677,1608 1713,1608 1749,1608 1785,1607"/>
                <TextEquiv>
                    <Unicode>sunt saluari sine actiuitate intellectus: sicut pa</Unicode>
                </TextEquiv>
            </TextLine>
            <TextLine id="r3l34" custom="readingOrder {index:32;}">
                <Coords points="1066,1653 1778,1658 1761,1616 1066,1616"/>
                <Baseline points="1071,1646 1106,1646 1141,1647 1176,1647 1211,1647 1246,1647 1281,1649 1316,1649 1351,1649 1386,1650 1422,1650 1457,1651 1492,1652 1527,1652 1562,1652 1597,1653 1632,1653 1667,1653 1702,1653 1737,1653 1773,1652"/>
                <TextEquiv>
                    <Unicode>tet de intellectu agente tertio de anima. quere in</Unicode>
                </TextEquiv>
            </TextLine>
            <TextLine id="r3l35" custom="readingOrder {index:33;}">
                <Coords points="1071,1697 1790,1711 1783,1659 1072,1654"/>
                <Baseline points="1076,1689 1111,1691 1146,1691 1182,1692 1217,1692 1253,1693 1288,1694 1324,1694 1359,1694 1395,1694 1430,1694 1465,1695 1501,1695 1536,1695 1572,1695 1607,1695 1643,1695 1678,1696 1714,1697 1749,1697 1785,1697"/>
                <TextEquiv>
                    <Unicode>hoc quomo ponit intellectum agentem. et ad </Unicode>
                </TextEquiv>
            </TextLine>
            <TextLine id="r3l36" custom="readingOrder {index:34;}">
                <Coords points="1072,1743 1515,1747 1540,1766 1585,1740 1786,1753 1786,1709 1729,1698 1588,1715 1072,1697"/>
                <Baseline points="1077,1733 1112,1733 1147,1734 1182,1736 1217,1736 1253,1737 1288,1737 1323,1737 1358,1739 1393,1739 1429,1739 1464,1739 1499,1739 1534,1739 1569,1739 1605,1739 1640,1739 1675,1739 1710,1739 1745,1739 1781,1740"/>
                <TextEquiv>
                    <Unicode>hoc etiam sunt rationes probabiles: licet non ne</Unicode>
                </TextEquiv>
            </TextLine>
            <TextLine id="line_1597928178398_1197" custom="readingOrder {index:35;}">
                <Coords points="1071,1793 1778,1804 1778,1747 1585,1740 1442,1773 1333,1744 1071,1747"/>
                <Baseline points="1076,1779 1102,1778 1128,1778 1155,1778 1181,1778 1208,1778 1234,1779 1261,1779 1287,1780 1314,1781 1340,1781 1367,1782 1569,1784 1594,1785 1620,1785 1645,1784 1671,1784 1696,1784 1722,1784 1747,1784 1773,1787"/>
                <TextEquiv>
                    <Unicode>cessario concludant. Questio. xxvi.</Unicode>
                </TextEquiv>
            </TextLine>
            <TextLine id="r3l39" custom="readingOrder {index:36;}">
                <Coords points="1267,1877 1454,1877 1498,1892 1778,1877 1778,1809 1744,1797 1541,1820 1483,1794 1365,1812 1338,1794 1267,1796"/>
                <Baseline points="1272,1863 1297,1863 1322,1863 1347,1862 1372,1862 1397,1862 1422,1862 1447,1862 1472,1862 1497,1862 1522,1862 1547,1863 1572,1863 1597,1863 1622,1863 1647,1863 1672,1863 1697,1863 1722,1863 1747,1863 1773,1863"/>
                <TextEquiv>
                    <Unicode>Trum potentie</Unicode>
                </TextEquiv>
            </TextLine>
            <TextLine id="r3l40" custom="readingOrder {index:37;}">
                <Coords points="1252,1920 1775,1922 1775,1876 1485,1890 1454,1877 1286,1884 1252,1867"/>
                <Baseline points="1257,1910 1282,1910 1308,1910 1333,1911 1359,1911 1385,1911 1410,1911 1436,1911 1462,1911 1487,1913 1513,1913 1539,1913 1564,1913 1590,1913 1616,1913 1641,1914 1667,1914 1693,1914 1718,1914 1744,1913 1770,1913"/>
                <TextEquiv>
                    <Unicode>sensitiue differat realiter ab ipsa anima</Unicode>
                </TextEquiv>
            </TextLine>
            <TextLine id="r3l42" custom="readingOrder {index:38;}">
                <Coords points="1263,1960 1488,1963 1506,1977 1541,1957 1709,1978 1777,1963 1778,1929 1731,1914 1638,1934 1607,1918 1382,1931 1264,1917"/>
                <Baseline points="1268,1956 1293,1956 1318,1955 1343,1955 1368,1955 1394,1955 1419,1955 1444,1956 1469,1956 1494,1956 1520,1956 1545,1958 1570,1958 1595,1958 1620,1958 1646,1958 1671,1959 1696,1959 1721,1958 1746,1958 1772,1958"/>
                <TextEquiv>
                    <Unicode>esitiua et inter se. quod sic probatur per philosophum</Unicode>
                </TextEquiv>
            </TextLine>
            <TextLine id="r3l43" custom="readingOrder {index:39;}">
                <Coords points="1071,2006 1784,2005 1776,1970 1071,1959"/>
                <Baseline points="1076,1998 1111,2000 1146,2000 1181,2000 1216,2000 1251,2000 1286,2000 1322,2000 1357,2000 1392,2000 1427,2000 1462,2001 1497,2001 1532,2001 1568,2001 1603,2001 1638,2001 1673,2001 1708,2001 1743,2000 1779,2000"/>
                <TextEquiv>
                    <Unicode>secundo de alcommento. xxii. rationes autem alteras esse ma</Unicode>
                </TextEquiv>
            </TextLine>
            <TextLine id="r3l44" custom="readingOrder {index:40;}">
                <Coords points="1074,2055 1754,2060 1780,2050 1781,2007 1075,2008"/>
                <Baseline points="1079,2043 1113,2043 1148,2043 1183,2043 1218,2043 1253,2043 1287,2043 1322,2044 1357,2045 1392,2045 1427,2045 1461,2045 1496,2045 1531,2045 1566,2045 1601,2045 1635,2045 1670,2045 1705,2045 1740,2043 1775,2043"/>
                <TextEquiv>
                    <Unicode>nifestum est ex eo namque quod sensitiuum et opinatiuum</Unicode>
                </TextEquiv>
            </TextLine>
            <TextLine id="r3l45" custom="readingOrder {index:41;}">
                <Coords points="1069,2095 1690,2104 1774,2094 1774,2051 1069,2052"/>
                <Baseline points="1074,2088 1108,2087 1143,2087 1178,2087 1213,2087 1247,2087 1282,2087 1317,2087 1352,2087 1386,2087 1421,2087 1456,2088 1491,2088 1525,2088 1560,2088 1595,2088 1630,2088 1664,2088 1699,2088 1734,2087 1769,2087"/>
                <TextEquiv>
                    <Unicode>alterum est. siquidem et sentire et opinari ab ipso est</Unicode>
                </TextEquiv>
            </TextLine>
            <TextLine id="r3l46" custom="readingOrder {index:42;}">
                <Coords points="1068,2136 1781,2149 1781,2094 1068,2093"/>
                <Baseline points="1073,2132 1108,2132 1143,2132 1178,2132 1213,2132 1248,2130 1283,2130 1319,2132 1354,2132 1389,2132 1424,2132 1459,2132 1494,2132 1529,2132 1565,2132 1600,2133 1635,2133 1670,2133 1705,2133 1740,2132 1776,2132"/>
                <TextEquiv>
                    <Unicode>Ad oppositum est commentator secundo de anima. commen</Unicode>
                </TextEquiv>
            </TextLine>
            <TextLine id="r3l47" custom="readingOrder {index:43;}">
                <Coords points="1062,2181 1772,2180 1772,2147 1691,2138 1062,2145"/>
                <Baseline points="1067,2175 1102,2175 1137,2174 1172,2174 1207,2174 1242,2174 1277,2174 1312,2174 1347,2174 1382,2175 1417,2175 1452,2175 1487,2175 1522,2175 1557,2177 1592,2177 1627,2177 1662,2177 1697,2177 1732,2177 1767,2177"/>
                <TextEquiv>
                    <Unicode>to. iiii. necesse est vt anima sit substantia secundum quod est forma</Unicode>
                </TextEquiv>
            </TextLine>
            <TextLine id="r3l48" custom="readingOrder {index:44;}">
                <Coords points="1075,2225 1769,2229 1769,2192 1725,2182 1075,2187"/>
                <Baseline points="1080,2219 1114,2218 1148,2217 1182,2217 1216,2217 1251,2217 1285,2217 1319,2217 1353,2217 1387,2219 1422,2219 1456,2219 1490,2219 1524,2220 1558,2220 1593,2220 1627,2220 1661,2220 1695,2220 1729,2219 1764,2219"/>
                <TextEquiv>
                    <Unicode>corporis naturalis habentis vitam secundum quod dicitur ha</Unicode>
                </TextEquiv>
            </TextLine>
            <TextLine id="r3l49" custom="readingOrder {index:45;}">
                <Coords points="1063,2272 1781,2273 1781,2232 1752,2226 1063,2227"/>
                <Baseline points="1068,2262 1103,2261 1138,2261 1174,2261 1209,2261 1245,2261 1280,2261 1315,2262 1351,2262 1386,2264 1422,2264 1457,2264 1492,2265 1528,2265 1563,2265 1599,2265 1634,2265 1669,2265 1705,2264 1740,2263 1776,2262"/>
                <TextEquiv>
                    <Unicode>bere illam formam. Item commento. xxii. vult quod sit</Unicode>
                </TextEquiv>
            </TextLine>
            <TextLine id="r3l50" custom="readingOrder {index:46;}">
                <Coords points="1068,2322 1777,2324 1777,2282 1748,2270 1068,2273"/>
                <Baseline points="1073,2307 1109,2306 1146,2306 1183,2305 1220,2304 1256,2304 1293,2306 1330,2306 1367,2306 1404,2307 1440,2307 1477,2309 1514,2309 1551,2309 1588,2309 1624,2309 1661,2308 1698,2307 1735,2306 1772,2303"/>
                <TextEquiv>
                    <Unicode>perfectio prima: et actus vite perfectio secun¬</Unicode>
                </TextEquiv>
            </TextLine>
            <TextLine id="r3l51" custom="readingOrder {index:47;}">
                <Coords points="1059,2357 1728,2364 1766,2361 1767,2318 1154,2309 1060,2331"/>
                <Baseline points="1064,2349 1098,2348 1133,2348 1168,2348 1203,2349 1238,2349 1273,2349 1307,2349 1342,2349 1377,2351 1412,2351 1447,2351 1482,2351 1517,2352 1551,2352 1586,2352 1621,2352 1656,2352 1691,2352 1726,2351 1761,2351"/>
                <TextEquiv>
                    <Unicode>da: quod non esset verum si potentia esset alia per</Unicode>
                </TextEquiv>
            </TextLine>
            <TextLine id="r3l52" custom="readingOrder {index:48;}">
                <Coords points="1060,2408 1778,2410 1778,2369 1747,2355 1454,2372 1060,2357"/>
                <Baseline points="1065,2393 1100,2393 1135,2393 1171,2394 1206,2394 1242,2394 1277,2394 1312,2394 1348,2394 1383,2394 1419,2396 1454,2396 1489,2396 1525,2396 1560,2396 1596,2396 1631,2397 1666,2397 1702,2397 1737,2397 1773,2397"/>
                <TextEquiv>
                    <Unicode>fectio media inter animam et actum. ⁋ hic dicitur quod</Unicode>
                </TextEquiv>
            </TextLine>
            <TextLine id="r3l53" custom="readingOrder {index:49;}">
                <Coords points="1068,2454 1771,2448 1771,2411 1682,2397 1566,2416 1068,2405"/>
                <Baseline points="1073,2441 1107,2439 1142,2439 1176,2438 1211,2438 1246,2438 1280,2438 1315,2438 1350,2438 1384,2438 1419,2438 1454,2439 1488,2439 1523,2439 1558,2441 1592,2441 1627,2441 1662,2441 1696,2441 1731,2441 1766,2439"/>
                <TextEquiv>
                    <Unicode>potentie sensitiue sunt accidentia et quod distinguntur reti</Unicode>
                </TextEquiv>
            </TextLine>
            <TextLine id="r3l54" custom="readingOrder {index:50;}">
                <Coords points="1075,2490 1772,2494 1756,2448 1075,2454"/>
                <Baseline points="1080,2483 1114,2483 1148,2483 1183,2483 1217,2483 1251,2483 1286,2483 1320,2483 1354,2483 1389,2483 1423,2483 1457,2484 1492,2484 1526,2484 1560,2484 1595,2484 1629,2484 1663,2484 1698,2484 1732,2483 1767,2483"/>
                <TextEquiv>
                    <Unicode>aliter ab essentia anime: non tamen sic quod sint in</Unicode>
                </TextEquiv>
            </TextLine>
            <TextLine id="r3l55" custom="readingOrder {index:51;}">
                <Coords points="1068,2534 1781,2539 1781,2499 1735,2490 1068,2495"/>
                <Baseline points="1073,2526 1108,2526 1143,2526 1178,2526 1213,2526 1248,2526 1283,2526 1319,2526 1354,2526 1389,2526 1424,2528 1459,2528 1494,2528 1529,2528 1565,2528 1600,2528 1635,2529 1670,2529 1705,2529 1740,2529 1776,2528"/>
                <TextEquiv>
                    <Unicode>anima subiectiue: sed sunt in toto composito sub</Unicode>
                </TextEquiv>
            </TextLine>
            <TextLine id="r3l56" custom="readingOrder {index:52;}">
                <Coords points="1072,2577 1775,2576 1775,2546 1698,2537 1072,2534"/>
                <Baseline points="1077,2570 1111,2570 1146,2570 1180,2570 1215,2570 1250,2570 1284,2571 1319,2571 1354,2571 1388,2571 1423,2573 1458,2573 1492,2573 1527,2574 1562,2574 1596,2574 1631,2574 1666,2573 1700,2573 1735,2573 1770,2571"/>
                <TextEquiv>
                    <Unicode>iectiue: sed fluunt ab anima. quod probatur: quia po¬</Unicode>
                </TextEquiv>
            </TextLine>
            <TextLine id="r3l57" custom="readingOrder {index:53;}">
                <Coords points="1071,2630 1704,2618 1784,2638 1775,2570 1735,2591 1071,2577"/>
                <Baseline points="1076,2616 1111,2616 1146,2616 1181,2616 1216,2616 1251,2616 1286,2616 1322,2616 1357,2616 1392,2616 1427,2616 1462,2616 1497,2616 1532,2616 1568,2616 1603,2616 1638,2616 1673,2616 1708,2615 1743,2615 1779,2615"/>
                <TextEquiv>
                    <Unicode>tentia est secundum quam dicimur potentes aliquid</Unicode>
                </TextEquiv>
            </TextLine>
            <TextEquiv>
                <Unicode>se scisse demonstrare eam quando demonstrauit: et quantum¬
cumque habitus corrumpatur principiorum veridici et
conclusionis illius: tamen possunt manere predicti
habitus apprehensiui et alius habitus quo scit
demonstrare eam et isti ducunt in noticiam recordat
uam: videlicet quod ipse cognoscit se demonstrare sci¬
uisse. et ex istis causatur. actus assentiendi certitudi
naliter respectu illius conclusionis sine eui¬
dentia: nec causabitur ille actus ab habitu sci
entie. ⁋ Ad aliud dico quod quantumcunque pona¬
tur intellectus actiuus non potest assignari.
causa quare plus cognoscit vnum obiectum
habitualiter notum quod aliud: quia solum esset
naturaliter actiuus: et sic equaliter quantum ex
parte sua est: cognoscit omne obiectum habi¬
tualiter notum. ideo dico quod actus voluntatis
est causa immediata quare plus cognoscitur
vnum tale obiectum et non aliud: quia scilicet
voluntas vult vnum cognosci et non aliud. et
posita ista volitione cum habitu inclinante si
ne actiuitate intellectus causabitur intelle¬
ctio illius obiecti. et posita actiuitate intelle¬
ctus sine actu volendi non potest sufficienter
reddi causa predicte conclusionis: et ita est in
multis argumentis que probant actiuitatem
tam voluntatis quam intellectus: quia multa ta¬
lia sine actu voluntatis non possunt saluari
Per predicta potest haberi occasio responden
di ad omnia argumenta que probant actiuita¬
tem intellectus: tamen teneo oppositum pro¬
pter sanctorum auctoritates et philosophorum que non pos
sunt saluari sine actiuitate intellectus: sicut pa
tet de intellectu agente tertio de anima. quere in
hoc quomo ponit intellectum agentem. et ad 
hoc etiam sunt rationes probabiles: licet non ne
cessario concludant. Questio. xxvi.
Trum potentie
sensitiue differat realiter ab ipsa anima
esitiua et inter se. quod sic probatur per philosophum
secundo de alcommento. xxii. rationes autem alteras esse ma
nifestum est ex eo namque quod sensitiuum et opinatiuum
alterum est. siquidem et sentire et opinari ab ipso est
Ad oppositum est commentator secundo de anima. commen
to. iiii. necesse est vt anima sit substantia secundum quod est forma
corporis naturalis habentis vitam secundum quod dicitur ha
bere illam formam. Item commento. xxii. vult quod sit
perfectio prima: et actus vite perfectio secun¬
da: quod non esset verum si potentia esset alia per
fectio media inter animam et actum. ⁋ hic dicitur quod
potentie sensitiue sunt accidentia et quod distinguntur reti
aliter ab essentia anime: non tamen sic quod sint in
anima subiectiue: sed sunt in toto composito sub
iectiue: sed fluunt ab anima. quod probatur: quia po¬
tentia est secundum quam dicimur potentes aliquid</Unicode>
            </TextEquiv>
        </TextRegion>
    </Page>
</PcGts>
