2178 3043
450 183 1159 262 et tamen descendens ab eo propter nullius causa
443 249 1153 305 rentiam est indignus: quia non habet illam iusti¬
453 294 1158 350 ciam quam habuit pater suus quando fuit acce¬
450 334 1159 396 ptus. nec tenetur aliam habere: quia pater nul
447 377 1159 434 lam habuit: nec tenebatur habere: ergo nec ipse
450 419 1154 482 et per consequens peceatum originale nihil di¬
454 470 1154 519 ceret nisi non acceptationem diuinam propter
446 507 1162 566 aliquod demeritum precedens in alio. hoc etiam
440 551 1157 619 patet: quia aliquis potest esse in peccato actuali sine
457 599 1156 653 omi carentia cuiuscunque quod debet habere
455 635 1166 702 pro tunc: patet de dormiente. Et hoc pone¬
451 681 1162 737 rem de peccato originali de facto: nisi essent
452 731 1147 786 auctoritates sanctorum que videntur dicere quod
452 766 1157 829 originale peccatum est carentia iusticie debite inesse
449 813 1165 879 ⁋ Sed dubium est vtrum deus posset accepta
447 862 1150 918 re primo aliquem existentem in puris naturalibus
451 912 1153 959 tanquam dignum vita eterna: et post euudem sine om
445 951 1156 1005 ni demerito sui reprobare: ⁋ Respondeo quod sic
444 993 1141 1052 quia non includit contradictione quod sic fiat.
492 1032 1157 1091 Si dicas quod tunc erit transitus de contra¬
444 1076 1153 1134 dictorio in contradictorium sine aliqua mutati
454 1125 1159 1181 one. ⁋ Respondeo quod hoc est possibile aliquan¬
460 1163 1159 1223 do: quoniam illa regula habet instantiam sicut se
456 1215 1162 1272 pe dictum est: et est ista. Si enim nec motus nec
444 1261 1169 1305 mutatio nec tempus esset: sed solus deus: et cre¬
448 1301 1165 1353 aret vnum angelum: tunc in principio quando
447 1341 1156 1405 angelus creatur verum est dicere: Angelus cre
445 1388 1160 1447 atur: et post non est verum dicere angelus crea¬
451 1436 1169 1482 tur: quia creatio dicit causam creantem et effe
454 1475 1165 1532 ctum creatum: et connotat negationem immediate
453 1525 1165 1580 precedentem: Et ideo quando angelus primum cre
450 1564 1169 1621 atur: est verum dicere quod creatur: quia tunc nega¬
460 1616 1163 1664 tio connotata per creationem immediate prece
454 1651 1159 1705 dit: sed post non est hoc verum dicere: quia tunc
457 1697 1165 1743 negatio non immediate precessit. et hic est trans
456 1739 1162 1795 itus de contradictorio in contradictorium: quia
468 1782 1167 1835 creari aliquem et eundem non creari contradi
450 1822 1174 1872 cunt. et tunc nulla est hic nec in angelo nec in
451 1870 1166 1924 aliquo alio actualis mutatio. Et ista instantia
462 1913 1174 1966 vera est. Et eodem modo est in proposito: si deus
458 1954 1166 2013 primo istum angelum sic creatum acceptaret: et
468 2000 1174 2054 post eundem sine omni demerito sui vel alteri¬
465 2043 1172 2099 us reprobaret: iste esset acceptus et non acce¬
465 2082 1178 2141 ptus sine omnimutatione actuali: sed non sine
468 2130 1166 2185 omni mutatione potentiali saltem in alio: quia
466 2171 1181 2224 sifuisset aliqua successio in angelo vel in alio:
462 2223 1169 2265 tunc extrema vnius contradictionis vel alte¬
465 2264 1165 2311 rius: non possent vni parti illius successionis
471 2310 1174 2355 coexistere: sed necessario vnum extremum coexi
466 2351 1178 2403 steret vni parti successionis: et aliud extremum
465 2398 1175 2442 alteri parti. et tunc fuisset vere mutatus in se
468 2439 1168 2483 vel in alio. ⁋ Et in hoc clauduntur questiones
468 2479 871 2530 super secundum sententiarum.
