2258 3054
403 184 1121 253 luminis. et nihil tale competit anime christi vnite quin
398 244 1120 304 potest competere per potentiam dei absolutam alteri
409 286 1102 338 nime non vnite. Item substantia completa in genere sub
405 330 1105 384 stantie per se habet quod sit subsistens: ergo non potest sibi
406 373 1124 425 auferti subsistentia per aliquod accidens absolutum
409 422 1116 469 ita quod per illud fiat non subsistens per se: sed depen¬
395 456 1123 518 dens ad aliud suppositum. Cum igitur natura hu
411 512 1120 564 mana sine omni accidente sit huiusmodi nullo modo
408 550 1118 605 potest dependere: ad verbum per accidens ab¬
407 590 1118 650 solutum. Item deus potest deponere naturam assum¬
407 639 1115 698 ptam non corrumpendo aliquod absolutum in natura
408 684 1111 743 qui hoc non includit aliquam contradictionem: sed
405 726 1112 777 non potest dimittere naturam humanam non destruen¬
411 771 1120 822 do vnionem: ergo vnio non est aliquid absolutum.
405 813 1127 866 ⁋ Ideo dico quod vnio illa est respectus realis. rea¬
405 861 1114 916 liter differens ab extremis. Et fundatur in natu
405 900 1129 954 ra humana et non diuina: quia sola natura huma¬
406 947 1133 996 na est imperfecta et capax illius et non diuina.
418 989 1121 1042 Nec est ymaginandum quod illa vnio sit quoddam
417 1038 1130 1087 vinculum ligans naturam humanam cum diuina. et
417 1083 1127 1129 ecouerso: sed est illud quo extrema formaliter
419 1122 1129 1178 et denominatiue dicuntur vnita: sicut aliquid deno¬
417 1161 1135 1217 minatur album ab albedine: ita aliquid dicitur alteri
412 1219 1121 1261 vnitum vnione ⁋ Quinto dico quod naturam huma¬
405 1253 1127 1303 nam assumi in vnitate persone diuine potest intel¬
408 1296 1133 1349 ligi dupliciter. vno modo quod natura humana
402 1339 1126 1392 fiat vna personam cum personam christi et siat persona
414 1388 1130 1439 cprsi. et sic iste intellectus est falsus: quia sibi plus
402 1428 1132 1496 repugnat quod fiat persona christi quam quod fiat asinus.
421 1470 1134 1521 Alio modo potest intelligi quod natura humana
421 1514 1133 1573 sustentificatur a persona diuina. et sic iste intel¬
411 1558 1120 1611 lectus verus est: quia natura illa non subsistit in
407 1600 1135 1665 proprio supposito: sed sustentificatur a verbo
421 1650 1138 1700 modo quo accidens sustentificatur a suo subie
418 1694 1130 1741 cto. ⁋ hiis visis circa istam questionem sunt tria
422 1735 1132 1782 facienda primo videndum est. Utrum sit possibile
424 1778 1136 1825 illam naturam. vniri. Secundo vtrum potest vniri si¬
432 1826 1151 1872 io. Tertio vtrum naturam vnitam potest alia per¬
429 1867 1144 1923 sona sibi vnire. ⁋ Circa primum sciendum quod licet
423 1912 1132 1958 vnio non potest demonstrari: sed solum fide tene
420 1959 1141 2003 tur. tamen ad intelligendum istam vnionem possu
423 1996 1132 2056 mus manuduci per aliam vnionem puta materie
429 2041 1132 2088 et forme substantie et accidentis. nam in vnione
432 2080 1132 2134 materie cum forma. materia et forma remanent
427 2130 1135 2179 distincta secundum suas entitates sicut prius patuit
433 2170 1141 2227 et hoc non obstante propter vnionem vnius ad
430 2211 1145 2270 alterum materia denominatur a proprietatibus for¬
427 2267 1151 2314 me: et econuerso. et ita in proposito natura huma¬
439 2302 1145 2355 na et diuina remanent distincta post vnionem
427 2349 1145 2399 sicut antte: nec faciunt per se vnum sicut materia
426 2389 1145 2450 et forma: sed potius quasi vnum per accidens si¬
441 2444 1162 2486 cut substantia et accidens: licet non ita vere: quia non di
438 2475 1150 2535 cunt res diuersorum generum et non obstante tali disti¬
430 2528 1147 2573 ctione inter naturas nihilominus communicant sibi mu¬
423 2567 1166 2644 tuo proprietates. suas per praedicationem in concreto:
1236 170 1936 245 sicut hec filius dei est incarnatus: mortuus: et
1239 238 1940 286 passus. et similiter homo creauit stellas sic. ergo vnio ma¬
1231 286 1945 332 terie et forme subiecstantie et accidentis est possibilis
1226 333 1930 376 ita ista vnio in proposito. ⁋ Circa secundum est vna
1223 372 1949 423 opinio quae ponit tria ⁋ Primo ad hoc quod vniatur na¬
1224 410 1946 462 tura humana verbo praexigitur vnio nature ad esses
1226 454 1937 509 tiam diuinam. Secundo oret quod natura vniatur ad aliquod
1227 503 1942 555 proprium supposito diuino. Tertio ostendit ex hoc
1230 545 1939 598 quo potest esse vnio ad vnam personam et non ad aliam.
1221 586 1943 648 ⁋ Primum probatur sic. illud est ratio formalis termi¬
1225 631 1939 680 nadi aliquam dependentiam: quod est ratio formalis sub
1229 672 1945 724 sistendi. quia nihil primo determinat dependentiam ali
1218 716 1951 781 cuius nisi quod est independens cuiusmodi est ratio for
1230 759 1948 810 malis subsistendi: sed persona diuina subsistit ratione
1228 802 1947 852 essentie. ita quod essentia est ratio formalis subsistendi
1224 853 1934 903 supposito diuino. ergo essentia diuina est primo rati
1228 895 1949 940 terminandi istam vnionem. ⁋ Secundum probatur. tum quia
1233 936 1955 985 ista vnio est aliquid incommunicabiliter existens in ratione in¬
1232 981 1953 1049 communicabilitatis ⁋ huiusmodi autem est proprietas persone
1228 1023 1955 1075 non essentie. tum quia quod competit persone diuine ratione
1236 1065 1961 1125 essentie simul competit equaliter omnibus personis. et per
1230 1113 1955 1170 consequens nisi ista vnio terminetur ad aliquod proprium sup¬
1242 1156 1946 1211 posito cuilibet persone esset equaliter ista natura
1238 1203 1969 1251 vnita: quod sfiltum est ⁋ Tertium ostendit. quia vnionem na¬
1230 1242 1964 1296 ture ad vnam persona et non ad aliam non impedit nisi
1242 1287 1966 1336 habitudo personarum adinuicem vel vnitas essentie
1239 1336 1960 1388 in tribus. sed primum non impedit cum persone non obstam
1237 1377 1954 1426 te habitudine sint distincte realiter. nec secundum: quia
1242 1419 1954 1470 sicut non oportet quod quecumque persona in qua est essentia filii
1236 1461 1957 1522 quod filius sit. ita non oportet quod quaecunque natura vniatur
1245 1499 1973 1557 essentie in filio. si hec vniatur proprietati personali fi
1248 1547 1961 1607 lii quod vniatur alteri persone nisi esset vnio nature prae¬
1246 1600 1958 1647 cise ad essentiam et non ad aliam proprietatem. Contra
1255 1642 1969 1688 istam opinionem. Primo contra hc quod ponit vnam vnio¬
1243 1682 1979 1738 nem nature ad esentiam diuinam. quia quicqud primo con
1236 1724 1972 1784 uenit essentie diuine et non repugnat alicui perso¬
1245 1773 1964 1823 ne conuenit omnibus personis. sed terminare vnione praie¬
1248 1813 1963 1870 dictam non repugnat alicui persone et conuenit primo
1241 1855 1979 1913 essentie per te. ergo quaelibet persona est vnita: quod est he¬
1242 1902 1971 1950 reticum. ⁋ Ite quando sunt due vniones distincte rea¬
1243 1942 1967 1994 liter. vna potest esse sine alia et econuerso. sed vnio
1248 1989 1966 2038 nature ad essentiam et ad proprietatem filii sunt di
1242 2036 1970 2087 stincte realiter. tum quia vna est prior altera. ergo vna
1251 2075 1979 2132 potest esse sine alia et econuerso. sed posita secunda si¬
1242 2126 1979 2172 ne prima: ita dicetur tunc filius incarnatus et omnia quae di¬
1242 2160 1966 2223 cuntur hic de natura humana in christo sicut dicerentur
1257 2204 1970 2266 non ponendo illas duas vniones. ergo vna superfluit
1245 2257 1975 2305 qui prima sola sufficit ⁋ Item ipse ondit quod vnio na
1248 2296 1979 2351 ture potest esse ad esentia non ad personam. quia vnio ad
1258 2343 1970 2397 prius potest esse sine vnione ad posterius. sed vnio na¬
1260 2386 1966 2434 ture ad essentiam est vnio ad prius. et vnio nature
1261 2431 1978 2483 ad proprietatem est ad posterius natura. quia essentia
1263 2476 1975 2525 diuina secundum eum est prior persona. ergo potest esse vnio na¬
1260 2518 1980 2565 ture ad esentiam et non ad persona. sed hoc supposito
1258 2562 1984 2620 tunc omnes denominationes quae non conueniunt filio conuenirent
