2294 3087
327 243 1047 300 distinctio inter hominem et humanitatem: et in secunda non
324 287 1037 347 ergo homo et humanitas distinguntur realiter. et per consequens homo
319 347 1038 389 addit aliquam rem vltra humanitatem et non solum ne
331 385 1034 438 gationes: cuius oppositum dicit praedicta responsio. ⁋ Iste
330 427 1022 487 negatio non potest terinare depedentiam alicuius: sed per
325 470 1037 516 sona teriat dependentiam nature ad suppositum
324 511 1040 567 ergo persona dicit aliquid praeter negationem. ⁋ Ite natu¬
320 560 1019 614 ra subsistit in supposito nihil autem sublistit in seip
325 599 1031 658 so: nec etiam in composito ex se et nunc esse ergo in negati
316 647 1022 699 one. ⁋ Item suppositum agit non natura: sed natura
321 689 1031 742 est illud quo agit suppositum: sed nulla negato a¬
316 735 1032 791 git nec aliquid compositum ex positiuo et negatiuo
318 776 1029 834 agit ratione negationis. ergo etc. ⁋ Istem contra hoc quod dicit quod per
309 823 1030 873 sona non est pars nec est nata facem vnum cum aliquo:
313 867 1028 918 qui omnia quae sunt in divinis faciunt vnum aut ergo per accidens
315 909 1024 955 aut per se. non per accidens certum est: ergo per se. ergo tres perso
316 953 1026 1005 ne faciunt vnum per se ⁋ Istem tres persone constituunt tri
309 998 1018 1060 nitatem: ergo quaelibet concurrit ad faciendum trinitatem. ergo
315 1042 1030 1085 data via tua nata illarum est persona: sed illud taimu
306 1088 1019 1143 quod constituitur ex omnibus. ⁋ Iste secundum tem paternitas et
319 1132 1012 1181 centia cum spiratione actiua constituunt personam et fa¬
313 1178 1013 1230 ciunt per se vnum: sed paternitas et esentia sunt persona
309 1215 1010 1270 ⁋ Ite contrahoc quod dicitur quod naturam. vniri ad personam non est
306 1261 1009 1315 nisi sustentari a persona verbi et personari non est ni¬
309 1305 1025 1357 si sustentari ab aliqua persona: quia tunc quaelibet natu¬
301 1351 1025 1395 ra irrationalis tam animata quam inanimata posset assu¬
310 1395 1014 1452 mi ad vnitatem persone diuine et personari a persona
312 1439 1013 1485 diuina: quia quaelibet natura creata potest sustentari ab
306 1481 1028 1527 ea. sed hoc est falsum: quia cui repugnat quod sit persona:
300 1525 1015 1581 sibi repugnat personari: sed cuilibet nature irrati
306 1568 1019 1631 onali repugnat quod sit persona: ergo ipsi repugnat per¬
295 1614 1014 1663 sonari: sed non repugnat ipsi sustentari. ergo personari.
294 1655 1008 1707 non est sustentari. ⁋ Ite conhoc quod ponitur quod vnio dicit
295 1702 1001 1748 aliquid vltra extrema vnita: quia deus potest facere ex
294 1740 1004 1796 trema vnita sine vnione: ergo potest facere personam christi
304 1784 1013 1834 sine vnione: ex quo vnio differt realiter ab extre
298 1828 1013 1880 mis ⁋ Item conclusiohoc quod ponitur vnio esse rectus: quia ista
311 1875 1004 1927 vnio fit ad hoc vt proprietates nature assumpte possunt
297 1914 1010 1969 communicari persone diine: sed illud potest facere magis aliquod
301 1964 1013 2008 absolutum cum sit maioris perfectionis quam aliquod respe
299 2007 1006 2054 ctiuum. ⁋ Ite rectus non potest teriare aliquam mutatio
303 2048 1012 2094 nem: sed quando de non vnito fit vnitum fit mutatio quae so¬
295 2091 1001 2139 lum teriatur ad vnionem. ergo vnio non est rectus. ⁋ Item
307 2139 1017 2188 prbatur quod natura non potest vniri: quia quaelibet natura in¬
298 2183 1010 2236 clinatur ad proprium suppositum. et si vniatur alteri sup¬
297 2225 999 2279 posito: tunc violenter ibi maneret: quia aliter non incli¬
303 2272 1001 2326 natur ad proprium suppositum. hoc autem quod natura violen¬
306 2313 1010 2371 ter maneret extra suppositum proprium semper videtur
297 2353 998 2412 inconueniens. ⁋ Item contra hoc quod ponitur personam teriare
307 2397 1016 2450 primo quia illud est prima ratio terminandi dependen¬
303 2444 1007 2501 tiam quod est summe independens: ergo huiusmodi est essesntia
309 2485 1007 2541 ego etc. ⁋ Istem illud quod primo terminat istam vnionem
306 2536 1012 2586 est infinitum primo: sed essentia est primo infinita et
295 2580 1012 2638 nihil aliud. ergo etc. Maior patet: quia si infinitas non
297 2617 1019 2683 sit ratio terminandi istam vnione. ergo haec potest competere
1138 248 1850 307 finito. et per consequens aliquod finitum potest sustentare illud
1138 299 1862 351 finitum. quod est falsum. ⁋ Item quod sint due vniones ad
1137 344 1841 396 essentiam modo praedicto. probatur. quia respectus est
1135 387 1850 444 alius et alius si fundamentum sit aliud et aliud vel
1132 429 1832 487 terminus. nunc autem terminus est alius et alius. quia esset
1125 473 1848 532 tia est non eadem persone. ergo etc. ⁋ Istem contrsi hoc quod dicit
1132 520 1837 571 vnam creaturam posse sustentari in tribus suppositum.
1135 566 1834 611 qui omnis natura quae potest subsistere in tribus supposi¬
1129 610 1837 655 tis est illimitata. quia propter hoc dicitur natura di¬
1119 653 1828 695 uina illimitata. quia subsistit in tribus suppositis.
1129 692 1828 746 ergo si hec natura humana subsisteret in tribus
1135 735 1823 789 suppositis esset neccessario illimitata. quod falsum est
1129 785 1831 834 ergo etc. ⁋ Istem si sic. aut illa natura assumeretur
1123 824 1840 877 ad vnione nature assumentis aut assumpte aut
1116 876 1830 926 ad vnionem persone: non nature. quia tunc natura huma
1125 913 1829 970 na fieret natura diuina. quod est selultum. nec persone. quia
1116 961 1829 1012 tunc tres persone diuine fierent vna persona humana
1117 999 1832 1049 ⁋ Istem quod essentia non potest terminare aliquomodo istam
1125 1047 1828 1105 vnione. probatur. quia quicquid non habet per se persona¬
1114 1084 1820 1138 litatem non potest dare alteri personalitate. sed essen
1123 1134 1831 1180 tia non est persona. ergo etc. ⁋ Item contra hoc quod ponitur
1117 1175 1832 1233 naturam posse dependere ad vnam personam: ita quod non
1116 1221 1831 1267 ad aliam. quia omnis dependentia reducitur ad aliquod ge
1116 1263 1837 1314 nus causae. si ergo natura dependet ad vnam personam
1118 1308 1830 1361 ita quod non ad aliam: vna persona haberet aliquam causa
1116 1349 1837 1405 litatem respectu illius nature quam non habet alia.
1111 1397 1837 1444 hoc falsum est. quia opera trinitatis sunt indiuisa.
1116 1441 1835 1491 ⁋ Item contra hoc de causis totalibus est illud quod
1122 1478 1832 1540 primo dicebatur. quia per te quaelibet effectus determinat
1116 1530 1829 1577 sibi certam causam a qua potest produci: ita quod a nulla
1129 1571 1832 1628 alia. ergo non habet duas causas totales. et per
1115 1620 1836 1664 consequens ista dicta contradicunt. ⁋ Ad primum istorum di
1129 1655 1820 1716 citur quod persona potest accipi quantum ad quid nominis vel quid
1117 1705 1822 1749 rei. primo modo est aggregatum ex positiuo et nega¬
1116 1743 1813 1801 tiuo. et sic persona non est per se in genere. quia nulli
1110 1788 1832 1846 compositum est per se in genere: cuius vna pars potest habere
1111 1833 1827 1887 alteram et suum oppositum. et nihilominus esse per se in
1117 1877 1820 1934 genere. sed eadem natura potest nunc esse persona et
1123 1924 1823 1972 post non esse persona. puta si dependeat ad aliud
1110 1967 1819 2021 suppositum alterius rationis et nihilominus manere per
1116 2004 1816 2056 se in genere. ergo illud compositum ex positiuo et negatio
1108 2047 1828 2101 non est per se in genere ⁋ Secundo modo persona est per se in
1108 2099 1822 2149 genere. quia natura illa denominata a negatione dupli
1104 2144 1829 2193 eis dependentie de qua etiam praedicatur hoc nome per¬
1111 2182 1828 2236 sona secundo modo per se. quia connotat negationem quae non est de
1108 2230 1819 2282 essentia illius nature. illa inquam natura est quid rei per
1101 2266 1814 2325 se in genere et est prima substantia etc. ⁋ Ad aliud dico quod in¬
1105 2310 1815 2369 telligendo per ista homo et humanitas aliquid quod est aliud
1119 2360 1826 2408 quod et aliud quo et quod sit distinctio in natura rei
1117 2403 1814 2459 iter quod et quo sicut alii intelligunt: si hec non est vniversali
1114 2449 1816 2494 vera homo est homo humanitate tanquam aliquo distincto
1110 2493 1819 2540 realiter ab illo pro quo subiectum supponit. sed sic habet
1112 2538 1816 2589 tantum vnam singularem veram. puta in persona christi. quia ibi
1107 2579 1811 2635 luod homo supponit pro supposito filii dei sustentantis
1108 2628 1823 2687 naturam bumanam et humanitas pro natura humana
