2272 3093
286 243 1005 309 Et quando dicis quod sibi repugnat esse persona creata
286 307 1005 357 vel increata: dico quod ita repugnatt nature humane esse
285 350 1001 397 persona increata sicut lapis vel asinus: quia sicut hoc est in¬
288 391 1004 443 possibilis lapis est persona divina etiam si esset assum¬
282 436 1001 483 pta a persona divina: ita haec est impossibilis natura hu
282 479 994 534 mana assumpta de facto est persona divina. sed solum hoc
289 527 982 578 est vera natura humana sustentificatur a persona di¬
279 565 992 618 uina: quia subsistit in persona divina: et eodem modo potest hoc
284 616 991 661 esse vera lapis sustentificatur a persona diuina si esset
282 650 994 701 assumptus sicut nunc est natura humana. et in hoc est
288 699 998 742 iferentia quia natura humana est personalis personalitate
283 741 983 795 creata quia si dimitteretur statim esset persona creata per
280 783 979 832 sonalitate propria modo praedicto: sed sic non est de natu
276 830 982 874 ra irrationali quicunque: quia si lapis assumeretur a perso¬
276 874 979 926 na et post dimitteretur non eet personatus personalita
268 916 986 960 te creata: hoc est non esset persona creata. bene tamen esset
276 959 989 1006 suppositum creatum. et quantum ad hoc est dferentia inter vnum
279 1003 989 1049 et aliud. ⁋ Ad aliud dico quod quicquid fundat vnio¬
277 1047 985 1091 nem inter verbum et naturam huanam potest dimitti et ipsa
280 1091 983 1144 vnio etiam potest corrumpi et deponi manente fundamen
268 1133 980 1179 to eius quicquid sit illud: sed tunc natura non est vnita: quia si
265 1181 977 1231 cut impossibile est et contradictio quod maneat vnio na¬
274 1223 976 1266 ture: ad verbum et quod natura non vniatur verbo: ita
273 1263 970 1315 impossibile est quod natura vniatur verbo: et tamen quod non
273 1309 977 1362 maneat vnio. ⁋ Ad aliud dico quod per nil absolutum
267 1354 977 1405 potest communicari proprietas vnius nature alteri nature
261 1400 971 1449 nisi sequatur vnio illarum adiuicem. sicut enim videmus
263 1438 986 1492 quod quantumcumque fiat approximatio aliquorum adinui
270 1483 979 1540 ce puta anime ad corpus: nisi anima sit vnita corpori non
261 1524 982 1580 propter hoc proprietates anime conueniunt corpori et non dicitur cor
277 1573 980 1619 pus intelligere sentire etc. posito etiam quod duo cor¬
270 1611 997 1663 pora animata essent in eodem loco: non tamen proprietates
280 1658 983 1710 vnius anime quae est in vno corpore conuenirent alteri corpori
270 1697 985 1747 nisi sibi vniatur: licet illa anima quantum ad propinquatatem et
261 1745 989 1799 distantiam equaliter respiciat vnum corpus et aliud. hoc
261 1786 976 1838 excepto quod animat vnum corpus et sibi vnitur et non alteri
270 1831 973 1877 ita in proposito quodcumque absolutum deus causaret in na¬
264 1878 973 1926 tura humana siue in corpore siue in anima nisi sit vnio
268 1922 971 1969 nature ad suppositum numquam possunt proprietates suppo¬
262 1966 981 2016 siti divini sibi communicari nec proprietates nature sup¬
270 2006 980 2059 posito. ⁋ Ad aliud dico quod quando rectus distiguitur re¬
262 2053 974 2104 aliter a fundamento: tunc potest terinare mutationem. patet
271 2093 968 2143 de vbi secundum alios quod terminat motum localem et ni
270 2136 980 2190 absolutum nonuum. patet etiam de materia et forma. substantia
271 2173 965 2229 et accidente: si essent primo separata et post vnita per pe
264 2226 976 2277 tentiam diuinam: quia tunc haberent solum rectantum vnionis quem
267 2266 970 2319 prius non habebant. quia omnia absoluta manent equaliter
271 2312 965 2367 nunc sicut prius. et per consequens illa mutato terinatur solum ad
267 2352 971 2408 respectum vnionis sicut est in proposito. ⁋ Ad aliud di
271 2404 970 2454 co quod licet essentia sit primo summe independens: tamen non est
270 2440 970 2496 prima ratio teriandi quia independentia non est prima reti
257 2491 974 2540 teriandi istam vnionem: quia credo quod illud quod est sim
273 2533 976 2584 plicitur dependens potest terinare dependentiam alterius
271 2580 974 2627 nature sine vnione: quia credo quod deus potest facere
265 2618 986 2692 quod vna natura creata dependeat ad aliam tamquam ad
1105 240 1800 323 naturam sustentantem siue sustentificantem. puta quod anim
1108 310 1811 361 potest terminare vnionem corporis vel lapis: quia non
1108 352 1817 403 est aliqua contradictio. et tamen omnis creatura simpliciter depen
1100 397 1813 449 det sicut vnum corpus ab alio. etiam licet essentia sit
1099 436 1802 488 prius independens alia prioritate: puta originis a
1101 487 1812 536 deo: ita in proposito. potest enim proprietas vel tota per
1096 524 1805 576 sona primo terminare istam dependentiam: et licet vtrumque
1096 571 1805 615 depedet sicut correlatiuum suo relatiuo: licet sit
1089 614 1802 670 prius independens: puta prioritate originis. ⁋ Ad
1095 658 1796 705 aliud dico quod non est inconueniens: quod aliquod finitum
1099 699 1796 751 terminet vnionem et dependentiam sicut dictum est in pri¬
1093 746 1797 799 cedenti solutione ⁋ Ad aliud dico quod quando est aliquis
1093 789 1792 829 respectus qui proprie terminatur ad aliquem terminum
1096 830 1796 879 ita quod illud quod terminat sit proprie eius terminus. tunc
1090 876 1805 924 ad multiplicationem termiorum sequitur multipli¬
1090 919 1793 965 catio respectuum. Sed quando aliquid dicitur terminare
1077 960 1802 1013 qui est idem realiter cum illo quod primo et proprie terminat
1088 1011 1799 1066 et sic secundario denominatur a respectu terminante
1084 1050 1796 1100 tunc ad multiplicationem talium terminorum non se¬
1084 1097 1800 1148 quitur multiplicatio respectuum sicut in proposito. quia
1089 1139 1789 1193 vnio nature humane primo terminatur ad totam per¬
1084 1176 1793 1226 sonam filii vel ad eius proprietatem. et ideo primo et proprie
1077 1223 1783 1270 denominatur persona filii terminans istam vnionem: se
1078 1268 1797 1318 eadem vnio numero et non alia: sicut ponit alia opi
1077 1310 1801 1363 nio prius improbata terminari potest ad essentiam di¬
1087 1352 1781 1403 uinam et potest concedi quod natura vnitur essentie diuine
1077 1404 1795 1451 qui est idem realiter cum persona. et propter istam identitatem
1086 1442 1793 1490 potest denominari terminans istam vnionem. licet impro¬
1084 1482 1790 1535 prie sicut distinctio realis patris et filii sufficit ad hoc
1083 1528 1780 1581 quod pater non denominetur terminans istam vnionem. ideo ne
1080 1572 1792 1628 sequitur. conclusio. ⁋ Ad aliud dico quod natura assumpta
1077 1614 1789 1659 non manet ibi violenter: quia non inclinatur ad oppo
1077 1660 1796 1713 situm: quod tamen requiritur ad hoc quod violentaretur. Et quando
1077 1700 1786 1760 dicit quod inclinatur ad propriam personalitatem. dico quod
1083 1747 1787 1793 omnes tales: natura creata inclinatur ad suppositu
1075 1790 1793 1838 proprium: subsistit in propria personalitate: et sustenti
1081 1835 1781 1880 ficatur sunt false de vitute serumonis. quia nunquam na¬
1077 1876 1793 1928 tura positiua inclinatur ad aliquid proprie nisi sit po
1077 1923 1778 1972 sitiuum nec subsistit nisi in positiuo nec susten¬
1081 1966 1784 2013 tificatur nisi in positiuo. Personalitas autem vltra
1075 2008 1775 2056 naturam addit solam negationem dependentie. ideo na
1071 2055 1775 2110 tura non plus inclinatur ad propriam personalitatem quae
1071 2091 1784 2153 affirmatio inclinatur ad negatione. ⁋ Ad aliud
1071 2142 1784 2194 dico quod illimitatio non facit plus quod in vna natu¬
1077 2184 1789 2236 ra numero possunt esse tres persone quam limitatio. quia sicut
1079 2227 1786 2286 potest sustineri quod in natura diuina illimitata possunt
1081 2272 1790 2325 esse tres persone. ita bene potest sustineri quod in na¬
1078 2316 1787 2363 tura humana vna numero limitata sunt tres perso¬
1077 2360 1778 2406 ne: nec potest reperiri aliqua ratio plus probans vnam parten
1080 2406 1783 2460 quam aliam. quia tamen vnum teneretur ex fide et aliud non. ideo
1074 2450 1771 2505 propter fidem non propter aliam rationem teneo primum non
1077 2493 1787 2551 secundum ⁋ Ad aliud dico quod natura humana sic assu
1065 2535 1790 2590 mitur ad vnitatem persone diuine quod non fit persona di
1083 2581 1784 2626 uina. et sicut potest sustentificari ab vna persona diui¬
1075 2626 1793 2680 na: ita a tribus: non quod tres persone fiant vna natura
