2265 3097
262 211 977 277 esset causa principalis aut secundaria non principa¬
270 272 983 324 lis. quia quando causa principalis est naturalis: totus
270 318 970 367 effectus est naturalis. si ergo habitus volunta
267 353 974 410 tis sit causa principalis etc. sequitur quod actus volun¬
256 404 968 453 tatis erit naturalis. et per consequens non erit in ptante
263 439 971 500 voluntatis. quod videtur incoueniens. nec est secundaria
265 490 968 547 qui Augustinus dicit quod gratia se habet ad voluntatem
268 525 973 586 licut sessor ad equum. ergo gratia est causa principa
255 580 982 633 lis. et per consequens alius habitus eodem modo de aliis.
270 613 982 672 qui eadem ratio est de vno et de alio. ⁋ Item si sic. tunc
259 662 968 716 habitus est potentia. quia principium diuiditur secundum philosophum
263 710 977 765 quaento metha. in potentiam actiuam et passiuam. hoc
255 758 982 809 autem falsum est. ergo etc. ⁋ Ad oppositum. omne in¬
262 798 983 854 clinans effectiue ad actum est absolutum et est acti
255 848 977 894 uum. quod non sit passiuum patet. quia potentia passiua ni¬
254 879 982 937 hil agens non est inclinatiua. Quod tale inclinatiuum
255 926 974 982 sit absolutum patet. quia. v. phisicorum dicitur quod ad aliquid
266 968 968 1022 non est principium actionis nec terminus. ⁋ hic
267 1014 962 1071 sunt duo articuli ⁋ Primus est vtrum habitus sit
261 1068 958 1112 qualitas absoluta. et dicitur hic quod habitus est quoa
255 1112 958 1161 dam respectus solum: quod probatur multiplicitur. ⁋ Ari
254 1147 956 1200 stoteles in predicamentis dicit. quod scientia est in gro
255 1189 961 1255 nere relationis: scientia est habitus. ergo etc. ⁋ Item
267 1241 970 1295 vii. phisicorum. scientia et habitus sunt adaliquid. ergo etc.
245 1279 968 1338 ⁋ Item. x. metha. habitus non est perfectior actione
264 1325 965 1384 sed actio est respectus. ergo habitus. ⁋ Iste omne
255 1380 956 1424 absolutum potest intelligi nullo alio absoluto in
252 1415 961 1471 tellecto. probatur: quia maior est dependentia acciden¬
264 1454 968 1509 tis ad formam quam absoluti ad absolutum. sed acci¬
251 1501 968 1551 dens potest intelligi non intellecta substantia. probatur: quia
267 1547 974 1600 potest videri corporaliter non visa substantia. quia quicquid ptet
267 1587 961 1641 potentia inferior et superior. sed scientia non potest intel
262 1634 962 1690 ligi sine scibili: quia non est scientia nisi aliquid est scitum
264 1674 967 1728 quia quod sit scientia in aliquo et quod nihil sciatur est impossi¬
262 1720 973 1786 bile. ⁋ Item omne absolutum potest fieri sine alio ab¬
267 1766 967 1813 soluto realiter distincto: sed scientia non potest fieri sine
258 1805 973 1860 scibili: quia non est scientia nisi aliquid est scitum. ⁋ Item
264 1856 976 1906 ad mutationem rei extra animam non sequitur neccessario
252 1895 967 1955 destructio alicuius absoluti in anima. quia licet de fa
260 1940 975 1996 cto ad mutationem rei ex sequitur destructio ali¬
255 1984 967 2039 cuius absoluti in anima. puta si obiectum extra corrum¬
267 2037 962 2084 patur notitia intuitiua intellectus de tali obie¬
256 2078 971 2126 cto corrumpitur naturaliter saltem. per potentiam tamen di¬
264 2116 974 2174 uinam potest res absoluta extra animam destrui et omne
258 2167 967 2217 absolutum in anima conseruari. sed ad mutationem rel
255 2206 965 2257 extra sequitur neccessario destructio scientie. ita quod deus
261 2254 971 2302 non potest facere quod scientia maneat re extra animam mu
252 2303 970 2349 tata. igitur etc. Assumptum patet. quia hec propositio sor¬
252 2344 977 2392 tes sedet: licet non posset sciri proprie: quia est conti¬
267 2390 970 2440 gens. tamen communiter loquendo de scientia potest sciri secundum linco
259 2426 974 2479 niensem id est poste. vbi distinguit de quadruplici
252 2469 964 2519 modo sciendi. tunc hec propositio sorte sedente me¬
252 2515 968 2565 diante cognitione intuitiua extremorum scitur euiden¬
262 2564 977 2612 ter et sorte surgente neccessario destruitur ista scientia. ita
258 2602 980 2677 quod deus non potest facere quod ita sciatur euidenter sicut
1075 206 1788 276 prius. quia hec nunc est fla. et sium non potest sciri. ergo
1078 272 1787 327 scientia non est res absoluta: sed solum respectus. ⁋ Sed
1078 312 1790 358 cundus articulus est. vtrum habitus sit causa effe¬
1078 356 1787 405 ctiua actus. et dicitur quod non. quod probatur. quia actiui¬
1077 402 1790 448 tas non attribuitur habitui nisi propter quattuor com¬
1078 445 1796 494 ditiones conuenientes habenti habitum. Quarum pri
1078 491 1790 538 ma est vt delectabiliter operemur. Secunda vt fa¬
1081 537 1786 585 ciliter operemur. Tertia vt propte operemur
1078 577 1790 622 Quarta vt ad operandum magis inclinemur.
1077 623 1784 670 Sed primum non cogit. quia delectatio consurgit ex
1078 666 1790 720 obiecto et conuenientia recipientur. sed habitus potest face
1081 711 1789 760 re conuenientiam potentie ad obiectum sine actiuita¬
1078 753 1786 802 te nihil agendo. ergo etc. Nec secundum cogit. quia diffi¬
1081 798 1786 848 cultas potentie ad operandum consurgit tantum ex in
1072 844 1790 894 dispositione potentie ad recipiendum actum sine omni
1078 890 1791 937 actiuitate. ergo etc. Nec tertium cogit. quia propti¬
1076 934 1786 981 tudo potentie prouenit ex eius dispositione. habi¬
1072 974 1790 1033 tus autem potest disponere sine omni actiuitate. igitur
1086 1017 1787 1070 etc. Nec quartum cogit: quia habitus inclinat po¬
1078 1064 1798 1112 tentiam disponendo eam ad recipiendum actum. ergo etc.
1076 1108 1806 1163 ⁋ Contra. ista per ordinem probo quod habitus sit quali
1071 1151 1796 1202 tas absoluta. quia omnes habitus sunt in eodem praedi¬
1081 1196 1787 1239 camento absoluto vel respectiuo. ergo si vnus sit ab
1081 1236 1793 1288 solutus et omnes: sed aliquis est absolutus. probatur.
1078 1284 1796 1336 qui si actus est absolutus que est generatiuus habi
1076 1325 1787 1377 tus. ergo et habitus erit. Quod autem actus sit abso
1081 1371 1793 1420 lutus probatur. quia per fidem nostra vltia operatio anime
1074 1412 1800 1472 intellectualis est absoluta. quia est nostra perfectio¬
1085 1463 1805 1511 vltima et si actus ille. igitur habitus generatus
1080 1504 1793 1552 ex tali actu. Confirmatur. quia beatitudo nostra et pre
1075 1550 1804 1596 mium quod nos pro laboribus nostris recepturi su¬
1084 1595 1805 1642 mus est quid absolutum et ponitur in anima subiectiue
1075 1636 1793 1692 aut. igitur sicut habitus aut passio consequens actum
1076 1680 1796 1729 puta delectatio. quodcunque ipsorum ponatur beatitudo
1072 1721 1790 1773 nostra habetur propositum. quia non est maior ratio quare vnum
1077 1765 1790 1815 sit absolutum quam reliquum. si enim sit actus absolutus
1069 1813 1795 1862 sicut ponitur communiter quod est tunc ille actus est gene
1081 1855 1802 1907 ratiuus habitus absoluti: si sit passio absoluta. tunc.
1084 1896 1790 1951 actus vel habitus quem consequitur erit absolutus ⁋ Si
1078 1942 1780 1987 dicis quod beatitudo est quodam coniunctio anime cum essentia
1069 1985 1777 2047 diuina quae coniunctio non est aliquid absolutum. ⁋ Contra
1069 2021 1790 2077 impossibile est transire de contradictorio in contradictorium
1081 2080 1794 2125 vbi non est motus localis: nec consurgit successio ex
1080 2114 1793 2171 sola transitione temporis: quod dico propter duas instam
1081 2161 1784 2213 tias prius factas sine mutatione illius quod transit: et
1081 2205 1789 2248 extendendo mutationem ad omnem acquisitionem et de¬
1069 2246 1790 2300 structionem. sed anima prius est non beatam et postea beatam
1075 2292 1787 2338 sine omni motu locali: saltem per potentiam diuinam. et
1078 2334 1790 2401 iste transitus non consurgit ex transitione temporis. igitur
1066 2380 1797 2437 in anima non beatam est aliqua prima mutatio. puta acquisi
1072 2430 1791 2480 tio vel deparditio: et non est acquisitio alicuius nisi
1068 2467 1787 2521 beatitudinis quae non est respectus. igitur est ibi aliquid
1072 2517 1783 2564 absolutum. ponere enim quod beatitudo nostra et premium
1065 2564 1781 2617 nostrm nobis in celo conferendum est tantum respectus est
1071 2606 1790 2667 multum vilificare beatitudinem nostram. cum igitur beatitu¬
