<?xml version="1.0" encoding="UTF-8" standalone="yes"?>
<PcGts xmlns="http://schema.primaresearch.org/PAGE/gts/pagecontent/2013-07-15" xmlns:xsi="http://www.w3.org/2001/XMLSchema-instance" xsi:schemaLocation="http://schema.primaresearch.org/PAGE/gts/pagecontent/2013-07-15 http://schema.primaresearch.org/PAGE/gts/pagecontent/2013-07-15/pagecontent.xsd">
    <Metadata>
        <Creator>prov=University of Rostock/Institute of Mathematics/CITlab|PLANET AI GmbH/Gundram Leifert/gundram.leifert@planet-ai.de:name=cod-LyXLXy-m2-withbase(htr_id=25980)::::v=2.6.6
prov=University of Rostock/Institute of Mathematics/CITlab|PLANET AI GmbH/Tobias Gruening/tobias.gruening@planet-ai.de:name=de.uros.citlab.module.baseline2polygon.B2PSeamMultiOriented:v=2.6.6
prov=University of Rostock/Institute of Mathematics/CITlab|PLANET AI GmbH/Tobias Gruening/tobias.gruening@planet-ai.de:name=/net_tf/LA73_249_0mod360.pb:de.uros.citlab.segmentation.CITlab_LA_ML:v=2.6.6
Transkribus</Creator>
        <Created>2020-08-11T01:45:56.556+02:00</Created>
        <LastChange>2020-09-05T04:44:02.946+02:00</LastChange>
        <TranskribusMetadata docId="449428" pageId="18339326" pageNr="715" tsid="39293640" status="IN_PROGRESS" userId="25065" imgUrl="https://files.transkribus.eu/Get?id=LMGGCNHDSFNJZZBDQKTPQLHT&amp;fileType=view" xmlUrl="https://files.transkribus.eu/Get?id=ZCWGAFOWLVTDMBHOQAMIVDAO" imageId="13971148"/>
    </Metadata>
    <Page imageFilename="714.jpg" imageWidth="2260" imageHeight="3095">
        <ReadingOrder>
            <OrderedGroup id="ro_1599307906487" caption="Regions reading order">
                <RegionRefIndexed index="0" regionRef="r2"/>
                <RegionRefIndexed index="1" regionRef="r3"/>
            </OrderedGroup>
        </ReadingOrder>
        <TextRegion orientation="0.0" id="r2" custom="readingOrder {index:0;}">
            <Coords points="233,186 233,2680 960,2680 960,186"/>
            <TextLine id="r2l2" custom="readingOrder {index:0;}">
                <Coords points="231,299 952,300 952,259 861,247 750,267 634,245 231,255"/>
                <Baseline points="236,293 271,293 307,293 342,291 378,291 413,291 449,291 484,291 520,291 555,290 591,290 627,290 662,290 698,290 733,290 769,291 804,291 840,291 875,291 911,292 947,293"/>
                <TextEquiv>
                    <Unicode>facit. ⁋ Sed dubium est vtrum donum sit pro¬</Unicode>
                </TextEquiv>
            </TextLine>
            <TextLine id="r2l3" custom="readingOrder {index:1;}">
                <Coords points="231,356 940,346 940,310 231,312"/>
                <Baseline points="236,339 272,339 309,339 346,339 383,338 419,338 456,338 493,338 530,338 567,338 603,338 640,338 677,338 714,338 751,336 787,336 824,336 861,336 898,335 935,335"/>
                <TextEquiv>
                    <Unicode>prium spiritussancti: et nulli alteri conueniat</Unicode>
                </TextEquiv>
            </TextLine>
            <TextLine id="r2l4" custom="readingOrder {index:2;}">
                <Coords points="241,395 927,389 944,347 241,356"/>
                <Baseline points="246,384 280,384 315,383 349,383 384,383 419,383 453,383 488,381 523,381 557,381 592,381 627,381 661,381 696,381 731,381 765,381 800,380 835,380 869,380 904,380 939,380"/>
                <TextEquiv>
                    <Unicode>⁋ Responsio. dupliciter dicitur aliquid donum. vno mo¬</Unicode>
                </TextEquiv>
            </TextLine>
            <TextLine id="r2l5" custom="readingOrder {index:3;}">
                <Coords points="244,443 943,436 943,389 244,394"/>
                <Baseline points="249,426 283,426 317,426 352,426 386,426 421,426 455,426 490,426 524,426 559,426 593,426 627,426 662,426 696,426 731,425 765,425 800,425 834,425 869,423 903,423 938,422"/>
                <TextEquiv>
                    <Unicode>do aliquid productum liberaliter et per modum liber</Unicode>
                </TextEquiv>
            </TextLine>
            <TextLine id="r2l6" custom="readingOrder {index:4;}">
                <Coords points="231,479 840,485 940,474 940,434 231,439"/>
                <Baseline points="236,470 272,470 309,470 346,470 383,470 419,471 456,471 493,471 530,471 567,470 603,470 640,470 677,470 714,470 751,470 787,468 824,468 861,468 898,467 935,467"/>
                <TextEquiv>
                    <Unicode>tatis et voluntatis. Alio modo est aliquid colla</Unicode>
                </TextEquiv>
            </TextLine>
            <TextLine id="r2l7" custom="readingOrder {index:5;}">
                <Coords points="238,522 953,520 952,476 237,478"/>
                <Baseline points="243,516 278,515 313,515 348,515 384,515 419,515 454,515 489,515 525,513 560,513 595,513 630,513 666,513 701,513 736,512 771,512 807,512 842,512 877,512 912,511 948,510"/>
                <TextEquiv>
                    <Unicode>tum vt sit existens cum aliquo et coagens vt sit in li</Unicode>
                </TextEquiv>
            </TextLine>
            <TextLine id="r2l8" custom="readingOrder {index:6;}">
                <Coords points="235,566 947,573 947,520 235,522"/>
                <Baseline points="240,557 275,558 310,558 345,558 380,558 415,558 450,558 485,558 520,558 555,558 591,558 626,558 661,557 696,557 731,557 766,557 801,557 836,557 871,555 906,555 942,555"/>
                <TextEquiv>
                    <Unicode>bertate et in possessione sua. Primo est proprium</Unicode>
                </TextEquiv>
            </TextLine>
            <TextLine id="r2l9" custom="readingOrder {index:7;}">
                <Coords points="234,615 946,608 926,564 234,566"/>
                <Baseline points="239,602 274,602 309,603 344,603 379,603 414,603 449,603 484,603 519,603 554,603 590,602 625,602 660,602 695,602 730,602 765,602 800,602 835,600 870,600 905,600 941,600"/>
                <TextEquiv>
                    <Unicode>spiritus sancti: quia producitur per modum doni et liberta</Unicode>
                </TextEquiv>
            </TextLine>
            <TextLine id="r2l10" custom="readingOrder {index:8;}">
                <Coords points="228,659 949,653 938,607 228,617"/>
                <Baseline points="233,647 268,647 304,647 339,647 375,647 410,647 446,647 481,647 517,647 552,647 588,645 624,645 659,645 695,645 730,645 766,645 801,644 837,644 872,644 908,644 944,644"/>
                <TextEquiv>
                    <Unicode>tis: et non per modum similitudinis. et hoc adducit</Unicode>
                </TextEquiv>
            </TextLine>
            <TextLine id="r2l11" custom="readingOrder {index:9;}">
                <Coords points="233,700 904,704 943,696 943,657 232,655"/>
                <Baseline points="237,690 272,690 307,690 342,689 377,689 412,689 447,689 482,689 517,689 552,689 587,689 622,689 657,689 692,689 727,689 762,689 797,689 832,689 867,689 902,687 938,687"/>
                <TextEquiv>
                    <Unicode>declaratio supra dicta quod filius dei producitur per</Unicode>
                </TextEquiv>
            </TextLine>
            <TextLine id="r2l12" custom="readingOrder {index:10;}">
                <Coords points="234,742 907,749 958,745 958,690 772,712 710,695 234,707"/>
                <Baseline points="239,734 274,734 310,734 346,734 381,734 417,734 453,734 488,734 524,734 560,734 596,734 631,734 667,734 703,732 738,732 774,732 810,732 845,732 881,732 917,731 953,731"/>
                <TextEquiv>
                    <Unicode>modum similitudinis: et spiris sanctus non. Exemplum</Unicode>
                </TextEquiv>
            </TextLine>
            <TextLine id="r2l13" custom="readingOrder {index:11;}">
                <Coords points="231,787 944,783 944,747 875,738 231,745"/>
                <Baseline points="236,777 271,777 306,777 341,777 376,777 411,777 446,777 482,777 517,777 552,777 587,777 622,777 657,777 692,777 728,777 763,776 798,776 833,776 868,776 903,774 939,774"/>
                <TextEquiv>
                    <Unicode>de intellectu et voluntate in nobis: et de obiecto</Unicode>
                </TextEquiv>
            </TextLine>
            <TextLine id="r2l14" custom="readingOrder {index:12;}">
                <Coords points="231,833 940,827 940,782 231,795"/>
                <Baseline points="236,821 272,821 309,822 346,822 383,822 419,822 456,822 493,822 530,822 567,822 603,821 640,821 677,821 714,821 751,821 787,819 824,819 861,819 898,818 935,818"/>
                <TextEquiv>
                    <Unicode>noto in intellectu nostro quod vocatur obiectum</Unicode>
                </TextEquiv>
            </TextLine>
            <TextLine id="r2l15" custom="readingOrder {index:13;}">
                <Coords points="240,879 907,882 950,869 950,831 240,834"/>
                <Baseline points="245,866 280,866 315,866 350,866 385,866 420,866 455,866 490,866 525,866 560,866 595,866 630,866 665,866 700,866 735,864 770,864 805,864 840,864 875,863 910,863 945,863"/>
                <TextEquiv>
                    <Unicode>declaratum et verbum ab aliquibus: quia ibi diffuse po</Unicode>
                </TextEquiv>
            </TextLine>
            <TextLine id="r2l16" custom="readingOrder {index:14;}">
                <Coords points="232,919 934,916 944,871 232,885"/>
                <Baseline points="237,909 272,909 307,909 342,909 377,909 412,909 447,909 482,909 517,909 552,909 588,909 623,909 658,909 693,909 728,909 763,909 798,909 833,908 868,908 903,906 939,906"/>
                <TextEquiv>
                    <Unicode>nitur: ideo dimittitur. quare ibi. Secundo modo non</Unicode>
                </TextEquiv>
            </TextLine>
            <TextLine id="r2l17" custom="readingOrder {index:15;}">
                <Coords points="240,962 941,967 941,914 240,924"/>
                <Baseline points="245,953 279,953 314,954 348,954 383,954 417,954 452,954 486,954 521,954 555,954 590,954 625,954 659,954 694,954 728,954 763,953 797,952 832,951 866,950 901,950 936,948"/>
                <TextEquiv>
                    <Unicode>est donum proprium spiritus sancti: quia sic competit tribus per</Unicode>
                </TextEquiv>
            </TextLine>
            <TextLine id="r2l18" custom="readingOrder {index:16;}">
                <Coords points="231,1008 955,1001 955,970 892,958 231,963"/>
                <Baseline points="236,995 271,996 307,996 343,998 378,998 414,998 450,998 485,998 521,999 557,999 593,998 628,998 664,998 700,998 735,997 771,996 807,996 842,995 878,995 914,993 950,992"/>
                <TextEquiv>
                    <Unicode>sonis et donis gratuitis: quia sic omnes persone</Unicode>
                </TextEquiv>
            </TextLine>
            <TextLine id="r2l19" custom="readingOrder {index:17;}">
                <Coords points="240,1052 946,1048 946,1001 240,1010"/>
                <Baseline points="245,1040 279,1040 314,1040 349,1040 384,1041 419,1041 453,1041 488,1041 523,1041 558,1040 593,1040 627,1040 662,1040 697,1040 732,1040 767,1040 801,1040 836,1038 871,1038 906,1037 941,1037"/>
                <TextEquiv>
                    <Unicode>dantur nature rationali: quia sic dari non est ni¬</Unicode>
                </TextEquiv>
            </TextLine>
            <TextLine id="r2l20" custom="readingOrder {index:18;}">
                <Coords points="232,1099 953,1095 952,1047 903,1042 231,1051"/>
                <Baseline points="237,1085 272,1085 308,1085 343,1086 379,1086 414,1086 450,1086 485,1085 521,1085 556,1085 592,1085 628,1083 663,1083 699,1083 734,1083 770,1083 805,1083 841,1083 876,1083 912,1083 948,1083"/>
                <TextEquiv>
                    <Unicode>si coagere creature rationali ad eliciendum omnem</Unicode>
                </TextEquiv>
            </TextLine>
            <TextLine id="r2l21" custom="readingOrder {index:19;}">
                <Coords points="231,1136 843,1143 949,1133 949,1092 231,1104"/>
                <Baseline points="236,1127 271,1127 306,1127 342,1128 377,1128 413,1128 448,1128 483,1128 519,1128 554,1128 590,1128 625,1128 660,1128 696,1127 731,1127 767,1127 802,1127 837,1125 873,1125 908,1124 944,1124"/>
                <TextEquiv>
                    <Unicode>actum quem vult recte elicere ad modum quo vnus</Unicode>
                </TextEquiv>
            </TextLine>
            <TextLine id="r2l22" custom="readingOrder {index:20;}">
                <Coords points="231,1176 901,1192 953,1181 953,1137 231,1143"/>
                <Baseline points="236,1170 271,1170 307,1170 342,1171 378,1172 414,1172 449,1172 485,1172 520,1172 556,1172 592,1172 627,1172 663,1172 698,1172 734,1172 770,1172 805,1172 841,1172 876,1170 912,1170 948,1169"/>
                <TextEquiv>
                    <Unicode>datur alteri: quia vult quicquid ipse vult. et prius</Unicode>
                </TextEquiv>
            </TextLine>
            <TextLine id="r2l23" custom="readingOrder {index:21;}">
                <Coords points="241,1224 952,1224 945,1180 241,1179"/>
                <Baseline points="246,1215 281,1215 316,1215 351,1215 386,1215 421,1215 456,1215 491,1215 526,1215 561,1215 596,1217 631,1217 666,1217 701,1217 736,1217 771,1215 806,1215 841,1215 876,1214 911,1212 947,1211"/>
                <TextEquiv>
                    <Unicode>forte non fuit datus: sed tres persone. et etiam</Unicode>
                </TextEquiv>
            </TextLine>
            <TextLine id="r2l24" custom="readingOrder {index:22;}">
                <Coords points="232,1270 950,1275 958,1222 232,1227"/>
                <Baseline points="237,1260 272,1260 308,1260 344,1260 380,1260 416,1260 451,1260 487,1260 523,1260 559,1260 595,1260 630,1260 666,1260 702,1260 738,1260 774,1259 809,1259 845,1258 881,1256 917,1255 953,1253"/>
                <TextEquiv>
                    <Unicode>bona gratuita conexistunt et coagunt in actio¬</Unicode>
                </TextEquiv>
            </TextLine>
            <TextLine id="r2l25" custom="readingOrder {index:23;}">
                <Coords points="231,1319 941,1310 941,1275 910,1264 731,1283 231,1271"/>
                <Baseline points="236,1302 271,1302 306,1302 341,1302 376,1302 411,1302 446,1302 481,1304 516,1304 551,1304 586,1304 621,1304 656,1305 691,1305 726,1305 761,1304 796,1304 831,1303 866,1302 901,1301 936,1299"/>
                <TextEquiv>
                    <Unicode>ne creature recte elicita. ergo etc. et sic spiritus san</Unicode>
                </TextEquiv>
            </TextLine>
            <TextLine id="r2l26" custom="readingOrder {index:24;}">
                <Coords points="237,1366 943,1353 923,1310 237,1318"/>
                <Baseline points="242,1346 276,1346 311,1347 346,1347 381,1347 416,1349 450,1349 485,1349 520,1349 555,1349 590,1349 624,1349 659,1347 694,1347 729,1347 764,1347 798,1347 833,1347 868,1346 903,1346 938,1346"/>
                <TextEquiv>
                    <Unicode>ctus ab eterno fuit donum. non quia fuit datum</Unicode>
                </TextEquiv>
            </TextLine>
            <TextLine id="r2l27" custom="readingOrder {index:25;}">
                <Coords points="244,1406 947,1397 947,1362 840,1347 719,1369 244,1361"/>
                <Baseline points="249,1392 283,1392 318,1391 352,1391 387,1391 422,1391 456,1391 491,1391 526,1392 560,1392 595,1392 630,1392 664,1392 699,1392 734,1392 768,1391 803,1391 838,1390 872,1389 907,1388 942,1386"/>
                <TextEquiv>
                    <Unicode>actu: sed quia fuit dabile secundum magistrum senten¬</Unicode>
                </TextEquiv>
            </TextLine>
            <TextLine id="r2l28" custom="readingOrder {index:26;}">
                <Coords points="243,1451 894,1453 953,1439 953,1395 243,1406"/>
                <Baseline points="248,1434 283,1434 318,1434 353,1436 388,1436 423,1436 458,1436 493,1436 528,1436 563,1437 598,1437 633,1437 668,1436 703,1436 738,1436 773,1436 808,1436 843,1435 878,1434 913,1434 948,1433"/>
                <TextEquiv>
                    <Unicode>tiarum. ⁋ Quantum ad tertium articulum dico quod non</Unicode>
                </TextEquiv>
            </TextLine>
            <TextLine id="r2l29" custom="readingOrder {index:27;}">
                <Coords points="237,1501 301,1484 928,1497 952,1485 952,1447 237,1451"/>
                <Baseline points="242,1482 277,1481 312,1481 347,1481 383,1479 418,1479 453,1479 488,1481 524,1481 559,1481 594,1481 629,1481 665,1481 700,1481 735,1481 770,1481 806,1481 841,1479 876,1479 911,1478 947,1476"/>
                <TextEquiv>
                    <Unicode>potest dari creature rationali de potentia dei</Unicode>
                </TextEquiv>
            </TextLine>
            <TextLine id="r2l30" custom="readingOrder {index:28;}">
                <Coords points="231,1530 760,1547 946,1529 946,1496 433,1502 404,1484 231,1505"/>
                <Baseline points="236,1523 271,1523 306,1524 341,1524 377,1524 412,1524 447,1524 482,1524 518,1526 553,1526 588,1526 623,1526 659,1526 694,1526 729,1524 764,1524 800,1524 835,1524 870,1523 905,1521 941,1520"/>
                <TextEquiv>
                    <Unicode>ordinata sic quod acceptetur tanquam digna vita eter</Unicode>
                </TextEquiv>
            </TextLine>
            <TextLine id="r2l31" custom="readingOrder {index:29;}">
                <Coords points="240,1577 668,1589 824,1571 869,1589 959,1571 959,1527 764,1546 240,1537"/>
                <Baseline points="245,1566 280,1566 315,1566 351,1568 386,1568 422,1568 457,1569 493,1569 528,1569 564,1569 599,1569 634,1569 670,1569 705,1569 741,1569 776,1568 812,1568 847,1568 883,1566 918,1565 954,1565"/>
                <TextEquiv>
                    <Unicode>na sine habitu caritatis. quod probatur sic: quia spi¬</Unicode>
                </TextEquiv>
            </TextLine>
            <TextLine id="r2l32" custom="readingOrder {index:30;}">
                <Coords points="241,1622 858,1628 952,1617 952,1575 241,1582"/>
                <Baseline points="246,1611 281,1610 316,1610 351,1610 386,1610 421,1611 456,1611 491,1611 526,1611 561,1611 596,1613 631,1613 666,1613 701,1613 736,1611 771,1611 806,1611 841,1610 876,1609 911,1607 947,1605"/>
                <TextEquiv>
                    <Unicode>ritussanctus non sic datur creature rationali</Unicode>
                </TextEquiv>
            </TextLine>
            <TextLine id="r2l33" custom="readingOrder {index:31;}">
                <Coords points="243,1669 867,1672 940,1658 940,1617 243,1622"/>
                <Baseline points="248,1658 282,1656 316,1656 351,1655 385,1655 419,1655 454,1655 488,1655 522,1655 557,1655 591,1656 625,1656 660,1656 694,1656 728,1656 763,1655 797,1655 831,1653 866,1652 900,1650 935,1649"/>
                <TextEquiv>
                    <Unicode>quin ipsa acceptatur a deo modo predicto: sed</Unicode>
                </TextEquiv>
            </TextLine>
            <TextLine id="r2l34" custom="readingOrder {index:32;}">
                <Coords points="234,1716 910,1714 947,1708 947,1659 234,1668"/>
                <Baseline points="239,1698 274,1698 309,1698 344,1698 379,1698 414,1698 449,1698 485,1698 520,1698 555,1698 590,1698 625,1698 660,1698 695,1698 731,1698 766,1698 801,1698 836,1698 871,1697 906,1697 942,1695"/>
                <TextEquiv>
                    <Unicode>de potentia dei ordinata non est creatura ratio</Unicode>
                </TextEquiv>
            </TextLine>
            <TextLine id="r2l35" custom="readingOrder {index:33;}">
                <Coords points="238,1757 928,1760 956,1749 956,1714 238,1716"/>
                <Baseline points="243,1742 278,1742 313,1743 349,1743 384,1743 420,1743 455,1743 490,1743 526,1743 561,1743 597,1742 632,1742 667,1742 703,1742 738,1742 774,1742 809,1742 844,1742 880,1742 915,1742 951,1742"/>
                <TextEquiv>
                    <Unicode>nalis sic accepta a deo sine caritate. maior pa</Unicode>
                </TextEquiv>
            </TextLine>
            <TextLine id="r2l36" custom="readingOrder {index:34;}">
                <Coords points="237,1797 900,1802 956,1793 956,1748 237,1758"/>
                <Baseline points="242,1787 277,1787 312,1787 348,1787 383,1787 419,1787 454,1787 490,1787 525,1787 561,1787 596,1787 631,1787 667,1787 702,1787 738,1787 773,1786 809,1785 844,1785 880,1785 915,1785 951,1785"/>
                <TextEquiv>
                    <Unicode>tet: et minor probatur. quia sicut voluntati que est</Unicode>
                </TextEquiv>
            </TextLine>
            <TextLine id="r2l37" custom="readingOrder {index:35;}">
                <Coords points="250,1843 953,1843 953,1796 250,1801"/>
                <Baseline points="255,1832 289,1832 324,1830 358,1830 393,1830 428,1830 462,1830 497,1830 532,1830 566,1830 601,1830 636,1830 670,1830 705,1832 740,1832 774,1832 809,1830 844,1830 878,1830 913,1830 948,1829"/>
                <TextEquiv>
                    <Unicode>perfectibilis naturaliter non negatur perfectio</Unicode>
                </TextEquiv>
            </TextLine>
            <TextLine id="r2l38" custom="readingOrder {index:36;}">
                <Coords points="234,1894 942,1893 950,1847 234,1848"/>
                <Baseline points="239,1877 274,1875 309,1875 344,1875 380,1874 415,1874 450,1874 486,1874 521,1874 556,1874 592,1874 627,1874 662,1874 697,1874 733,1874 768,1875 803,1875 839,1874 874,1874 909,1874 945,1874"/>
                <TextEquiv>
                    <Unicode>sua naturalis quantum ad actum primum: nec quantum</Unicode>
                </TextEquiv>
            </TextLine>
            <TextLine id="r2l39" custom="readingOrder {index:37;}">
                <Coords points="237,1929 939,1933 956,1883 237,1895"/>
                <Baseline points="242,1919 277,1919 312,1919 348,1919 383,1919 419,1919 454,1919 490,1919 525,1919 561,1919 596,1919 631,1919 667,1919 702,1919 738,1919 773,1919 809,1917 844,1917 880,1917 915,1917 951,1917"/>
                <TextEquiv>
                    <Unicode>ad actum secundum et per consequens non negatur sibi</Unicode>
                </TextEquiv>
            </TextLine>
            <TextLine id="r2l40" custom="readingOrder {index:38;}">
                <Coords points="238,1976 901,1978 955,1969 955,1928 238,1930"/>
                <Baseline points="243,1962 278,1962 313,1962 349,1962 384,1962 419,1962 455,1962 490,1962 525,1962 561,1962 596,1962 631,1962 667,1962 702,1962 737,1962 773,1962 808,1962 843,1962 879,1962 914,1961 950,1961"/>
                <TextEquiv>
                    <Unicode>habitus naturalis nec actus elicitus median</Unicode>
                </TextEquiv>
            </TextLine>
            <TextLine id="r2l41" custom="readingOrder {index:39;}">
                <Coords points="249,2024 955,2017 939,1971 249,1976"/>
                <Baseline points="254,2006 288,2006 323,2007 358,2007 393,2007 428,2007 462,2007 497,2007 532,2007 567,2006 602,2006 636,2006 671,2006 706,2006 741,2006 776,2006 810,2006 845,2006 880,2006 915,2006 950,2006"/>
                <TextEquiv>
                    <Unicode>te habitu: ita nec eidem voluntati que est perfe</Unicode>
                </TextEquiv>
            </TextLine>
            <TextLine id="r2l42" custom="readingOrder {index:40;}">
                <Coords points="237,2055 946,2062 937,2014 237,2016"/>
                <Baseline points="242,2051 278,2051 315,2049 352,2049 389,2049 425,2049 462,2049 499,2049 536,2049 573,2049 609,2050 646,2051 683,2051 720,2051 757,2051 793,2051 830,2051 867,2050 904,2049 941,2048"/>
                <TextEquiv>
                    <Unicode>ctibilis supernaturaliter negatur perfectio su</Unicode>
                </TextEquiv>
            </TextLine>
            <TextLine id="r2l43" custom="readingOrder {index:41;}">
                <Coords points="243,2109 935,2106 949,2062 243,2067"/>
                <Baseline points="248,2094 282,2094 317,2094 352,2094 387,2094 422,2094 456,2094 491,2094 526,2094 561,2094 596,2094 630,2093 665,2093 700,2093 735,2093 770,2094 804,2094 839,2094 874,2094 909,2094 944,2094"/>
                <TextEquiv>
                    <Unicode>pernaturalis. et per consequens vt sic habebit ha</Unicode>
                </TextEquiv>
            </TextLine>
            <TextLine id="r2l44" custom="readingOrder {index:42;}">
                <Coords points="243,2151 928,2153 952,2148 952,2102 243,2109"/>
                <Baseline points="248,2138 284,2138 321,2138 358,2138 395,2138 431,2138 468,2138 505,2138 542,2138 579,2138 615,2138 652,2138 689,2139 726,2139 763,2139 799,2139 836,2139 873,2139 910,2138 947,2138"/>
                <TextEquiv>
                    <Unicode>bitum supernaturalem et actum. cum igitur voluntas</Unicode>
                </TextEquiv>
            </TextLine>
            <TextLine id="r2l45" custom="readingOrder {index:43;}">
                <Coords points="250,2194 959,2199 959,2148 941,2146 250,2149"/>
                <Baseline points="255,2183 291,2181 328,2181 365,2181 402,2180 438,2180 475,2180 512,2180 549,2180 586,2181 622,2181 659,2181 696,2181 733,2181 770,2181 806,2181 843,2182 880,2183 917,2182 954,2181"/>
                <TextEquiv>
                    <Unicode>sit sic accepto a deo: sequitur quod vt sic habebit</Unicode>
                </TextEquiv>
            </TextLine>
            <TextLine id="r2l46" custom="readingOrder {index:44;}">
                <Coords points="249,2243 955,2235 955,2195 932,2189 249,2192"/>
                <Baseline points="254,2225 288,2225 323,2225 358,2225 393,2225 428,2225 462,2225 497,2225 532,2226 567,2226 602,2226 636,2226 671,2226 706,2226 741,2226 776,2226 810,2226 845,2226 880,2226 915,2225 950,2225"/>
                <TextEquiv>
                    <Unicode>talem habitum. Item si negetur talis habitus</Unicode>
                </TextEquiv>
            </TextLine>
            <TextLine id="r2l47" custom="readingOrder {index:45;}">
                <Coords points="253,2279 923,2284 959,2278 959,2234 253,2241"/>
                <Baseline points="258,2270 292,2270 327,2270 362,2270 397,2270 432,2270 466,2270 501,2270 536,2270 571,2270 606,2270 640,2270 675,2270 710,2270 745,2271 780,2271 814,2271 849,2271 884,2271 919,2270 954,2270"/>
                <TextEquiv>
                    <Unicode>aut igitur est propter perfectionem actus dilecti</Unicode>
                </TextEquiv>
            </TextLine>
            <TextLine id="r2l48" custom="readingOrder {index:46;}">
                <Coords points="244,2323 944,2325 954,2277 244,2280"/>
                <Baseline points="249,2313 285,2313 322,2313 359,2313 396,2313 432,2313 469,2313 506,2313 543,2313 580,2313 616,2313 653,2314 690,2315 727,2315 764,2315 800,2315 837,2315 874,2315 911,2315 948,2315"/>
                <TextEquiv>
                    <Unicode>onis aut propter assistentiam spiritussancti non</Unicode>
                </TextEquiv>
            </TextLine>
            <TextLine id="r2l49" custom="readingOrder {index:47;}">
                <Coords points="246,2373 946,2371 927,2323 246,2324"/>
                <Baseline points="251,2358 285,2358 320,2358 354,2357 389,2357 423,2357 458,2357 492,2357 527,2357 561,2358 596,2358 630,2358 665,2358 699,2358 734,2358 768,2358 803,2358 837,2358 872,2358 906,2358 941,2357"/>
                <TextEquiv>
                    <Unicode>propter primum: quia non repugnat huic actu</Unicode>
                </TextEquiv>
            </TextLine>
            <TextLine id="r2l50" custom="readingOrder {index:48;}">
                <Coords points="256,2411 861,2418 950,2410 950,2371 256,2372"/>
                <Baseline points="261,2402 295,2402 329,2402 363,2402 397,2402 432,2402 466,2402 500,2402 534,2402 568,2402 603,2402 637,2402 671,2403 705,2403 739,2403 774,2403 808,2403 842,2403 876,2402 910,2402 945,2402"/>
                <TextEquiv>
                    <Unicode>dilectionis dei nec eius perfectioni elici ab ha</Unicode>
                </TextEquiv>
            </TextLine>
            <TextLine id="r2l51" custom="readingOrder {index:49;}">
                <Coords points="253,2454 950,2451 950,2417 902,2405 755,2422 253,2410"/>
                <Baseline points="258,2444 292,2444 326,2445 361,2445 395,2445 429,2445 464,2447 498,2447 532,2447 567,2447 601,2447 635,2447 670,2447 704,2447 738,2447 773,2447 807,2445 841,2445 876,2445 910,2444 945,2444"/>
                <TextEquiv>
                    <Unicode>bitu naturali: nec propter secundum: quia eadem ra¬</Unicode>
                </TextEquiv>
            </TextLine>
            <TextLine id="r2l52" custom="readingOrder {index:50;}">
                <Coords points="241,2493 949,2498 949,2452 241,2454"/>
                <Baseline points="246,2490 280,2490 315,2489 350,2489 385,2489 420,2489 455,2490 490,2490 525,2490 560,2490 595,2492 629,2492 664,2492 699,2492 734,2492 769,2492 804,2492 839,2492 874,2491 909,2490 944,2489"/>
                <TextEquiv>
                    <Unicode>tio sufficit respectu fidei. vnde tamen requiri.</Unicode>
                </TextEquiv>
            </TextLine>
            <TextLine id="r2l53" custom="readingOrder {index:51;}">
                <Coords points="249,2547 942,2552 956,2497 249,2502"/>
                <Baseline points="254,2532 288,2532 323,2532 358,2534 393,2534 428,2534 463,2534 497,2534 532,2534 567,2534 602,2535 637,2535 672,2535 707,2535 741,2535 776,2535 811,2535 846,2534 881,2534 916,2534 951,2534"/>
                <TextEquiv>
                    <Unicode>tur habitus. ergo etc. Item non debet magis</Unicode>
                </TextEquiv>
            </TextLine>
            <TextLine id="r2l54" custom="readingOrder {index:52;}">
                <Coords points="252,2584 953,2586 953,2549 891,2542 252,2547"/>
                <Baseline points="257,2576 291,2576 326,2577 360,2577 395,2577 429,2577 464,2577 498,2577 533,2577 567,2577 602,2577 637,2577 671,2577 706,2577 740,2577 775,2577 809,2577 844,2577 878,2577 913,2577 948,2577"/>
                <TextEquiv>
                    <Unicode>negari habitus respectu vnius virtutis theo¬</Unicode>
                </TextEquiv>
            </TextLine>
            <TextLine id="r2l55" custom="readingOrder {index:53;}">
                <Coords points="252,2636 959,2631 959,2594 929,2587 252,2584"/>
                <Baseline points="257,2619 291,2619 326,2621 361,2621 396,2621 431,2621 466,2621 500,2621 535,2621 570,2622 605,2622 640,2622 675,2622 710,2622 744,2622 779,2623 814,2624 849,2624 884,2624 919,2624 954,2624"/>
                <TextEquiv>
                    <Unicode>logice quam respectu alterius. igitur cum respectu</Unicode>
                </TextEquiv>
            </TextLine>
            <TextLine id="r2l56" custom="readingOrder {index:54;}">
                <Coords points="243,2687 950,2685 965,2631 243,2637"/>
                <Baseline points="248,2666 283,2666 319,2666 354,2667 390,2667 426,2667 461,2667 497,2669 532,2669 568,2669 604,2669 639,2670 675,2670 710,2670 746,2670 782,2670 817,2669 853,2669 888,2669 924,2667 960,2666"/>
                <TextEquiv>
                    <Unicode>actus credendi ponitur fides infusa et acqui¬</Unicode>
                </TextEquiv>
            </TextLine>
            <TextEquiv>
                <Unicode>facit. ⁋ Sed dubium est vtrum donum sit pro¬
prium spiritussancti: et nulli alteri conueniat
⁋ Responsio. dupliciter dicitur aliquid donum. vno mo¬
do aliquid productum liberaliter et per modum liber
tatis et voluntatis. Alio modo est aliquid colla
tum vt sit existens cum aliquo et coagens vt sit in li
bertate et in possessione sua. Primo est proprium
spiritus sancti: quia producitur per modum doni et liberta
tis: et non per modum similitudinis. et hoc adducit
declaratio supra dicta quod filius dei producitur per
modum similitudinis: et spiris sanctus non. Exemplum
de intellectu et voluntate in nobis: et de obiecto
noto in intellectu nostro quod vocatur obiectum
declaratum et verbum ab aliquibus: quia ibi diffuse po
nitur: ideo dimittitur. quare ibi. Secundo modo non
est donum proprium spiritus sancti: quia sic competit tribus per
sonis et donis gratuitis: quia sic omnes persone
dantur nature rationali: quia sic dari non est ni¬
si coagere creature rationali ad eliciendum omnem
actum quem vult recte elicere ad modum quo vnus
datur alteri: quia vult quicquid ipse vult. et prius
forte non fuit datus: sed tres persone. et etiam
bona gratuita conexistunt et coagunt in actio¬
ne creature recte elicita. ergo etc. et sic spiritus san
ctus ab eterno fuit donum. non quia fuit datum
actu: sed quia fuit dabile secundum magistrum senten¬
tiarum. ⁋ Quantum ad tertium articulum dico quod non
potest dari creature rationali de potentia dei
ordinata sic quod acceptetur tanquam digna vita eter
na sine habitu caritatis. quod probatur sic: quia spi¬
ritussanctus non sic datur creature rationali
quin ipsa acceptatur a deo modo predicto: sed
de potentia dei ordinata non est creatura ratio
nalis sic accepta a deo sine caritate. maior pa
tet: et minor probatur. quia sicut voluntati que est
perfectibilis naturaliter non negatur perfectio
sua naturalis quantum ad actum primum: nec quantum
ad actum secundum et per consequens non negatur sibi
habitus naturalis nec actus elicitus median
te habitu: ita nec eidem voluntati que est perfe
ctibilis supernaturaliter negatur perfectio su
pernaturalis. et per consequens vt sic habebit ha
bitum supernaturalem et actum. cum igitur voluntas
sit sic accepto a deo: sequitur quod vt sic habebit
talem habitum. Item si negetur talis habitus
aut igitur est propter perfectionem actus dilecti
onis aut propter assistentiam spiritussancti non
propter primum: quia non repugnat huic actu
dilectionis dei nec eius perfectioni elici ab ha
bitu naturali: nec propter secundum: quia eadem ra¬
tio sufficit respectu fidei. vnde tamen requiri.
tur habitus. ergo etc. Item non debet magis
negari habitus respectu vnius virtutis theo¬
logice quam respectu alterius. igitur cum respectu
actus credendi ponitur fides infusa et acqui¬</Unicode>
            </TextEquiv>
        </TextRegion>
        <TextRegion orientation="0.0" id="r3" custom="readingOrder {index:1;}">
            <Coords points="1046,269 1046,2679 1773,2679 1773,269"/>
            <TextLine id="r3l1" custom="readingOrder {index:0;}">
                <Coords points="1054,301 1705,317 1762,303 1762,245 1054,252"/>
                <Baseline points="1059,290 1093,290 1128,291 1163,291 1198,291 1233,291 1268,291 1303,291 1338,291 1373,291 1408,291 1442,291 1477,290 1512,290 1547,291 1582,291 1617,291 1652,292 1687,293 1722,294 1757,296"/>
                <TextEquiv>
                    <Unicode>sita. ergo eodem modo respectu actus diligen¬</Unicode>
                </TextEquiv>
            </TextLine>
            <TextLine id="r3l2" custom="readingOrder {index:1;}">
                <Coords points="1056,346 1750,352 1750,310 1681,305 1056,302"/>
                <Baseline points="1061,335 1095,336 1129,336 1163,336 1197,336 1232,338 1266,338 1300,338 1334,338 1368,338 1403,338 1437,338 1471,338 1505,338 1539,338 1574,338 1608,338 1642,338 1676,338 1710,338 1745,338"/>
                <TextEquiv>
                    <Unicode>di deum debet poni amor habitualis acquisitus</Unicode>
                </TextEquiv>
            </TextLine>
            <TextLine id="r3l3" custom="readingOrder {index:2;}">
                <Coords points="1047,393 1708,397 1762,390 1762,347 1369,356 1224,335 1047,357"/>
                <Baseline points="1052,378 1087,378 1122,378 1157,379 1193,380 1228,380 1263,380 1298,380 1334,380 1369,381 1404,381 1439,381 1475,381 1510,381 1545,381 1580,382 1616,383 1651,383 1686,383 1721,384 1757,384"/>
                <TextEquiv>
                    <Unicode>et infusus. ⁋ Ad primum alterius opinionis ne¬</Unicode>
                </TextEquiv>
            </TextLine>
            <TextLine id="r3l4" custom="readingOrder {index:3;}">
                <Coords points="1053,443 1147,426 1717,444 1754,434 1754,392 1053,394"/>
                <Baseline points="1058,426 1092,425 1127,425 1161,425 1196,425 1230,425 1265,425 1299,425 1334,425 1368,425 1403,425 1438,425 1472,425 1507,425 1541,426 1576,426 1610,426 1645,426 1679,426 1714,426 1749,426"/>
                <TextEquiv>
                    <Unicode>gatur assumptum: scilicet maior: quia ipse ponit dupli</Unicode>
                </TextEquiv>
            </TextLine>
            <TextLine id="r3l5" custom="readingOrder {index:4;}">
                <Coords points="1056,479 1730,483 1766,481 1766,440 1148,428 1056,445"/>
                <Baseline points="1061,468 1096,468 1131,468 1166,468 1201,468 1236,468 1271,468 1306,468 1341,467 1376,467 1411,467 1446,467 1481,468 1516,468 1551,468 1586,468 1621,468 1656,468 1691,470 1726,470 1761,471"/>
                <TextEquiv>
                    <Unicode>cem complacentiam: scilicet generalem et specialem. aut</Unicode>
                </TextEquiv>
            </TextLine>
            <TextLine id="r3l6" custom="readingOrder {index:5;}">
                <Coords points="1059,527 1750,522 1744,477 1059,478"/>
                <Baseline points="1064,513 1098,513 1132,513 1166,512 1200,512 1234,512 1268,512 1302,512 1336,512 1370,512 1404,512 1438,512 1472,512 1506,512 1540,512 1574,512 1608,512 1642,512 1676,513 1710,513 1745,515"/>
                <TextEquiv>
                    <Unicode>igitur intendit quod caritas sit tantum obiectum</Unicode>
                </TextEquiv>
            </TextLine>
            <TextLine id="r3l7" custom="readingOrder {index:6;}">
                <Coords points="1048,564 1766,569 1751,522 1048,526"/>
                <Baseline points="1053,555 1088,557 1123,557 1159,557 1194,556 1230,555 1265,555 1300,555 1336,555 1371,555 1407,555 1442,554 1477,554 1513,554 1548,555 1584,555 1619,555 1654,557 1690,558 1725,558 1761,560"/>
                <TextEquiv>
                    <Unicode>complacentie specialis aut generalis. non ge</Unicode>
                </TextEquiv>
            </TextLine>
            <TextLine id="r3l8" custom="readingOrder {index:7;}">
                <Coords points="1054,607 1765,615 1765,570 1689,564 1054,569"/>
                <Baseline points="1059,599 1094,599 1129,600 1164,600 1199,600 1234,600 1269,600 1304,599 1339,599 1374,599 1409,599 1444,599 1479,599 1514,599 1549,600 1584,600 1619,600 1654,600 1689,601 1724,602 1760,603"/>
                <TextEquiv>
                    <Unicode>neralis: quia obiectum est habitus complacen¬</Unicode>
                </TextEquiv>
            </TextLine>
            <TextLine id="r3l9" custom="readingOrder {index:8;}">
                <Coords points="1050,649 1760,667 1760,614 1712,609 1050,613"/>
                <Baseline points="1055,642 1090,642 1125,644 1160,644 1195,644 1230,644 1265,644 1300,644 1335,644 1370,644 1405,644 1440,644 1475,644 1510,644 1545,644 1580,644 1615,644 1650,644 1685,645 1720,645 1755,647"/>
                <TextEquiv>
                    <Unicode>tie generalis et quelibet creatura naturalis per</Unicode>
                </TextEquiv>
            </TextLine>
            <TextLine id="r3l10" custom="readingOrder {index:9;}">
                <Coords points="1054,697 1756,701 1756,660 1675,652 1054,658"/>
                <Baseline points="1059,686 1093,686 1128,687 1162,687 1197,687 1232,687 1266,687 1301,687 1335,687 1370,687 1405,687 1439,686 1474,686 1508,686 1543,687 1578,687 1612,687 1647,687 1681,688 1716,689 1751,690"/>
                <TextEquiv>
                    <Unicode>eum. nec specialis: quia diuina summa complacen</Unicode>
                </TextEquiv>
            </TextLine>
            <TextLine id="r3l11" custom="readingOrder {index:10;}">
                <Coords points="1060,741 1757,744 1757,700 1712,696 1060,702"/>
                <Baseline points="1065,731 1099,731 1133,731 1168,731 1202,731 1236,731 1271,731 1305,731 1339,731 1374,731 1408,731 1442,731 1477,731 1511,731 1545,731 1580,731 1614,732 1648,732 1683,732 1717,732 1752,732"/>
                <TextEquiv>
                    <Unicode>tia specialis est respectu creature nobilis va</Unicode>
                </TextEquiv>
            </TextLine>
            <TextLine id="r3l12" custom="readingOrder {index:11;}">
                <Coords points="1054,787 1701,798 1759,788 1760,742 1055,743"/>
                <Baseline points="1059,773 1093,773 1128,774 1163,774 1198,774 1232,774 1267,774 1302,776 1337,776 1371,776 1406,776 1441,776 1476,776 1510,776 1545,776 1580,776 1615,776 1649,776 1684,776 1719,776 1754,777"/>
                <TextEquiv>
                    <Unicode>de vel nobilissime. nunc autem natura angeli¬</Unicode>
                </TextEquiv>
            </TextLine>
            <TextLine id="r3l13" custom="readingOrder {index:12;}">
                <Coords points="1057,827 1759,835 1750,786 1057,792"/>
                <Baseline points="1062,818 1096,819 1131,819 1165,819 1200,819 1235,819 1269,819 1304,819 1338,819 1373,819 1408,819 1442,819 1477,819 1511,819 1546,819 1581,819 1615,819 1650,820 1684,821 1719,821 1754,822"/>
                <TextEquiv>
                    <Unicode>ca et natura humana est nobilior quacunque ta</Unicode>
                </TextEquiv>
            </TextLine>
            <TextLine id="r3l14" custom="readingOrder {index:13;}">
                <Coords points="1054,869 1763,873 1763,832 1054,826"/>
                <Baseline points="1059,863 1095,863 1132,864 1169,864 1206,864 1242,864 1279,864 1316,864 1353,863 1390,863 1426,863 1463,863 1500,863 1537,863 1574,863 1610,864 1647,864 1684,864 1721,866 1758,866"/>
                <TextEquiv>
                    <Unicode>li forma. et per consequens vtraque est obiectum</Unicode>
                </TextEquiv>
            </TextLine>
            <TextLine id="r3l15" custom="readingOrder {index:14;}">
                <Coords points="1044,918 1759,917 1759,874 1044,874"/>
                <Baseline points="1049,903 1084,905 1119,905 1154,906 1190,906 1225,906 1260,908 1295,908 1331,908 1366,908 1401,908 1436,908 1472,908 1507,908 1542,908 1577,908 1613,908 1648,908 1683,908 1718,909 1754,909"/>
                <TextEquiv>
                    <Unicode>diuine complacentie specialis. sicut illud quod</Unicode>
                </TextEquiv>
            </TextLine>
            <TextLine id="r3l16" custom="readingOrder {index:15;}">
                <Coords points="1051,972 1766,959 1766,927 1736,916 1051,920"/>
                <Baseline points="1056,950 1091,950 1126,951 1161,951 1197,951 1232,951 1267,951 1302,951 1338,951 1373,951 1408,951 1443,951 1479,951 1514,951 1549,951 1584,951 1620,951 1655,951 1690,951 1725,953 1761,953"/>
                <TextEquiv>
                    <Unicode>perficitur per formam talem et forma talis est ob¬</Unicode>
                </TextEquiv>
            </TextLine>
            <TextLine id="r3l17" custom="readingOrder {index:16;}">
                <Coords points="1056,1006 1754,1010 1765,960 1056,971"/>
                <Baseline points="1061,993 1097,995 1134,995 1171,995 1208,995 1244,996 1281,996 1318,996 1355,996 1392,996 1428,996 1465,996 1502,995 1539,995 1576,995 1612,995 1649,995 1686,995 1723,996 1760,996"/>
                <TextEquiv>
                    <Unicode>iectum sicut illud quod perficit et est immediatius na¬</Unicode>
                </TextEquiv>
            </TextLine>
            <TextLine id="r3l18" custom="readingOrder {index:17;}">
                <Coords points="1048,1045 1759,1050 1759,1009 1729,1003 1357,1018 1048,1000"/>
                <Baseline points="1053,1037 1088,1037 1123,1038 1158,1038 1193,1040 1228,1040 1263,1040 1298,1040 1333,1040 1368,1040 1403,1040 1438,1040 1473,1040 1508,1040 1543,1040 1578,1040 1613,1040 1648,1040 1683,1040 1718,1041 1754,1041"/>
                <TextEquiv>
                    <Unicode>tura humana obiectum diuine complacentie</Unicode>
                </TextEquiv>
            </TextLine>
            <TextLine id="r3l19" custom="readingOrder {index:18;}">
                <Coords points="1060,1101 1769,1101 1769,1048 1060,1051"/>
                <Baseline points="1065,1082 1101,1082 1138,1083 1175,1083 1212,1083 1248,1083 1285,1083 1322,1083 1359,1082 1396,1082 1432,1082 1469,1082 1506,1082 1543,1082 1580,1083 1616,1083 1653,1083 1690,1083 1727,1085 1764,1085"/>
                <TextEquiv>
                    <Unicode>quam caritas: quia propter illam est caritas obiectum</Unicode>
                </TextEquiv>
            </TextLine>
            <TextLine id="r3l20" custom="readingOrder {index:19;}">
                <Coords points="1047,1129 1671,1144 1761,1139 1762,1095 1047,1098"/>
                <Baseline points="1052,1122 1087,1124 1122,1124 1157,1125 1193,1125 1228,1125 1263,1125 1298,1125 1334,1125 1369,1127 1404,1127 1439,1127 1475,1127 1510,1127 1545,1127 1580,1127 1616,1128 1651,1128 1686,1128 1721,1130 1757,1131"/>
                <TextEquiv>
                    <Unicode>et non econnuerso. quando igitur dicitur nullus</Unicode>
                </TextEquiv>
            </TextLine>
            <TextLine id="r3l21" custom="readingOrder {index:20;}">
                <Coords points="1041,1179 1759,1183 1759,1138 1736,1135 1041,1131"/>
                <Baseline points="1046,1167 1081,1167 1116,1168 1152,1169 1187,1169 1223,1169 1258,1169 1293,1169 1329,1169 1364,1169 1400,1169 1435,1169 1470,1169 1506,1169 1541,1170 1577,1170 1612,1170 1647,1170 1683,1172 1718,1173 1754,1173"/>
                <TextEquiv>
                    <Unicode>actus etc. dicitur quod illud est verum quando vtrum</Unicode>
                </TextEquiv>
            </TextLine>
            <TextLine id="r3l22" custom="readingOrder {index:21;}">
                <Coords points="1050,1222 1765,1225 1759,1182 1050,1182"/>
                <Baseline points="1055,1214 1090,1214 1125,1212 1160,1212 1196,1212 1231,1212 1266,1212 1301,1212 1337,1212 1372,1212 1407,1212 1442,1212 1478,1212 1513,1214 1548,1214 1583,1214 1619,1214 1654,1215 1689,1215 1724,1215 1760,1217"/>
                <TextEquiv>
                    <Unicode>que obiectum super quod transit est obiectum illius a¬</Unicode>
                </TextEquiv>
            </TextLine>
            <TextLine id="r3l23" custom="readingOrder {index:22;}">
                <Coords points="1063,1264 1768,1269 1768,1231 1709,1223 1063,1230"/>
                <Baseline points="1068,1256 1102,1256 1137,1257 1172,1257 1207,1257 1241,1257 1276,1257 1311,1257 1346,1256 1380,1256 1415,1256 1450,1256 1485,1256 1519,1256 1554,1256 1589,1256 1624,1257 1658,1257 1693,1258 1728,1259 1763,1260"/>
                <TextEquiv>
                    <Unicode>ctus vnum tamen formale aliud materiale. sicut</Unicode>
                </TextEquiv>
            </TextLine>
            <TextLine id="r3l24" custom="readingOrder {index:23;}">
                <Coords points="1050,1315 1778,1308 1778,1279 1674,1264 1050,1269"/>
                <Baseline points="1055,1301 1090,1301 1126,1301 1162,1301 1198,1301 1234,1301 1270,1301 1306,1301 1342,1301 1378,1301 1414,1301 1449,1301 1485,1301 1521,1301 1557,1301 1593,1301 1629,1299 1665,1299 1701,1299 1737,1299 1773,1299"/>
                <TextEquiv>
                    <Unicode>patet in exemplo suo. color est obiectum forma¬</Unicode>
                </TextEquiv>
            </TextLine>
            <TextLine id="r3l25" custom="readingOrder {index:24;}">
                <Coords points="1047,1355 1774,1366 1775,1315 1047,1318"/>
                <Baseline points="1052,1344 1087,1344 1123,1344 1159,1344 1195,1344 1231,1344 1267,1346 1303,1346 1339,1346 1375,1346 1411,1346 1446,1346 1482,1346 1518,1346 1554,1346 1590,1346 1626,1346 1662,1346 1698,1346 1734,1346 1770,1346"/>
                <TextEquiv>
                    <Unicode>le visionis etiam lignum materiale. et lignum non est</Unicode>
                </TextEquiv>
            </TextLine>
            <TextLine id="r3l26" custom="readingOrder {index:25;}">
                <Coords points="1047,1400 1766,1402 1766,1359 1742,1354 1047,1356"/>
                <Baseline points="1052,1388 1087,1388 1122,1388 1158,1388 1193,1389 1229,1389 1264,1389 1300,1389 1335,1389 1371,1389 1406,1389 1441,1389 1477,1388 1512,1388 1548,1389 1583,1389 1619,1389 1654,1389 1690,1389 1725,1391 1761,1391"/>
                <TextEquiv>
                    <Unicode>obiectum visionis nisi mediante colore. et ideo</Unicode>
                </TextEquiv>
            </TextLine>
            <TextLine id="r3l27" custom="readingOrder {index:26;}">
                <Coords points="1060,1439 1759,1443 1752,1397 1060,1399"/>
                <Baseline points="1065,1430 1099,1431 1133,1431 1168,1433 1202,1433 1237,1433 1271,1434 1306,1434 1340,1434 1375,1434 1409,1434 1443,1434 1478,1433 1512,1433 1547,1433 1581,1433 1616,1433 1650,1433 1685,1433 1719,1433 1754,1434"/>
                <TextEquiv>
                    <Unicode>est obiectum mediatum visionis: sed in proposito</Unicode>
                </TextEquiv>
            </TextLine>
            <TextLine id="r3l28" custom="readingOrder {index:27;}">
                <Coords points="1059,1481 1775,1492 1775,1443 1749,1439 1059,1448"/>
                <Baseline points="1064,1475 1099,1476 1134,1476 1169,1476 1205,1476 1240,1476 1275,1478 1311,1478 1346,1478 1381,1478 1417,1478 1452,1478 1487,1478 1522,1478 1558,1478 1593,1478 1628,1478 1664,1478 1699,1478 1734,1478 1770,1478"/>
                <TextEquiv>
                    <Unicode>obiectum immediatum acceptationis diuine vel com¬</Unicode>
                </TextEquiv>
            </TextLine>
            <TextLine id="r3l29" custom="readingOrder {index:28;}">
                <Coords points="1059,1536 1768,1535 1755,1485 1059,1486"/>
                <Baseline points="1064,1520 1100,1520 1137,1520 1174,1521 1211,1521 1247,1521 1284,1521 1321,1521 1358,1521 1395,1521 1431,1521 1468,1521 1505,1521 1542,1523 1579,1523 1615,1523 1652,1523 1689,1523 1726,1523 1763,1524"/>
                <TextEquiv>
                    <Unicode>placentie est natura humana vel rationalis.</Unicode>
                </TextEquiv>
            </TextLine>
            <TextLine id="r3l30" custom="readingOrder {index:29;}">
                <Coords points="1059,1572 1774,1587 1774,1540 1679,1529 1059,1537"/>
                <Baseline points="1064,1563 1099,1564 1134,1565 1169,1566 1205,1566 1240,1566 1275,1566 1310,1566 1346,1566 1381,1566 1416,1566 1451,1566 1487,1566 1522,1565 1557,1565 1592,1565 1628,1566 1663,1566 1698,1566 1733,1568 1769,1569"/>
                <TextEquiv>
                    <Unicode>nec est caritas obiectum formale et anima obiectum</Unicode>
                </TextEquiv>
            </TextLine>
            <TextLine id="r3l31" custom="readingOrder {index:30;}">
                <Coords points="1054,1616 1762,1621 1762,1582 1701,1573 1054,1581"/>
                <Baseline points="1059,1607 1093,1607 1128,1608 1163,1608 1198,1609 1233,1610 1268,1610 1303,1610 1338,1610 1373,1610 1408,1610 1442,1610 1477,1610 1512,1610 1547,1610 1582,1610 1617,1610 1652,1610 1687,1610 1722,1610 1757,1611"/>
                <TextEquiv>
                    <Unicode>materiale: sed vtrunque est immediate obiectum</Unicode>
                </TextEquiv>
            </TextLine>
            <TextLine id="r3l32" custom="readingOrder {index:31;}">
                <Coords points="1060,1657 1771,1664 1771,1628 1721,1618 1060,1617"/>
                <Baseline points="1065,1649 1100,1650 1135,1652 1170,1652 1205,1653 1240,1654 1275,1655 1310,1655 1345,1655 1380,1655 1415,1655 1450,1655 1485,1655 1520,1655 1555,1655 1590,1655 1625,1653 1660,1653 1695,1653 1730,1653 1766,1655"/>
                <TextEquiv>
                    <Unicode>diuine complacentie et formaliter natura ratio¬</Unicode>
                </TextEquiv>
            </TextLine>
            <TextLine id="r3l33" custom="readingOrder {index:32;}">
                <Coords points="1051,1705 1756,1716 1756,1663 1051,1664"/>
                <Baseline points="1056,1694 1090,1694 1125,1695 1160,1697 1195,1697 1229,1697 1264,1697 1299,1698 1334,1698 1368,1698 1403,1698 1438,1698 1473,1698 1507,1698 1542,1698 1577,1698 1612,1698 1646,1698 1681,1700 1716,1700 1751,1701"/>
                <TextEquiv>
                    <Unicode>nalis est obiectum immediatius. et sic patet ad ex</Unicode>
                </TextEquiv>
            </TextLine>
            <TextLine id="r3l34" custom="readingOrder {index:33;}">
                <Coords points="1054,1753 1766,1751 1766,1714 1718,1705 1054,1705"/>
                <Baseline points="1059,1739 1094,1739 1129,1740 1164,1740 1199,1740 1234,1740 1269,1740 1304,1742 1339,1742 1374,1742 1410,1742 1445,1742 1480,1743 1515,1743 1550,1743 1585,1743 1620,1743 1655,1743 1690,1743 1725,1742 1761,1742"/>
                <TextEquiv>
                    <Unicode>emplum eius quod quando dicit de actu non trans</Unicode>
                </TextEquiv>
            </TextLine>
            <TextLine id="r3l35" custom="readingOrder {index:34;}">
                <Coords points="1054,1800 1766,1797 1766,1762 1671,1748 1054,1753"/>
                <Baseline points="1059,1781 1094,1781 1129,1782 1164,1782 1199,1782 1234,1784 1269,1784 1304,1784 1339,1784 1374,1784 1410,1784 1445,1784 1480,1784 1515,1785 1550,1785 1585,1785 1620,1785 1655,1786 1690,1787 1725,1787 1761,1788"/>
                <TextEquiv>
                    <Unicode>eunte: etiam dico de actu non transeunte non po</Unicode>
                </TextEquiv>
            </TextLine>
            <TextLine id="r3l36" custom="readingOrder {index:35;}">
                <Coords points="1060,1836 1766,1843 1766,1797 1060,1801"/>
                <Baseline points="1065,1826 1099,1826 1134,1827 1169,1828 1204,1829 1239,1829 1273,1829 1308,1829 1343,1829 1378,1829 1413,1829 1447,1829 1482,1829 1517,1829 1552,1829 1587,1829 1621,1829 1656,1829 1691,1829 1726,1830 1761,1830"/>
                <TextEquiv>
                    <Unicode>test fieri actus transiens sine mnutatione: tamen</Unicode>
                </TextEquiv>
            </TextLine>
            <TextLine id="r3l37" custom="readingOrder {index:36;}">
                <Coords points="1065,1887 1766,1887 1766,1838 1065,1840"/>
                <Baseline points="1070,1872 1104,1872 1139,1872 1173,1872 1208,1872 1242,1872 1277,1872 1311,1872 1346,1872 1380,1872 1415,1872 1450,1872 1484,1873 1519,1874 1553,1874 1588,1874 1622,1874 1657,1874 1691,1874 1726,1874 1761,1872"/>
                <TextEquiv>
                    <Unicode>potest fieri mutatio vel in obiecto vel in ali¬</Unicode>
                </TextEquiv>
            </TextLine>
            <TextLine id="r3l38" custom="readingOrder {index:37;}">
                <Coords points="1059,1924 1765,1929 1765,1890 1735,1880 1059,1892"/>
                <Baseline points="1064,1914 1098,1914 1133,1914 1168,1914 1203,1916 1238,1916 1272,1916 1307,1916 1342,1916 1377,1916 1412,1917 1446,1917 1481,1917 1516,1917 1551,1917 1586,1917 1620,1917 1655,1917 1690,1917 1725,1917 1760,1917"/>
                <TextEquiv>
                    <Unicode>quo alio vel in tempore. Exemplum primi. deus</Unicode>
                </TextEquiv>
            </TextLine>
            <TextLine id="r3l39" custom="readingOrder {index:38;}">
                <Coords points="1054,1975 1743,1974 1763,1969 1763,1930 1054,1932"/>
                <Baseline points="1059,1958 1095,1958 1132,1959 1169,1959 1206,1959 1242,1959 1279,1959 1316,1959 1353,1959 1390,1959 1426,1959 1463,1959 1500,1959 1537,1959 1574,1959 1610,1959 1647,1961 1684,1961 1721,1961 1758,1961"/>
                <TextEquiv>
                    <Unicode>nunc acceptat eum quem non acceptauit prius.</Unicode>
                </TextEquiv>
            </TextLine>
            <TextLine id="r3l40" custom="readingOrder {index:39;}">
                <Coords points="1053,2018 1754,2019 1766,1971 1053,1975"/>
                <Baseline points="1058,2003 1093,2003 1128,2004 1163,2004 1198,2004 1233,2004 1268,2004 1304,2004 1339,2004 1374,2004 1409,2004 1444,2004 1479,2004 1514,2004 1550,2004 1585,2004 1620,2004 1655,2004 1690,2004 1725,2004 1761,2006"/>
                <TextEquiv>
                    <Unicode>qui nunc est bonus et prius non. Exemplum secundi. deus</Unicode>
                </TextEquiv>
            </TextLine>
            <TextLine id="r3l41" custom="readingOrder {index:40;}">
                <Coords points="1059,2062 1759,2063 1759,2024 1705,2016 1059,2020"/>
                <Baseline points="1064,2048 1098,2048 1133,2048 1167,2048 1202,2048 1236,2048 1271,2048 1305,2048 1340,2048 1374,2048 1409,2049 1443,2049 1478,2049 1512,2049 1547,2049 1581,2049 1616,2049 1650,2049 1685,2049 1719,2048 1754,2048"/>
                <TextEquiv>
                    <Unicode>acceptat nos propter merita christi ad modum</Unicode>
                </TextEquiv>
            </TextLine>
            <TextLine id="r3l42" custom="readingOrder {index:41;}">
                <Coords points="1054,2102 1769,2106 1769,2061 1734,2057 1054,2056"/>
                <Baseline points="1059,2091 1094,2093 1129,2093 1164,2093 1200,2093 1235,2093 1270,2091 1305,2091 1341,2091 1376,2091 1411,2091 1446,2091 1482,2091 1517,2091 1552,2091 1587,2091 1623,2091 1658,2093 1693,2093 1728,2094 1764,2096"/>
                <TextEquiv>
                    <Unicode>quo aliquis ad preces vnius remittit alteri of</Unicode>
                </TextEquiv>
            </TextLine>
            <TextLine id="r3l43" custom="readingOrder {index:42;}">
                <Coords points="1066,2148 1762,2153 1762,2103 1066,2106"/>
                <Baseline points="1071,2135 1105,2136 1139,2136 1173,2136 1208,2136 1242,2138 1276,2138 1311,2138 1345,2136 1379,2136 1414,2136 1448,2136 1482,2136 1516,2136 1551,2136 1585,2136 1619,2136 1654,2136 1688,2138 1722,2138 1757,2139"/>
                <TextEquiv>
                    <Unicode>fensam. Exemplum de existentibus in purgato</Unicode>
                </TextEquiv>
            </TextLine>
            <TextLine id="r3l44" custom="readingOrder {index:43;}">
                <Coords points="1060,2188 1759,2198 1759,2153 1729,2147 1060,2153"/>
                <Baseline points="1065,2180 1099,2180 1133,2180 1168,2180 1202,2180 1237,2180 1271,2180 1306,2180 1340,2180 1375,2180 1409,2180 1443,2180 1478,2181 1512,2181 1547,2181 1581,2181 1616,2181 1650,2181 1685,2181 1719,2181 1754,2181"/>
                <TextEquiv>
                    <Unicode>rio qui liberantur ad preces aliorum. Exemplum</Unicode>
                </TextEquiv>
            </TextLine>
            <TextLine id="r3l45" custom="readingOrder {index:44;}">
                <Coords points="1048,2228 1129,2247 1769,2236 1769,2197 1709,2190 1048,2194"/>
                <Baseline points="1053,2223 1088,2223 1124,2223 1159,2222 1195,2222 1230,2222 1266,2222 1301,2222 1337,2223 1372,2223 1408,2223 1444,2223 1479,2223 1515,2224 1550,2225 1586,2225 1621,2225 1657,2225 1692,2225 1728,2225 1764,2225"/>
                <TextEquiv>
                    <Unicode>tertii. potest deus statuere quod ille: quae inuenitur a¬</Unicode>
                </TextEquiv>
            </TextLine>
            <TextLine id="r3l46" custom="readingOrder {index:45;}">
                <Coords points="1066,2286 1723,2287 1763,2278 1763,2233 1066,2235"/>
                <Baseline points="1071,2268 1105,2268 1139,2267 1174,2267 1208,2267 1242,2267 1277,2267 1311,2267 1345,2267 1380,2267 1414,2268 1448,2268 1483,2268 1517,2270 1551,2270 1586,2270 1620,2270 1654,2270 1689,2268 1723,2268 1758,2267"/>
                <TextEquiv>
                    <Unicode>liquo die non bonus sit dignus vita eterna cum in¬</Unicode>
                </TextEquiv>
            </TextLine>
            <TextLine id="r3l47" custom="readingOrder {index:46;}">
                <Coords points="1054,2322 1757,2330 1757,2287 1708,2280 1054,2287"/>
                <Baseline points="1059,2312 1093,2312 1128,2310 1162,2310 1197,2310 1232,2310 1266,2310 1301,2310 1336,2310 1370,2312 1405,2312 1440,2312 1474,2312 1509,2312 1544,2313 1578,2313 1613,2313 1648,2313 1682,2312 1717,2312 1752,2312"/>
                <TextEquiv>
                    <Unicode>uenitur alio die bonus. sicut si papa statueret quod</Unicode>
                </TextEquiv>
            </TextLine>
            <TextLine id="r3l48" custom="readingOrder {index:47;}">
                <Coords points="1059,2366 1774,2373 1774,2327 1713,2320 1059,2324"/>
                <Baseline points="1064,2357 1099,2355 1134,2355 1169,2355 1205,2355 1240,2355 1275,2355 1310,2355 1346,2355 1381,2355 1416,2355 1451,2355 1487,2355 1522,2356 1557,2357 1592,2357 1628,2355 1663,2355 1698,2355 1733,2355 1769,2354"/>
                <TextEquiv>
                    <Unicode>qui inueniretur tali die in ecclesia haberet pro¬</Unicode>
                </TextEquiv>
            </TextLine>
            <TextLine id="r3l49" custom="readingOrder {index:48;}">
                <Coords points="1063,2412 1763,2413 1763,2372 1691,2363 1063,2373"/>
                <Baseline points="1068,2400 1102,2400 1137,2400 1171,2400 1206,2400 1240,2400 1275,2399 1309,2399 1344,2399 1378,2399 1413,2399 1447,2399 1482,2399 1516,2399 1551,2399 1585,2400 1620,2400 1654,2400 1689,2400 1723,2400 1758,2400"/>
                <TextEquiv>
                    <Unicode>motionem: et qui alio die inueniretur nihil ha</Unicode>
                </TextEquiv>
            </TextLine>
            <TextLine id="r3l50" custom="readingOrder {index:49;}">
                <Coords points="1066,2453 1766,2453 1766,2411 1731,2408 1066,2411"/>
                <Baseline points="1071,2444 1105,2444 1140,2444 1174,2444 1209,2444 1243,2444 1278,2444 1312,2444 1347,2444 1381,2444 1416,2444 1450,2444 1485,2444 1519,2444 1554,2445 1588,2445 1623,2445 1657,2445 1692,2445 1726,2444 1761,2444"/>
                <TextEquiv>
                    <Unicode>beret. igitur propter mutationem et successionem</Unicode>
                </TextEquiv>
            </TextLine>
            <TextLine id="r3l51" custom="readingOrder {index:50;}">
                <Coords points="1059,2496 1766,2497 1766,2453 1313,2468 1059,2450"/>
                <Baseline points="1064,2489 1098,2489 1133,2489 1168,2489 1203,2489 1238,2489 1273,2489 1307,2489 1342,2489 1377,2489 1412,2489 1447,2489 1482,2489 1517,2489 1551,2489 1586,2489 1621,2489 1656,2489 1691,2489 1726,2489 1761,2489"/>
                <TextEquiv>
                    <Unicode>temporis potest de actu intranseunte fieri transi</Unicode>
                </TextEquiv>
            </TextLine>
            <TextLine id="r3l52" custom="readingOrder {index:51;}">
                <Coords points="1053,2535 1766,2551 1767,2497 1163,2496 1054,2517"/>
                <Baseline points="1058,2534 1093,2533 1128,2532 1163,2532 1198,2532 1233,2532 1268,2531 1304,2532 1339,2532 1374,2532 1409,2532 1444,2532 1479,2532 1514,2534 1550,2534 1585,2534 1620,2534 1655,2534 1690,2534 1725,2534 1761,2534"/>
                <TextEquiv>
                    <Unicode>ens. Ad aliud dico quod potest aliquem odire si¬</Unicode>
                </TextEquiv>
            </TextLine>
            <TextLine id="r3l53" custom="readingOrder {index:52;}">
                <Coords points="1066,2586 1751,2590 1772,2586 1772,2548 1066,2550"/>
                <Baseline points="1071,2577 1105,2576 1140,2576 1175,2574 1210,2574 1245,2574 1279,2574 1314,2574 1349,2574 1384,2574 1419,2574 1453,2576 1488,2576 1523,2576 1558,2576 1593,2577 1627,2577 1662,2577 1697,2577 1732,2577 1767,2577"/>
                <TextEquiv>
                    <Unicode>ne omni iniquitate in odito: quia nullius debitor</Unicode>
                </TextEquiv>
            </TextLine>
            <TextLine id="r3l54" custom="readingOrder {index:53;}">
                <Coords points="1060,2626 1688,2642 1774,2631 1775,2596 1090,2584 1060,2601"/>
                <Baseline points="1065,2622 1100,2621 1135,2621 1170,2619 1206,2619 1241,2619 1276,2618 1311,2618 1347,2618 1382,2618 1417,2619 1452,2619 1488,2619 1523,2619 1558,2621 1593,2621 1629,2621 1664,2621 1699,2621 1734,2621 1770,2621"/>
                <TextEquiv>
                    <Unicode>est et potest eum existentem in iniquitate non</Unicode>
                </TextEquiv>
            </TextLine>
            <TextLine id="r3l55" custom="readingOrder {index:54;}">
                <Coords points="1048,2676 1104,2695 1183,2673 1490,2695 1561,2670 1769,2701 1762,2630 1114,2625 1048,2650"/>
                <Baseline points="1053,2669 1088,2669 1124,2667 1159,2666 1195,2666 1230,2664 1266,2664 1301,2664 1337,2664 1372,2666 1408,2666 1444,2666 1479,2666 1515,2666 1550,2666 1586,2667 1621,2667 1657,2667 1692,2667 1728,2666 1764,2666"/>
                <TextEquiv>
                    <Unicode>odire adpenam eternam. et sic est in proposito.</Unicode>
                </TextEquiv>
            </TextLine>
            <TextEquiv>
                <Unicode>sita. ergo eodem modo respectu actus diligen¬
di deum debet poni amor habitualis acquisitus
et infusus. ⁋ Ad primum alterius opinionis ne¬
gatur assumptum: scilicet maior: quia ipse ponit dupli
cem complacentiam: scilicet generalem et specialem. aut
igitur intendit quod caritas sit tantum obiectum
complacentie specialis aut generalis. non ge
neralis: quia obiectum est habitus complacen¬
tie generalis et quelibet creatura naturalis per
eum. nec specialis: quia diuina summa complacen
tia specialis est respectu creature nobilis va
de vel nobilissime. nunc autem natura angeli¬
ca et natura humana est nobilior quacunque ta
li forma. et per consequens vtraque est obiectum
diuine complacentie specialis. sicut illud quod
perficitur per formam talem et forma talis est ob¬
iectum sicut illud quod perficit et est immediatius na¬
tura humana obiectum diuine complacentie
quam caritas: quia propter illam est caritas obiectum
et non econnuerso. quando igitur dicitur nullus
actus etc. dicitur quod illud est verum quando vtrum
que obiectum super quod transit est obiectum illius a¬
ctus vnum tamen formale aliud materiale. sicut
patet in exemplo suo. color est obiectum forma¬
le visionis etiam lignum materiale. et lignum non est
obiectum visionis nisi mediante colore. et ideo
est obiectum mediatum visionis: sed in proposito
obiectum immediatum acceptationis diuine vel com¬
placentie est natura humana vel rationalis.
nec est caritas obiectum formale et anima obiectum
materiale: sed vtrunque est immediate obiectum
diuine complacentie et formaliter natura ratio¬
nalis est obiectum immediatius. et sic patet ad ex
emplum eius quod quando dicit de actu non trans
eunte: etiam dico de actu non transeunte non po
test fieri actus transiens sine mnutatione: tamen
potest fieri mutatio vel in obiecto vel in ali¬
quo alio vel in tempore. Exemplum primi. deus
nunc acceptat eum quem non acceptauit prius.
qui nunc est bonus et prius non. Exemplum secundi. deus
acceptat nos propter merita christi ad modum
quo aliquis ad preces vnius remittit alteri of
fensam. Exemplum de existentibus in purgato
rio qui liberantur ad preces aliorum. Exemplum
tertii. potest deus statuere quod ille: quae inuenitur a¬
liquo die non bonus sit dignus vita eterna cum in¬
uenitur alio die bonus. sicut si papa statueret quod
qui inueniretur tali die in ecclesia haberet pro¬
motionem: et qui alio die inueniretur nihil ha
beret. igitur propter mutationem et successionem
temporis potest de actu intranseunte fieri transi
ens. Ad aliud dico quod potest aliquem odire si¬
ne omni iniquitate in odito: quia nullius debitor
est et potest eum existentem in iniquitate non
odire adpenam eternam. et sic est in proposito.</Unicode>
            </TextEquiv>
        </TextRegion>
    </Page>
</PcGts>
