2245 3097
241 210 963 296 dicit quod idem arcus potest habere maiorem cur¬
241 285 943 343 uationem et minorem sine omni nouo adueniente quod
241 328 953 376 prius non fuerat. igitur eodem modo augmen¬
235 373 953 420 tatio. et hoc ibi dicit plane commentator. Item
241 414 949 476 ecundum illam viam augmentatio non distingui¬
235 456 956 509 tur a generatione: quia in vtraque est productio
243 504 947 551 forme de nouo quod est conclusiphilosophum ⁋ Tertium est. quia vi¬
241 546 943 594 detur quod fiat additio per formam eiusdem rationis: quia quan¬
235 594 950 651 to forma est purior et actualior tanto est simpli¬
235 634 948 693 cior: igitur si omnes partes sint eiusdem rationis tunc erit for
237 679 953 742 ma simplex ⁋ Ite dato isto forma intensa non habet
244 730 948 776 vnitate nisi acerui et essent plures gratie in anima sicut
232 769 940 816 rami in stipite. ⁋ Propraeter ista et omnia alia est alia
241 811 950 859 ppinio opposita opinioni quam teneo tantum in voce
232 855 950 905 sed eandem tenet in re. et dicit predicta opinio quod in
223 905 948 958 augmentatione non est additio forme ad formam: sed
226 944 953 997 est additio eiusdem realitatis ad formam quae non est
229 989 947 1038 integra vel praecisibilis a realitate praecedente nec
229 1033 956 1082 est per se factibilis per potentiam diuinam nec intelli
231 1074 953 1136 gibilis per se nec participat denotationem forme ni
226 1125 953 1178 si per reductionem sicut non est intelligibilis per se: sed
232 1168 945 1226 cointelligibilis cum praecedente: nec est existibilis per
234 1207 942 1259 se sed conexistens. nec est entitas sec coentitas. et di¬
226 1253 953 1314 cit quod intellectus angelicus non potest distinguere
225 1295 948 1350 inter illam realitate aduenientem et praexistentem.
235 1338 943 1395 ⁋ Pro ista opinione arguitur primo sic. ex conditio
229 1389 955 1442 nibus formarum nobis notarum deuenimus in co¬
233 1427 955 1481 gnitionem formarum nobis ignotarum sicut ex au¬
226 1480 953 1525 gmentatione quantitatis deuenimus in augmentatio¬
232 1523 947 1570 nem qualitatis. nunc autem sicut patet de linea minus cur
226 1563 947 1622 ua fit magis curua. et non adueniet aliquid nisi que
228 1601 950 1660 dam realitas et conexistentialitas distincta a priori
232 1648 947 1706 curuitate. simile est de aere minus raro et post magis
229 1687 941 1738 raro. igitur eodem modo est in augmentatione forme cu
229 1734 938 1785 iuslibet. ⁋ Item si pars adueniens sit eiusdem rationis
223 1780 944 1827 cum parte precedente: aut igitur iste forme se totis sunt
225 1825 953 1875 cedem aut sunt vnum continuitate aut vnitate ali
229 1864 941 1919 cui. non primo modo: quia tunc in augmentatione secunda
229 1915 950 1961 corrum pitur: quia nihil transit in identitatem alterius ma
222 1954 948 2018 nente propria identitate. et si haec tmennc non est vna for
219 2002 942 2053 ma composita ex istis realitatibus. nec secundo modo
223 2048 936 2096 qui tunc ille partes essent continue et facerent vnum
235 2081 942 2150 vm eorum vltima. et sic caritas esset quanta habens
231 2129 941 2189 partem continuatam parti: et per consequens extensa. ⁋ hoc patet
225 2178 947 2221 qui omogenia non faciunt per se vnum nisi vt sunt com¬
223 2218 941 2268 tinua. igitur etc. ⁋ Item dato isto in qualibet albedine
225 2262 944 2310 essent infinite albedines: quarum quaelibet esset di¬
234 2305 941 2366 stincta realiter ab alia: quia per motu acquiruntur in¬
223 2353 952 2402 finite partes. ⁋ Item si sic. aut ille partes faciunt vnum
240 2398 949 2445 vnitate compositionis aut continuitatis aut omoge
225 2441 941 2506 neitatis: aut simplicitatis: aut aggregationis.
228 2488 948 2542 non primo modo: quia talis habet partes quarum vna est po¬
228 2528 944 2579 tentia et alia actus: sic non est in proposito. nec secundo
226 2575 950 2628 modo: quia tuncgratia esset quanta et extensa. nec ter
225 2614 952 2687 tio modo: quia tunc ille partes continuarentur sicut par
1066 230 1785 304 tes omnogenei. nec quarto modo: quia tunc non distin¬
1063 286 1772 349 guerentur. nec quinto: quia tunc caritas non esset nisi¬
1057 341 1776 389 aceruus multarum caritatum. ⁋ Quartum dubium
1065 381 1780 437 est de hoc quod dicitur quod omnia indiuidu a eiusdem ra¬
1066 428 1785 480 tionis sunt similia. Ex isto sequitur quod vnum non est per¬
1057 461 1773 526 fectius alio: nec caritas in gradu posteriori est
1062 509 1760 561 perfectior caritate in gradu prior: quod falsum est
1057 557 1772 609 Item secundum istam viam forma substantialis recipit ma
1062 605 1769 657 gis et minus: quia sicut forma accidentalis habet
1066 638 1769 689 plures partes facientes per se vnum indiuiduum
1057 688 1769 741 eiusdem rationis eodem modo forma substantialis
1053 732 1774 780 patet de sensitiua et qualibet forma extensa in
1066 774 1778 829 materia. quod est contra philosophum in praedicamentur. ⁋ Quin
1066 814 1763 878 tum dubium esse potest de augmentatione quae sit in ra
1060 867 1769 923 refactione et condensatione ⁋ Istem si sic. ergo augmen
1066 914 1772 963 catio animatorum non distinguitur ab inanimatorum au¬
1060 956 1772 1001 gmentatione: quia eodem modo per omnia potest ignis.
1057 1004 1775 1054 et sic alia elementa et forme accidentales auge¬
1053 1036 1766 1088 ri sicut homo et planta quod est contra philosophum secundo
1056 1086 1777 1138 de anima. ⁋ Ad primum dico quod si non sit variatio in
1052 1121 1767 1178 subiecto nec in forma non erit maior radicatio
1051 1178 1785 1222 plus nunc quam prius: tamen possibile est quando forma
1051 1212 1779 1267 perficit aliquod subiectum et post diu continetur:
1057 1260 1765 1317 ita quod non potest ita facilit deleri post sicut an¬
1051 1298 1769 1359 te potest saluare illam maiorem radicationem per mo¬
1055 1352 1775 1404 tum localem solum: quia illud quod est immediatum subie
1054 1391 1773 1451 ctum illius forme intimatur pluribus partibus
1050 1427 1768 1484 illius subiecti quam prius. Exemplum de incausto
1060 1483 1768 1528 posito super pergamenum magis radicatur quan
1063 1518 1765 1572 do diu fuit super pergamenum quam in principio: quia
1063 1563 1771 1613 magis intimatur eius partibus. et sic est ibi mo¬
1060 1613 1775 1670 tus localis nouus et sorte ibi generatur alia qua
1056 1653 1765 1715 litas insensibilis sicut nullus debet dubitare
1063 1701 1768 1751 quin sint multe qualitates vel quantitates non con
1062 1749 1778 1800 gnoscibiles a nobis nisi per effectus. et hoc po
1050 1788 1771 1828 sito patet quod aliquid generatur de nouo conser¬
1063 1831 1768 1884 aatiuum quod prius non fuit: et ideo non potest nunc
1053 1878 1765 1930 amoueri sicut prius. Ad aliud de arcu de com¬
1057 1924 1790 1969 mentatore patebit post. ⁋ Ad aliud dico quod in
1048 1964 1774 2009 augmentatione substantie et qualitatis est que¬
1053 2008 1763 2067 dam generatio secundum philosophum: tamen non simplici
1057 2056 1759 2109 ter. quia non generatio substantie et similiter in
1045 2092 1771 2141 augmentatione forme substantialis est gene¬
1049 2140 1767 2195 ratio non tamen simpliciter: quia tunc est sim
1049 2182 1762 2242 pliciter in substantia quando generatur de no¬
1050 2229 1759 2276 uo aliquod indiuiduum per se existens non faciens
1063 2271 1768 2323 vnum cum alio. oppositum est in augmentatione
1056 2313 1775 2378 forme substantialis. ⁋ Ad aliud dico quod est fal¬
1060 2352 1757 2410 sum quod quanto forma est purior et perfectior tanto
1047 2400 1770 2453 est simplicior. ideo assumptum est falsum. Ad
1054 2443 1757 2503 aliud de vnitate acerui dico quod idem argumen¬
1050 2490 1772 2549 tum est per omnia de vna parte aque addita
1050 2540 1766 2595 alteri et similiter de igne vbi est vna materia
1047 2587 1772 2640 post vnionem partium aque et vna forma nume¬
1050 2629 1763 2688 ro et vna qualitas. et propter hoc dico quod non
