2222 3074
429 173 1129 247 cta esset prior realiter illa ratione repraesentante obie
434 228 1136 285 ctum. et ratio ista repraesentans esset prior actu intelligendi
437 274 1134 329 obiectum. et actus intelligendi obiectum primarium esset
432 317 1132 382 prior actu intelligendi realiter obiectum secundarium. et
433 363 1145 420 ista propositio esset propter quid. habens naturam immateria¬
426 405 1139 464 lem perfectam habet intellectualitatem perfectam. et haec esset pro¬
432 449 1135 511 pter quid. Intellectuale perfectum potest habere ratione si¬
447 500 1144 551 bi repraesentantem perfecte obiectum proportionatum si¬
438 547 1135 594 bi. Iterum haec esset propter quid. Intellectus perfectus
444 584 1138 638 praequens proportionatum obiectum sibi perfecte praesens intel
428 624 1135 691 ligit nisi impediatur: et hoc propter quid ad concludendum
437 670 1138 726 extremum de extremo. Consimiliter potest argui de ipsa
443 715 1136 769 voluntate et actu volendi etc. ⁋ Secundum declara
443 757 1138 814 tur: quia si ista differrent realiter: memoria perfecta quae
429 800 1129 856 scilicet includit intellectum et obiectum sibi praesens. et act
440 846 1138 904 intellectus vel intelligentie: et actus exprimendi notitiam
445 897 1153 946 declaratiuam ipsius obiecti quae est dicere: et ipsa no¬
431 935 1143 996 titia producta per actum dicendi quae dicitur verbum: esset ibi
438 978 1154 1037 simplicitur ordo realis: ita quod memoria perfecta in a¬
438 1023 1138 1078 ctu esset ibi primum: dicere secundum: verbum tertium Cons¬
439 1064 1138 1124 militer phiotspht argui de voluntate et spiratione spiritus san
432 1112 1156 1166 cti. et sic patet quod semper per priora tamquam per causas propter quid
441 1162 1153 1216 possent sciri posteriora: ergo nunc est huiusmodi ordo eo¬
438 1200 1150 1255 rum secundum rationem qualis esset si realiter vt dictum est essent
444 1241 1145 1306 inter se distincta. Item pro vtraque conclusione praedicta
441 1287 1153 1345 arguitur secundo sic. In demonstrationibus quia et propter
447 1329 1141 1381 quid de eodem videtur esse ordo conratrarius. Nam in demon
435 1382 1159 1440 stratione quia prius concluduntur quae sunt propinquiora effe¬
446 1417 1153 1472 ctui a quo arguitur. et ista videntur esse remotiora
444 1458 1150 1527 a causa per se: econuerso autem in demonstratione simpliciter et
453 1503 1154 1563 propter quid vbi prius concluduntur illa quae sunt propinquora
456 1547 1159 1611 prai causae: et vltimo concluditur de effectu remoto: ergo si
440 1589 1147 1652 aliqua conueniunt alicui causae quae statim possunt concludi
453 1643 1153 1694 ex effectibus: et alia quae non possunt. ista non videntur habere
449 1675 1163 1733 ordinem ieque immediatum ad talem causam: nunc autem ali
443 1720 1160 1782 quae possunt concludi de deo ex effectibus et aliqua non: ergo haoc
455 1769 1150 1827 et illa secundum ordinem nature insunt deo. ⁋ Confirmatur
451 1804 1163 1865 quia aliqua possunt cognosci de deo confuso conceptu ali
455 1852 1156 1907 quae non nisi distincto conceptu. ⁋ Tertium probatur ali
461 1899 1157 1954 bi quotlibet. q. ist quia talis proposito neccessaria puta deus
459 1933 1159 1993 est opis. et eadem ratione tales deus est creatiuus: beati¬
458 1982 1161 2039 ficatiuus etc. est propositio demonstrabilis: quia neccessarium me
455 2030 1165 2082 diatum. hoc probatur: quia qualis est ordo realis inter ali
455 2073 1160 2129 quae si sint distincta realiter talis est ordo cognitionis in¬
455 2112 1165 2173 ter eadem qualitercumque sint distincta in esse cognosci¬
446 2163 1171 2216 bili: nunc autem si esset distinctio realis inter naturam et
450 2204 1168 2261 intellectum et voluntatem et potentiam ad extra. esset talis or
451 2251 1162 2302 do realis. quiquia natura habet talem intellectum et volunta
453 2292 1163 2349 tem ideo est sic potens respectu talium ad extr: ergo haec quali
462 2339 1163 2390 tercumque sint distincta semper erit ordo cognoscibili¬
459 2381 1169 2432 tatis talis quod quia natura diuiua habet tale intellectum
462 2427 1163 2477 et talem voluntatem: ideo habet talem potentiam quae est omipoten¬
455 2468 1168 2526 tia. Similiter notionale immediatius conuenit essen
459 2514 1165 2567 tie quam illud quod dicit relationem ad extra sed de illo compran
454 2558 1169 2632 do ipsum ad diuinam personam potest esse verum medium.
1227 175 1951 237 ⁋ Preterea arguitur sic. de quidditate non contenta in ali
1233 222 1948 274 quo priori composito habente per se diffinitionem et causam
1237 270 1945 324 et passionem a se realiter distinctam. et habente plures conce
1248 308 1952 361 ptus denominatiuos per se secundo modo. de omni tali potest esse
1242 352 1954 408 scientia proprie dcam tamquae de subiecto. sed hoc non est ratione
1238 395 1956 454 compositionis nec causationis nec distinctionis realiter
1245 448 1957 504 passionis ergo subiecto. patet de ente. ergo praecise: quia habet
1245 476 1951 544 plures conceptus ordinatos. sed huiusmodi est deus. ergo etc.
1245 524 1956 596 ⁋ Contra istam opinionem: quantum ad aliqua decata in ea ar
1248 573 1949 637 guo primo. quod attributa non possunt de deo demonstra¬
1249 618 1957 674 ri propterquid. et hoc de deo distincte cognito quomo
1240 663 1957 721 loquitur doctor iste. quia nullus conceptus communis quiddita
1252 715 1961 761 tiuus: potest demonstrari demonstratione proptquid de
1243 753 1960 808 illo quod immediate continetur sub eo. quia talis propositio est
1251 795 1963 848 immediata secundum philosophum id est posteriorum. et per consequens illa non
1249 846 1957 898 est altera prior. sed omnis talis conceptus est communis deo a
1254 890 1960 935 creaturis: vt suppono nunc: quia postea probabitur. et
1252 932 1957 986 est conceptus quidditatius. quia supposito ad praesens: et
1259 970 1960 1025 postea probabitur: quod inter diuinam essentiam et diuinum
1249 1020 1967 1074 intellectum vel voluntatem nulla est distinctio: nec
1239 1056 1973 1115 realis: nec rationis. ergo conceptus bonitatis vel quicumque talis
1247 1106 1963 1157 est quidditatius. et per consequens nullus talis potest de deo de¬
1259 1147 1969 1208 monstrari. ⁋ Si dicatur quod omnino de eadem re sine omni
1261 1193 1960 1249 distinctione possunt esse plures conceptus scilicet quidditati¬
1248 1241 1961 1298 uus et denominatiuus ⁋ Contra. quandocunque quicquid omnino
1247 1279 1962 1332 a parte rei exprimitur per vnum conceptum etiam per alium. non
1248 1325 1957 1380 est maior ratio quare vnus sit quidditatiuus: quam alius. se
1256 1368 1973 1425 si nulla penitus sit distinctio a parte rei inter diuinam
1249 1419 1975 1470 essentiam et intellectum et actum intelligendi. nihil yma¬
1254 1459 1975 1521 ginabile potest exprimi per vnum conceptum: quod non per alium.
1248 1497 1969 1560 ergo vterque erit quidditatius: vel neuter. Si dicatur quod
1254 1539 1966 1603 exprimitur idem non eodem modo. ⁋ Contra. non potest assigna
1254 1588 1985 1646 ri talis diuersitas modorum: nisi aliquo modo propter ali
1251 1631 1978 1680 quam non identitatem a parte rei. ⁋ Confirmatur ista ratio
1251 1675 1979 1724 qui ille conceptus quae praecise expremit quidditatem: et nihil
1257 1722 1973 1775 aliud: est quidditatius. non esim potest alia ratio assignari.
1255 1765 1973 1824 quare aliquis conceptus est quidditatius. ergo omnis conceptus
1251 1800 1979 1865 talis est quidditatium. Quod autm sit immediatus patet. quia
1246 1844 1985 1908 nihil est medium. quia nec deus certum est. nec aliquid
1251 1894 1982 1949 creatum quia illud est alterum condiuidens. sicut quando dicitur
1247 1939 1969 1994 sapientia quaedam est creata: quadam increata. sapientia ibi imme
1258 1982 1969 2036 diate praedicatur de sapientia increata quae nullo modo distin¬
1254 2030 1963 2084 guitur ab essentia diuina. ergo nullus conceptus talis potest de
1260 2070 1966 2124 monstrari a priori de deo distincte cognito. nisi for¬
1258 2115 1980 2162 te demonstraretur passio aliqua entum in communi de deo per ests
1261 2163 1963 2214 tamque per medium. ita quod aliquis conceptus communis deo a cre
1254 2207 1972 2257 ature sit medium in illa demonstratione. ⁋ Secundo ar¬
1260 2247 1970 2303 guo. quod nullum notionale potest demonstrari de di¬
1258 2289 1970 2340 uina essentia per aliud notionale. quia nulla est di¬
1261 2330 1982 2396 stinctio ibi: nisi praecise inter essentiam et relationem et re
1266 2377 1972 2435 lationes inter se. ita tamen quod in proprietatibus vnius persone
1255 2417 1979 2472 nulla est distinctio. ergo non potet ibi esse aliquod medium
1266 2460 1981 2520 demonstrandi vnum de reliquo. ⁋ Per idem patet contrater
1263 2520 1981 2567 tium. quia conceptus ad extra non potest demonstrari de diuina
1266 2548 1990 2633 essentia. quia nihil est tale medium etc. Arguo ergo sic.
