2193 3061
410 181 1114 265 his suppositum probo primam propositionem quod non mino
412 245 1114 302 ris potentie est deus in augedo quam natura: sed natu
404 286 1117 344 ra potest producere vnum indiuiduum alio eiusdem ratio¬
413 336 1113 398 nis non destructo. igitur deus potest. probatur assumptum
416 379 1124 441 posito quod deus continuaret motus celestes in infini¬
408 420 1120 476 tum: tunc potest natura quolibet die vnum post alium.
408 464 1124 522 igitur deus hoc potest. Si dicas quod non potest producere
414 508 1129 569 secundum non destructo primo. Contra. hoc non esset nisi¬
410 549 1118 615 quia primum productum est summum. et per consequens ipso existente
417 597 1120 652 non potest secundum produci: sed istud non impedit: quia ex isto
420 639 1130 699 sequitur quod nullus habet gratiam nisi anima christi. tenet: quia
410 681 1129 740 habet gratiam in summo per te. et per consequens stante illa non potest
419 727 1132 783 quaecunque alia produci. hoc est cotro omnes: quia non obstante quod
410 770 1124 839 prima forma sit in terimo: adhuc potest alia eiusdem
411 814 1136 870 rationis produci ipsa permanente. Sed dicas quod species non
427 857 1138 915 est multiplicabilis. et ideo existente vno indiuiduo non
416 902 1129 967 potest aliud fieri. Contra. illud est dictum philosophi: vt patet
418 958 1130 1005 de corporibus celestibus vbi posuit tantum vnum in vna
416 997 1138 1048 specie: sed non est dictum alicuius theologi: sed habet illud sim¬
426 1035 1129 1095 plicitur negare. Secunda propositio est quod si sint duo
417 1077 1141 1141 indiuidua eiusdem rationis si vnum est vnibile alicui
424 1122 1136 1183 eiusdem rationis et alterum esset vnibile eidem: quia quando
416 1175 1142 1222 aliqua plura eiusdem rationis continentur sub aliquo cor¬
419 1211 1143 1273 pore quicquid competit vni indiuiduo potest competere
427 1255 1136 1309 consimile omni indiuiduo eiusdem rationis: et quod forma¬
423 1296 1145 1352 liter repugnat vni repugnat omni. patet: si enim cali¬
423 1342 1142 1395 dum non repugnat vni homin nec alter. ideo si sint plu¬
430 1388 1145 1442 ra indiuidua eiusdem rationis: et vnum est vnibile ali¬
430 1429 1145 1493 cui: aliud est vnibile eidem. Ex istis patet quod deus
430 1472 1147 1532 non potest facere tot indiuidua eiusdem rationis nata
433 1517 1150 1574 facere vnum quin potest facere plura praemis existenti
429 1561 1144 1625 bus puta quantitates ignes. formas naturales et
432 1609 1144 1667 accidentales vel gratias secundum primam suppositionem et
431 1647 1141 1715 per secundam quicquid est vnibile vni et alteri. igitur non
428 1694 1148 1759 potest tot aquas vnire quin plures. et per consequens potest fa
424 1739 1151 1787 cere aliquam quantitatem maiorem omni data et aquam et
423 1787 1145 1839 ignem et omnia talia tam substantialia vnibilia quam acci
429 1827 1144 1886 dentalia Item accipio centum aquas et accipio quod
438 1875 1144 1924 illud sit summum quod potest deus facere in illa specie
438 1909 1144 1967 et potest illas aquas vnire. quaero tunc an potest vnam aliam
438 1961 1154 2024 paruam aquam aut non per se dico si non illud apparet
444 2001 1153 2052 confidem et est dictum philosophi quia philosophus ponit quod tota materia
440 2041 1144 2102 prima quae potest creari creata est: ideo deus secundum illum
442 2090 1151 2143 nihil potest plus facere sub materia quam nunc sit fa¬
443 2128 1159 2191 ctum. et istud plane est contra fidem. si sic: tunc illa potest al
445 2176 1159 2236 teri vniri secundum secundam suppositionem. et sicut argui
435 2225 1156 2276 tur de ista ita arguitur de alia in infinitum. ⁋ Io di¬
441 2259 1163 2321 co quod non est status in augmentatione forme. Distin
435 2316 1165 2368 guo tamen de augmentatione: quia quadam est secundum extensionem
447 2350 1163 2403 quadam secundum intensionem. primo modo potest forma tam sub
435 2395 1153 2444 stantialis quam accidentalis augmentari in infinitum.
437 2437 1153 2492 sicut patet de aqua et igne et aliis elementis. et est
435 2488 1166 2539 augmentatio secundum extensionem quando augetur forma vna
435 2521 1156 2578 tantum in diuersis partibus materie. sicut quando ignis au
441 2570 1156 2642 gitur sicut est augmentatio et addito forme ignis
1226 166 1945 252 modo predicto. Ita est ibi noua additio noue
1237 228 1937 283 materie. et talis augmentatio est in aqua quando ad
1227 279 1937 332 ditur aque et vocatur augmentatio secundum extensio
1220 318 1939 372 nem. Augmentatio intensiua est quando augetur forma in
1225 367 1934 414 eadem parte materie sicut caritas in anima et albedo
1224 410 1946 463 in eadem parte superficiei. Toquendo de augmenta
1229 451 1948 503 tione intensiua potest forma accidentalis habens
1230 504 1949 556 plures partes eiusdem rationis quantum est ex se auge¬
1233 536 1951 591 ri in iniinitum: licet forte sit impedimentum a par¬
1236 582 1943 637 te subiecti: sed secundum istam viam potest dici quod christus ha
1230 627 1945 681 buit perfectissimam et summam gratiam de potentia
1227 667 1937 727 dei ordinata non absoluta: sicut patet ex dictis
1236 712 1939 771 Si dicas quod christus non recepit ad mensuram gratiamm
1227 756 1952 822 et beata virgo fuit plena gratia: et stephanus fuit
1233 808 1955 863 plenus gratia et fortitudine. ⁋ Dico quod iste no¬
1227 846 1954 899 te plena etc. aliquando accipiuntur pro sufficientia ali¬
1238 890 1955 947 quando pro copia: aliquando pro plenitudine de dei po
1242 939 1945 989 tentia ordinata non tamen absoluta. et sic in christo fuit
1242 976 1960 1042 plenitudo gratie: quia quanta potuit esse de poten¬
1242 1030 1948 1086 tia dei ordinata ⁋ Cui tamen non placet iste modus
1243 1073 1960 1121 dicendi propter reuerentiam christi potest aliter dicere
1251 1108 1957 1169 quod sicut subiectum determinat sibi certas quali¬
1239 1163 1957 1206 tates et passiones quarum opposita non possunt re
1245 1201 1961 1250 cipere mediante subiecto. sic quaelibet anima et quodli
1244 1238 1960 1293 bet subiectum determinat sibi certum gradum vltra
1248 1286 1975 1347 quem non potest alium recipere perfectionem stante na¬
1252 1327 1964 1384 tura subiecti ⁋ Et tunc formam habere gradum
1247 1383 1963 1433 potest duplicitur intelligi. vno modo in se ita quod sibi re
1257 1418 1972 1470 pugnat habere gradum vlteriorem. et sic natura
1252 1459 1972 1514 habens partes eiusdem rationis non habet gradum
1254 1500 1963 1558 summum. Alio modo quod habet summum in tali sub¬
1254 1546 1970 1605 iecto: quia subiectum determinat sibi certum gradum
1255 1592 1972 1647 vltra quem nihil potest recipere: sic potest habere sumn¬
1255 1646 1976 1690 mum ita quod de potentia sua absoluta non potest in ta¬
1253 1678 1967 1734 li subiecto facere gradum vlteriorem: licet potest in alio
1259 1724 1969 1780 subiecto. et sic potest concedi quod anima christi habuit tam
1250 1770 1982 1821 tam gratiam quantam deus potuit ei conferre de po¬
1260 1819 1972 1865 tentia sua absoluta: quia tantam sibi cotulit quan
1260 1861 1973 1906 tam recipere potuit. et sic habuit summam possibi
1257 1898 1982 1951 lem de potentia dei absoluta. et cum hoc scilicet quod est
1257 1946 1981 2003 set aliquod subiectum capax maioris gratie quin deus
1257 1984 1969 2048 potest sibi maiorem conferre. et credo quod non est aliquod
1256 2030 1978 2085 subiectum sic informatum per quodcumque accidens augmen¬
1257 2078 1984 2139 tabile quin deus potest illud accidens adhuc augere
1260 2115 1969 2183 ⁋ Ad rationes in oppositum ad primam dico quod ad hoc
1268 2164 1981 2226 quod argumentum valeat oportet dare primum medium
1258 2204 1967 2255 et vltimum. nunc autem non est dare vltimum gradum
1263 2248 1986 2306 creabilem nec in re nec in intellectu diuino vel
1269 2294 1981 2350 angelico: quia vltra omnem gradum quem deus intelli
1266 2336 1991 2400 git potest facere alium: et alium in infinitum quorum quod¬
1269 2381 1988 2446 libet intelligit. Et si esset dare vltimum gradum
1267 2424 1990 2492 quem intelligit: tunc procederet ratio et aliter non. Ex
1266 2468 1988 2526 emplum philosophi et commentatoris. iii. phisicorum quae dicunt
1259 2514 1986 2572 quod diuisio continui in infinitum procedit: ita oppo¬
1259 2556 1982 2631 sitio ex alia parte procedit in infinitum. quia si diui¬
