2246 3090
438 249 1147 313 sunt eiusdem speciei quicquid formaliter stat
437 303 1147 350 cum vno et altero: et quicquid repugnat vni
432 354 1159 406 et alteri: sicut quicquid stat cum albedine vna stat
442 388 1147 443 et cum altera. similiter quicqud repugnat vni albe¬
447 431 1156 487 dini et alteri. patet ergo propositio assumpta. sed fides
445 482 1145 532 acquisita circa vnum articulum stat cum errore cir¬
432 523 1153 572 ca alium. patet de heretico. sed acquisita fides et error
438 571 1153 624 non stant circa eundem articulum. ergo fides acquisita
438 615 1156 663 circa vnum articulum et alium sint distincte speciei. quia
431 650 1147 710 si essent eiusdem speciei: tunc sicut error repugnat
444 697 1158 744 vni ita repugnat alteri. et sicut stat cum vno: et ita
443 740 1154 789 cum altero. et per istam viam tenent rationes Iohis in qua
435 790 1150 838 stione praedicta. quia per primam probat quod sunt distincti
435 827 1159 886 circa istas conclusiones. per secundam quod distinguum
429 870 1157 936 tur specie ⁋ Quantum ad secundam difficultatem quo
435 926 1142 975 potest esse vna fides omnium articulorum fidei: potest du
432 961 1155 1021 pliciter dici. Uno modo quod fides infusa habet ali
444 1005 1160 1068 quod complexum pro obiecto immediato: quod potest esse
444 1048 1144 1102 prmissa et principium partiale inferens omnem articu
432 1093 1156 1145 lum in spaiali. et est istud complexum omne reuelatum a deo
436 1143 1147 1196 est verum: sicut reuelatur esse verum. nam istud potest in
441 1188 1148 1238 ferre omnem articulum fidei. potest enim sic argui respe
443 1224 1157 1280 ctu cuiuslibet articuli omne reuelatum a deo est
441 1274 1157 1322 verum: sicut reuelatum est esse verum. sed deum esse tri¬
432 1313 1141 1376 num et vnum incarnatum et passum etc. Unde sicut istud
451 1357 1151 1408 complexum est principium inferens omnem articulum in
429 1400 1159 1457 spaiali. ita habitus fidei infuse: cuius hoc complexum
435 1451 1145 1503 est immediatum obiectum inclinat mediante ad
430 1496 1150 1541 actum elicitum circa omnem articulum in spaiali virtute
429 1533 1150 1585 huius complexi. et sic est vna fides omnium articulorum
442 1582 1159 1630 fidei mediate. sed non immediate. Sed alio modo in
435 1624 1166 1676 clinat fides ad actum credendi articulos in span¬
433 1672 1150 1725 li. et alio modo habitus principii ad actum de quo su
432 1710 1155 1766 pra dictum est. quia fides infusa sic inclinat ad actum
439 1762 1160 1807 fidei elicitum circa articulos in spciali. quod nec ha
432 1795 1162 1854 bitus fidei infuse nec actus potest cum intellectu esse
450 1845 1162 1896 principium sufficiens ad eliciendum actum credendi
438 1895 1159 1943 circa articulum aliquem in spaciali. patet. Nam pruulus ba¬
432 1935 1165 1987 ptisatus nutritus solitarie alicubi vbi nunquam in
438 1979 1157 2023 struitur in articulis fidei ille habet fidem infusam
450 2018 1163 2072 et vsum rationis. et tamen nullum actum credendi circa quen¬
441 2062 1160 2112 cumque articulum potest elicere. igitur ad actum eliciendum
450 2114 1156 2160 circa articulum spaialem neccessario requiritur fides ad
447 2161 1160 2205 quisita circa illum articulum. puta per auditum. quia fi¬
456 2196 1166 2248 des acquisita secundum prophetam est ex auditum vel per vi¬
454 2240 1157 2295 sum. puta si videat aliquem actum scriptum in libro
451 2280 1160 2338 et ei credat. et hoc est simile de aliquo qui crederet to¬
457 2329 1160 2382 tam historiam scriptam in biblia: et totam bibliam esse
460 2376 1157 2432 vera. etiam si hoc crederet actu elicito nunquam ex
450 2413 1169 2466 hoc solo potest sufficitunrter habere actum credendi re¬
459 2465 1171 2521 pectu cuiuslibet historie in spaciali nisi mediante
454 2505 1157 2554 fide acquisita de illa hiystoria. et hoc erit vel per
444 2553 1162 2598 doctorem cui credit vel per inspectionem in libro. ha
462 2598 1174 2651 ditus ergo fidei infuse inclinat mediate ad actum
462 2644 1172 2705 credendi circa quemlibet articulum in spaciali. quia me
1255 236 1973 302 diante actu elicito circa obiectum suum immediatum
1251 294 1983 346 qui actus cum fide acquisita circa articulum in spaiali
1258 341 1974 389 est causa partialis immediata respectu actus cre
1257 383 1979 436 dendi illum articulum. non inquam primum simpliciter quia
1260 429 1976 479 prius circa eundem articulum ex multis actibus
1257 473 1982 523 credendi generatur fides acquisita: sed non est
1248 514 1982 571 causa immediata secundi actus credendi theologi¬
1257 558 1974 608 ce et forte meritorie: ita quod fides infusa quae est ha¬
1257 606 1979 652 bitus est tantum causa mediata: quia est causa cau
1245 647 1974 695 se. ⁋ Sed dubium est vtrum fides infusa cum intelle
1249 692 1972 746 ctu potest esse sufficiens ad eliciendum actum creden¬
1251 736 1973 787 dendi circa suum obiectum primum puta omne reuela¬
1248 780 1964 836 tum a deo etc. sine fide acquisita ⁋ Respondeo quod
1248 823 1976 875 non. patet de puero nutrito secundum casum predictum
1248 868 1966 921 qui habet fidem infusam respectu cuiuslibet com
1263 919 1973 966 plexi. et tamen nunquam potest aliquem actum circa
1257 960 1964 1012 aliquam elicere nisi instruatur: quia omne reuela
1255 994 1991 1055 tum a deo sit verum etc. et credat per fidem acquisi
1257 1044 1973 1102 tam ex actibus credendi instruendo. et ideo ad
1252 1086 1972 1136 actum credendi illud complexum ita requiritur fi
1251 1137 1972 1187 des acquisita sicut ad quemcunque articulum in spe¬
1260 1175 1985 1225 ciali. Sed quando dicitur inclinare ad actum cre
1258 1224 1978 1275 dendi elicitum circa illud complexum. Respondeo quod
1257 1267 1985 1318 habita fide acquisita circa illud complexum po
1260 1314 1975 1362 test tunc immediate concurrere cum intellectu et
1249 1359 1969 1405 fide acquisita sicut causa partiali ad eliciendum
1251 1401 1982 1449 actum primum credendi theologicum et meritorium
1256 1440 1982 1492 circa illud complexum: ita quod habitus est causa in
1260 1483 1973 1532 mediata illius actus et prius non potuit est cau
1260 1531 1975 1578 sa immediata: quia deficit causa partialis neces
1248 1578 1985 1630 sario requisita puta fides acquisita: sed respe¬
1254 1615 1986 1666 ctu aliorum articulorum non est habitus causa im¬
1254 1659 1984 1712 mediata: sed actus illius habitus et habitus in
1254 1708 1981 1760 fusus est tantum causa cause sicut prius dictum
1260 1752 1975 1799 est. ⁋ Ex istis potest patere quomodo fuit vna
1254 1793 1975 1846 fides et eadem in antiquis patribus et moderi
1263 1835 1984 1892 nis. quia alio modo credebant in speciali ipsi
1263 1882 1975 1937 quam nos et alia complexa fuerunt ab ipsis credit
1254 1930 1978 1977 ta quam a nobis: quia illud quod credebant de futu¬
1264 1968 1990 2023 rao nos credimus de preterito. sicut ipsi crede¬
1267 2010 1978 2066 bant christum fore incarnandum et passurum et resurre
1270 2052 1988 2108 cturum et ascensurum: et nos credimus eum fuisse pas¬
1266 2098 1990 2153 sum incarnatum resurrexisse et ascendisse: sed ista
1263 2143 1993 2198 sunt diuersa complexa. probatur: quia est impos¬
1263 2187 1990 2239 sibile quod vnum et idem complexum simul et semel sit vel
1260 2236 1982 2284 rum: et falsum: sed hoc complexum christus morietur an
1261 2278 1993 2328 te passionem christi fuit verum. et sic fuit in antei
1267 2328 1991 2377 quis patribus: sed tunc hoc complexum christus
1266 2367 1991 2419 mortuus est fuit falsum: et nunc est econuerso:
1269 2413 1990 2459 quia nunc hec est vera christus mortuus est. et nunc
1270 2451 1987 2506 hec est falsa. christus morietur: quia iam non moritur.
1266 2492 1996 2553 secundum apostotum. igitur impossibile est quod ista sint idem com¬
1275 2548 1997 2600 plexum christus morietur christus mortuus est: ta¬
1273 2587 1991 2642 men licet diuersa complexa credita ab eis et a
1266 2631 1997 2696 nobis: idem fuit articulus: quia articulus de
