2255 3091
471 222 1171 299 beum et omne quod vult deus a me diligi et post con
471 296 1169 345 stet mihi per scripturam quod deus vult a diligi a men
468 334 1171 393 inclinat tunc caritas infusa mediate: quia medi
468 384 1177 437 ante actu suo cum caritate acquisita et voluntate
464 424 1168 471 ad diligendum a sicut nunc mihi constat per
462 469 1172 516 scripturam quod deus vult inimicum meum pro statu
468 513 1177 563 isto diligi a me: tunc per habitum caritatis infuse
470 550 1179 604 cum caritate eius acquisita inclinor ad diligendum
459 606 1172 660 inimicum. et hoc: quia deus vult nunc me diligere
459 636 1171 696 inimicum. et quando erit damnatus: tunc non diliga eun¬
465 689 1177 739 qui deus non vult me eum diligere semper: tamen ma
464 730 1174 779 net idem habitus caritatis. ⁋ Quartus articu
467 775 1168 823 lus est de compossibilitate et incompossibilitate
453 824 1168 878 istorum habituum cum aliis habitibus: et est difficui
468 857 1175 919 tas specialis de fide quo stet cum scientia: : dici¬
455 899 1168 962 tur quod sic. quod probatur: quia aliquid potest alteri conuen¬
463 955 1175 1010 re dupliciter. vno modo intrinsece quocumque alio
465 989 1186 1048 amoto et circumscripto. et illud dicit conuenire ali
462 1037 1184 1088 teri ex se. Alio modo extrinsece ex concursu alteri¬
458 1074 1178 1139 us: et illud dicitur sibi conuenire ex alio: tunc sic com¬
465 1132 1177 1181 traria quae sic competunt alicui possunt simul stare.
462 1169 1174 1227 Exemplum. materia habet ex se priuationem et ab agen¬
459 1209 1177 1263 te habet informationem: consimiliter creatura dicitur non es
464 1260 1173 1309 ex se et ens ab alio: similiter obscuritas conuenit fider
457 1301 1181 1353 sed euidentia obiecti conuenit anime ex concursu sci
459 1341 1178 1399 entie. Contra. impossibile est contraria competere
462 1385 1175 1445 eidem siue a se siue ab alio: sed obscuritas et eui¬
459 1431 1181 1482 dentia sunt contraria. et per consequens formaliter re¬
458 1473 1171 1534 pugnant. igitur etc. Si dicas quod non sunt contraria
463 1516 1169 1581 Contra. frustra ponitur totus processus ad saluam
465 1560 1174 1617 dum quo contraria possunt competere eidem. Pre
459 1608 1177 1671 terea ille modus loquendi quo aliquid conuenit ali
459 1648 1181 1709 cui ex se etc. non est proprius nec conueniens: quia illud
464 1688 1184 1746 dicitur alicui conuenire ex se quod conuenit sibi circum
470 1736 1181 1797 scripto negatiuo et positiuo: sed nec priuatio com¬
460 1792 1181 1840 uenit materie circumscripta omni forma et omni priua
471 1825 1174 1884 tione: nec non esse creature circumscripto quocum
465 1869 1186 1934 que esse et nonesse. vnde dico quod materia est indiffe¬
462 1919 1181 1975 rens ad formam et priuationem: quia aliquando est sub for
462 1956 1180 2013 ma: aliquando sub priuatione. Et quando dicis quod quando ali¬
465 1998 1187 2054 quid conuenit alicui circumscripto quocuque alio con¬
470 2043 1177 2095 uenit sibi ex se. Dico quod quando aliquid positiuum coue
465 2087 1181 2144 nit alicui quocumque alio positiuo circunscripto
475 2129 1178 2190 tunc illud couenit sibi ex se et non ab alio. Exem
474 2178 1186 2235 plum. rationale conuenit homin circumscripto omni posi
483 2219 1183 2266 tiuo: ideo rationale couenit sibi ex se. similiter si sit ne
478 2261 1189 2321 gatiuum et couenit alicui: si conueniat sibi circum¬
475 2306 1190 2373 scripto quocumque negatiuo: tunc conuenit ei ex se
474 2357 1189 2407 sicut negatio couenit priuationi circumscripta omni
474 2396 1180 2446 alia negatione ab ipsa priuatione. ideo conuenit sibi ex
477 2440 1187 2497 se et non debet concedi quod negatio conueniat alicui ex se
472 2484 1196 2541 si conueniret sibi circumscripto quocumque positiuo
480 2539 1198 2590 et tunc dico quod circumscripta a materia quaecunque ne
480 2585 1193 2635 gatione priuatio non conueniret sibi: quia tunc circumscra
474 2618 1193 2692 beretur puatio. nec non esse creature conuenit cir
1288 224 1997 293 cumscripta quaecunque negatione. similiter dicitur quod fides ex
1284 288 1984 339 visio clara non compatiuntur se simul: quia sunt contrarie
1275 329 2000 382 excellentiis et non in gradibus remissis quae pos¬
1275 373 1991 422 sunt simul stare ⁋ Contra. assumptum est falsum: quia
1278 422 1990 470 contraria compatiuntur se in gradibus remissis et
1281 467 2001 511 non in suis excellentiis: ita quod eadem pars nume¬
1278 513 1990 559 ro dicetur simul calida et frigida: quia contrarietas re
1278 549 1987 603 pugnantia oppositio sunt passiones conuenien
1275 603 1993 647 tes alicui subiecto primo. et competunt omnibus
1278 640 1999 693 contentis sub illo subiecto per illud subiectum: quia
1287 681 1990 731 quero aut iste passiones conueniunt speciebus
1283 725 1997 780 primo: aut indiuiduis contentis sub specie pri¬
1276 776 2000 825 mo. si primo modo: tunc quandocumque aliqua passio con¬
1282 813 1993 866 uenit alicui communi: conuenit omni cotento sub illo communi
1271 856 1993 908 patet per se. sed passiones predicte coueniunt spe¬
1287 904 1984 955 ciei caloris etc. igitur competunt calori in omni gra¬
1284 943 1996 1001 du intenso et remisso. si secundo modo: hoc nullus con¬
1290 991 1993 1045 cedit quod scilicet inter istum calorem et istud frigus sit
1281 1029 2005 1086 primo repugnantia et oppositio: quia tunc non esset
1281 1075 1994 1128 inter alium calorem et frigus nisi mediantibus istis
1284 1125 1993 1173 quod nullus dicit. Item quicquid competit vni indiui
1285 1165 1996 1218 duo potest simul competere omni indiuiduo eiusdem rati
1281 1210 1993 1261 onis: ita quod non repugnat sibi couenire omni al¬
1276 1249 2005 1309 teri indiuiduo eiusdem rationis. Exemplum. si sortes
1281 1295 1999 1351 potest esse pater non repugnat alicui homin quin potest esse
1286 1341 1999 1397 pater. si calori remisso non repugnat frigus in
1284 1385 1988 1439 gradu remisso. igitur non repugnat sibi in gradu
1276 1424 1997 1481 summo: quia frigus in infimo et in summo est eius¬
1281 1463 2004 1527 dem rationis. et eodem modo frigori in summo non
1275 1512 2008 1569 repugnabit calor in summo. ergo nec in infi¬
1293 1557 1994 1610 mo: quia calor in infimo et in summo sunt eiusdem
1292 1602 2000 1652 rationis. Item forma inherens subiecto denominat
1283 1651 1993 1699 illud subiectum: ita quod si sit forma perfecta deno
1293 1687 2000 1744 minat perfecte: si imperfecta imperfecte. Si igitur ca¬
1290 1736 1990 1796 lor et frigus in gradibus remissis sunt simul it
1284 1786 2000 1833 eodem: idem est simul calidum et frigidu non in sum
1294 1831 2003 1877 modo. Item si sic compatiuntur se ita quod summum vnius
1284 1864 2005 1918 compatitur secum remissum alterius sicut calor in
1281 1914 1996 1968 summo compatitur secum frigus in infimo: tunc
1288 1961 1993 2008 actus diligendi deum super omnia et actus odier
1288 1993 2000 2047 di deum in gradu remisso possent simul stare. quod
1288 2049 1993 2098 videtur ab surdum ⁋ Ideo dico quod compossibili
1293 2081 1999 2145 tas istorum potest intelligi tripliciter. vno modo quantu
1290 2128 2008 2190 ad habitum vnius et actu alterius. alio modo quantum
1288 2172 1999 2228 ad actum vtriusque. tertio modo quantum ad habitus.
1293 2224 2002 2274 ⁋ Quantum ad primum dico generaliter quod nullus
1290 2259 2000 2317 actus repugnat habitui: et ideo actus fidei po
1287 2303 1997 2365 test stare cum actu scientie et clare visionis: quia no
1299 2348 2008 2405 est maior repugnantia inter ista nec talia quam est
1299 2395 1996 2443 inter actum errandi et habitum scientie circa ean
1297 2435 2005 2492 dem conclusione. similiter habitum temperantie et actum
1294 2484 2005 2536 intemperantie: sed non includit contradictio
1285 2524 1999 2583 nem quod respectu eiusdem sit actus scientie et ha
1291 2575 2006 2633 bitus errandi similiter habitus temperantie et actus
1291 2622 2009 2688 intemperantie. igitur etc. Assumptum patet: quia pona¬
