2253 3069
459 186 1181 267 istarum virtutum. Utrum fides prima species secunda ca¬
462 247 1168 300 ritas tertia. quod caritas sit prior specie. probatur: quia
460 295 1172 346 actus caritatis est prior actu speciei. igitur etc. ma¬
456 342 1175 390 ior patet: quia actus caritatis est diligere: et actus
455 379 1165 441 speciei est desiderare: sed dilectio precedit deside
465 420 1175 475 rium. Sppositum tamen videtur quod aliquis potest ha¬
462 465 1166 525 bere speciem sine caritate et non econuerso. igitur etc.
460 508 1163 562 ⁋ Tertium dubium est. vtrum corruptis habitibus in
465 558 1165 614 fusis possunt habitus naturales remanere. proba
465 599 1181 653 tur quod no: quia destructa caritate non potest aliquis deum
452 636 1171 705 diligem super omnia: ergo etc. et eodem modo de aliis. ⁋ Quar
462 689 1175 743 tum dubium est de fide infusa. videtur quod non sit vna
465 728 1168 788 respectu omnium reuelatorum: quia est de illo complexo
454 781 1178 831 tanquam primo obiecto. Se reuelatum a deo etc. quia
459 817 1178 881 tunc non potest aliquis per fidem infusam assentire alicui
465 862 1169 918 articulo in spaciali puta huic deus est trinus et vnus
460 901 1177 960 nisi primo assentiat huic omne reuelatum etc. quod fal
464 951 1168 1005 sum videtur: quia posito quod propositionatur sibi iste articu
463 996 1178 1054 lus deus est trinus et vnus: et non cogitet de hoc
460 1046 1178 1093 complexo omne reuelatum etc. adhuc potest per fidem infu¬
460 1080 1172 1135 sam assentire huic articulo deus est trinus et vnus
465 1121 1178 1176 igitur etc. Item tunc fidei infuse subesset falsum: quia hoc
460 1174 1168 1222 est contingens omne reuelatum etc. quia ante reuelatioem
453 1214 1178 1267 fuit falsa. igitur et nunc est contingens. et per consequens potest esse
457 1258 1168 1317 falsa: et fides infusa potest manere per potentiam di¬
465 1298 1174 1356 uinam. igitur fidei potest subesse falsum. ⁋ Aliud du¬
464 1344 1169 1401 bium est de hoc quod dicitur quod contraria non compatiuntur se in
460 1390 1180 1446 actibus remissis: quia secundum philosophum. vi. phisicorum omne
459 1435 1176 1492 quod mouetur parti est in termino a quo: et partim
459 1478 1178 1528 in terimo ad quem. igitur si aliquid mouetur ab albedi¬
466 1531 1174 1577 ne in nigredinem partim est in albedine et partim
466 1571 1175 1621 in nigredine ⁋ Ite tunc esset dare primam muta¬
460 1610 1187 1664 tionem motus infrigidationis quod est conm philosophum. vi. phi
466 1655 1175 1714 sicorum sicut nec est dare primam mutationem motus
471 1701 1175 1755 remissionis. ⁋ Item agens naturale non destruit
460 1743 1176 1794 nec remittit calorem nisi causando: aliquid incompos
475 1786 1187 1838 sibile calori. igitur etc. ⁋ Istem ad sensum patet quando aqua
465 1839 1187 1886 calesit inducitur calor non expulsa tota frigidita
470 1879 1189 1922 te: quia aliquis simul et semel potest sentire in aqua ca¬
474 1921 1180 1979 liditatem et frigiditatem. ⁋ Ad primum istorum dico quod
476 1965 1190 2014 assumptum non est verum nisi de habitibus natura¬
469 2004 1178 2053 liter acquisitis tales duo non ponuntur in eadem po
465 2047 1181 2098 tentia rectum eiusdem actus: sed si vnus sit acquisitus et alius
468 2095 1184 2146 infusus tunc possunt esse duo respectu eiusdem actus sic
478 2140 1193 2193 est in proposito de fide infusa et acquisita et spe et
490 2180 1196 2235 caritate. ⁋ Ad aliud dico quod simul infunduntur: tamen
477 2224 1190 2276 species est prior ordine nature ipsa caritate. et quando
487 2276 1186 2324 di cis quod actus dilectionis etc. Dico quod duplex
487 2320 1199 2372 est amor et ita duplex est actus. est enim amor a¬
490 2357 1199 2412 micitie et amor concupiscentie: sed actus amoris
484 2402 1192 2452 amicitie presupponit actum amoris concupiscen¬
481 2449 1193 2502 tie. ⁋ Ad aliud pico quod habitus naturales possunt
479 2486 1189 2537 remanere destructis habitibus infusis. tamen diuer
487 2533 1203 2584 simode est dicendum de illis: quia habitus naturalis
484 2576 1199 2639 correspondens caritati potest manere destructa ca¬
1260 190 1997 251 ritate de potentia dei absoluta. non tamen de poten¬
1279 243 1991 291 tia dei ordinata: quia deus ordinauit quod quando aliquis
1270 281 1998 338 diligit eum super omnia quod tunc mereatur habere carita¬
1275 326 1990 379 tem et deus sibi infundit. sed fides. acquisita et species
1275 368 1987 427 possunt vere manere sine infusis: quia ita intense
1278 411 1991 472 potest vnus infidelis credere sicut vnus christianus
1278 457 1997 509 secundum fidem acquisitam: non tamen deum diligere super omnia nisi¬
1278 499 1997 551 habeat caritatem et fidem: quia simul infunduntur. et ideo
1274 546 1987 596 licet ille infidelis habeat fidem acquisitam non tamen
1281 591 1993 656 infusam. ⁋ Ad aliud concedo quod non potest credere
1284 638 2000 684 aliquem articulum: nisi primo credat istum omne reue¬
1278 677 1985 729 latu etc. vel vnam equiualentem virtualiter tali pro
1278 721 1987 780 positioni: puta nisi credat istam vel illam omnia sunt
1283 763 1990 817 vera quae reuelata sunt vel nisi credat omnia quae cre¬
1270 809 1988 865 dit ecclesia. Ad aliud dico quod licet hec propositio
1275 859 1991 908 aliquando fuit falsa omne reuelatum etc. tamen post re¬
1275 902 2000 953 uelationem non est possibile assignare aliquem ar¬
1278 952 1978 997 ticulum ad quem tunc non inclinet fides infusa ie
1269 991 1984 1042 sibi non potest subesse falsum. ⁋ Ad aliud dico
1281 1033 1990 1087 quod philosophus loquitur de motu locali et ibi verum est quod
1282 1083 1981 1129 omne quod mouetur parti est in termino a quo et in per
1284 1116 1991 1171 te spacii: et parti iu termino ad quem hoc est in
1280 1160 1985 1219 alia parte spacii. ⁋ Ad aliud dico quod non est da
1268 1202 1982 1261 re primum gradum forme inducte non expulse: et hoc
1275 1260 1984 1310 est quod communiter a philosopho accipitur quod est dare primum
1269 1293 1996 1350 rei permanentis in esse et non vltimum. ⁋ Ad aliud
1275 1344 1996 1395 dico quod assumptum est falsum: quia sicut agens na¬
1276 1376 1993 1438 turale potest causare aliquem gradum sine corruptio
1279 1424 1990 1476 ne alterius: ita potest corrumpere aliud sine indu¬
1284 1465 1993 1520 ctione istius: tamen principaliter intenditur forma
1275 1510 1997 1570 inducenda et secudario. et ex consequenti intendi¬
1287 1558 1990 1611 tur forma destruenda: et ibi illud quod est primu
1282 1598 1996 1661 in intentione est vltimum in extensione ⁋ Ad aliud
1290 1643 2002 1703 de aqua continet multas distinctas partes si¬
1280 1689 1997 1750 cut aliud corpus. et propter distinctionem talium
1284 1740 2008 1792 partium potest vna pars calefieri et alia frigefie
1278 1781 2006 1838 ri. tamen calor et frigus non sunt in eadem par¬
1290 1829 1715 1886 te: sed in diuersis partibus.
1284 1871 2006 1970 Uirca dona spussancti
1296 1950 1996 2009 Sciendum est quod vno modo potest dici quod dicun
1288 2008 2005 2057 tur dona sanctispiritus: quia numquam possunt ac¬
1293 2042 2003 2098 quiri per naturam vel aliqui habitus eiusdem speciei
1294 2089 2006 2138 cum eis circa eadem obiecta: sed solum infunduntur
1288 2130 2009 2193 a deo sicut fides quae est virtus theologica. et tunc
1293 2175 1997 2229 oportet dicere hic de istis habitibus et actibus
1286 2210 2003 2272 elicitis mediantibus eis sicut alibi dictum est
1297 2262 2006 2320 de fide infusa et actibus eius elicitis. et hoc est
1290 2301 2011 2358 quia sicut aliquis non potest elicere actum creden
1294 2356 2003 2405 di circa aliquem articulum mediante fide infusam
1288 2393 2002 2456 sicut patet diffuse in tertio ethicorum: ita non est
1306 2444 2014 2491 possibile quod aliquis habeat predictos habitus
1297 2483 2015 2531 quae dicuntur dona vt eliciat aliquem actum circa ob¬
1287 2520 2009 2583 iecta illorum habituum nisi praeter illos dictos habitus
1290 2558 2015 2628 infusos habeat alios habitus acquisitos rectum eorundem
