2248 3096
281 233 997 297 et per consequens non vniuoce sed analogice. ⁋ Item augusti
273 290 985 342 nus de libero arbitrio dicit quod ens non dicitur vnus
280 333 983 385 uoce nec equoce sed denominatiue. certum est igitur quod
271 380 988 429 est dare predicationem analogam. ⁋ Aliud dubium
273 424 988 473 est. quia videtur quod predicata quae dicuntur de natura
265 470 992 521 assumpta non dicuntur de deo: quia aliter sequitur quod
270 510 985 561 filius dei posset esse filius adoptiuus: posset pre
274 557 982 614 destinari ad guaiam: posset dici creatura: posset
270 598 997 646 recipere esse: posset peccare. Istud vltimum proba¬
275 644 995 694 tur: quia hoc videtur magis dubium quod deus posset as
270 687 985 739 sumere naturam humanam sine actu fruitionis: sed
271 736 992 784 ipsa sic accepta potest in omnem actum in quem potest
260 773 983 830 sine vnione et potest mereri ex quo non est comprehen
267 823 982 869 sor sed viator. et sic potest demereri. sed si natura ta
274 864 991 914 lis potest demereri potest peccare. et ista predicata
270 906 982 964 conueniunt deo per te. igitur deus potest damnari quod
267 949 991 1006 videtur absurdum. Aliud dubium est vtrum sit aliquod
270 1006 979 1053 predicatum praedicabile de deo: et tamen nec potest sibi co
267 1038 986 1098 petere secundum naturam diuinam et humanam: quia prime ad
263 1085 978 1135 corinthios primo. christus praedestinatus est esse filius
265 1126 985 1175 dei in virtute illud praedicatum: nec competit natu¬
265 1176 991 1224 re humane nec diuine nec supposito diuino: quia
274 1220 986 1268 non potest assumi. ⁋ Aliud dubium est vtrum aliquod prai¬
276 1260 992 1312 dicatum potest competere nature humane propter il¬
270 1301 985 1354 lam vnionem quod sibi non competit sine illa vnione. vi¬
268 1343 982 1401 detur quod sic: quia propter illam vnionem sibi competit ado
267 1392 987 1452 ratio latrie. ⁋ Ad primum istorum dico quod hec est ve
263 1435 988 1485 ra deus est homo. deus incipit esse homo. deus
264 1483 976 1535 factus est homo. et dico quod homo supponit pri
272 1527 986 1584 increato. et ex hoc non sequitur quod deus sit de nouo
264 1577 979 1620 aliquid increatum: sed sequitur deus est aliquod increa
270 1615 988 1665 tum: quod de nouo terminat dependentiam alicuius
270 1653 991 1709 creati. quia in talibus propositionibus pro eodem sup¬
263 1703 990 1757 ponit subiectum et predicatum: tamen aliter supponit
262 1738 988 1804 subiectum quando determinatio sibi additur: et aliter
269 1786 983 1850 praedicatum quando sibi additur. Exemplum hoc est conceden
276 1831 986 1886 da. album per se est animal supposito quod tunc animal sit
275 1873 985 1929 album: quia tunc lpd album supponit pro animali: puta pro
273 1918 985 1975 sorte etc. Similiter hoc album semper fuit homo posito
281 1965 989 2021 quod sortes semper fuit homo et albus. et ratio est: quia il¬
268 2002 983 2062 lud pro quo supponit predicatum inest illi pro quo
267 2045 988 2105 supponit subiectum: eo modo quo sibi cum tali deno
276 2091 986 2151 minatione a parte subiecti denotatur inesse. et quando sic
280 2137 983 2192 est tunc determinatio illa est determinato con
269 2186 993 2249 positionis non extremi. sic est in proposito. haec deno¬
270 2227 1001 2282 minatio de nouo et factus quando ponitur a parte sub¬
277 2276 991 2328 iecti determinat compositionem: et tunc denotat
279 2309 997 2375 quod illud quod denotatur per predicatum est factum vel de
276 2360 992 2411 nouo conuenit illi pro quo subiectum supponit. et ideo
276 2405 991 2458 hec est vera deus factus est homo: vel deus inci
273 2458 1000 2509 pit esse homo ⁋ Ad aliud concedo conclusionem
270 2497 995 2544 de virtute sermonis deus factus est creator sub
269 2539 996 2591 eodem sensu sub quo conceditur quod deus factus est homo
273 2580 1000 2635 qui modo est creator quando producitur creatura: et prius non
274 2625 1003 2697 fuit aute creationem. Si quaeras quam denominationem
1081 237 1808 299 habuit ante creationem. dico quod tunc fuit creatiuus
1083 295 1808 350 ⁋ Ad aliund de conuersione dico quod hoc est falsa homo
1096 338 1806 392 factus est deus: sicut haec deus factus est deus: quia ad
1105 383 1808 438 veritatem istius requiritur quod praedicatum secundum suam rectam
1093 425 1804 481 formam insit illi pro quo subiectum supponit. nunc
1098 476 1820 517 autem supponit pro verbo diuino. ideo ad veritatem
1087 515 1808 565 istius requiritur veritas istius verbum diuinum factum
1083 559 1816 606 est deus. quod falsum est. Et si sint aliqui auctores
1096 600 1808 657 quae dicunt quod homo factus est deus: exponendi sunt sic
1089 650 1810 697 quod de nouo est factum: quia homo est deus. et quando di¬
1093 689 1805 748 cas de conuersione homo factus est deus: dico quod
1096 734 1807 782 non debet sit conuerti propositio cum tali determinato
1096 780 1807 828 ne simpliciter sicut propositiones de modo non debent con
1096 819 1817 876 uerti simpliciter. nam hec est vera videns potest esse ce
1090 867 1808 922 cus. et si conuertatur simpliciter conuersa erit falsa cecus
1086 909 1807 963 potest esse videns iuxta doctrinam philosophi quia a priuatio
1095 954 1816 1001 ne ad habitum impossibilis est regressio: sed debet re¬
1098 999 1808 1048 solui et conuerti deus de nouo est homo vel deus fa
1096 1045 1808 1092 ctus est homo. igitur id quod de nouo est homo est deus.
1082 1090 1811 1141 ⁋ Ad aliud dico quod ista regula a simpliciter ad secundum
1098 1128 1811 1185 quid est vera quando determinatio est determinatio
1090 1174 1817 1228 extremi: puta subiecti vel praedicati et non: composi
1092 1221 1807 1269 tionis. et tunc est bona consequentia a simpliciter a determina
1093 1265 1814 1312 tionem contrahentem sicut haoc sortes est homo albus. igi
1096 1306 1808 1360 tur est albus: sed quando determinatio est deterinatio
1090 1350 1817 1402 compositionis: tunc non valet consequentia a simpliciter ad deter
1095 1395 1814 1440 minationem. sed tunc est bona consequentia ab illo determina¬
1099 1438 1823 1486 bili ad illud commune simpliciter acceptum. igitur bene sequi¬
1096 1482 1814 1533 tur deus factus est homo. igitur deus est homo et ibi debet
1095 1532 1808 1577 auferri determinatio et compositio reseruari.
1089 1567 1822 1617 ⁋ Ad aliud concedo quod vtraque debet concedi deus est
1095 1614 1813 1666 homo et deus est humanatus. sicut haec debet concedi
1099 1657 1817 1706 deus est incarnatus: situt hoc sortes est albus et sor¬
1102 1704 1823 1753 tes est dealbatus. et vtraque propositio est denominati¬
1099 1745 1823 1797 ua. et ratio est: quia illud quod importatur per praedicatum est
1099 1791 1823 1847 res distincta ab illo pro quo supponit subiectum:
1095 1836 1819 1887 qui natura humana realiter distinguitur a suppo¬
1090 1876 1814 1925 sito diuino pro quo subiectum supponit. et quando est ta
1099 1914 1811 1970 lis distinctio tunc poes esse predicatio denominati
1101 1969 1811 2012 ua sicut est in proposito. ⁋ Ad aliud de predicatis
1098 2011 1820 2063 superioribus dico quod quando predicatur aliquis terminus quai
1096 2056 1816 2103 ex visu loquendi potest supponere pro alio quam pro illo
1095 2099 1813 2150 quodimportatur siue significatur principaliter per illum
1096 2145 1820 2192 terminum quae est predicatum potest supponere pro subie
1101 2189 1805 2239 cto: quia connotat subiectum si superiora sint talia
1095 2232 1807 2289 tunc sunt omnes iste propositiones concedende deus qest
1102 2276 1820 2322 animal deus est substantia animata sensibilis deus est
1096 2319 1817 2371 corpus: sed omnia ista possunt supponere pro alio quam
1095 2361 1804 2423 pro illo. quod principaliter importatur per illa puta pro
1101 2414 1811 2465 illo pro quo subiectum supponit. si vero ista predi
1096 2449 1817 2498 cata non possunt supponere pro illo quod principa¬
1105 2496 1811 2545 liter importatur per illa: tunc omns iste propositiones
1089 2541 1823 2594 sunt false et negande. ideo: de virtute sermonis
1095 2587 1817 2642 possunt omnes tales propositiones concedi sic quod deus
1099 2636 1817 2699 est homo. propter tamen occasionem errandi vitandam
