<?xml version="1.0" encoding="UTF-8" standalone="yes"?>
<PcGts xmlns="http://schema.primaresearch.org/PAGE/gts/pagecontent/2013-07-15" xmlns:xsi="http://www.w3.org/2001/XMLSchema-instance" xsi:schemaLocation="http://schema.primaresearch.org/PAGE/gts/pagecontent/2013-07-15 http://schema.primaresearch.org/PAGE/gts/pagecontent/2013-07-15/pagecontent.xsd">
    <Metadata>
        <Creator>prov=University of Rostock/Institute of Mathematics/CITlab|PLANET AI GmbH/Gundram Leifert/gundram.leifert@planet-ai.de:name=cod-LyXLXy-m2-withbase(htr_id=25980)::::v=2.6.6
prov=University of Rostock/Institute of Mathematics/CITlab|PLANET AI GmbH/Tobias Gruening/tobias.gruening@planet-ai.de:name=de.uros.citlab.module.baseline2polygon.B2PSeamMultiOriented:v=2.6.6
prov=University of Rostock/Institute of Mathematics/CITlab|PLANET AI GmbH/Tobias Gruening/tobias.gruening@planet-ai.de:name=/net_tf/LA73_249_0mod360.pb:de.uros.citlab.segmentation.CITlab_LA_ML:v=2.6.6
Transkribus</Creator>
        <Created>2020-08-11T01:46:03.687+02:00</Created>
        <LastChange>2020-09-05T04:57:44.652+02:00</LastChange>
        <TranskribusMetadata docId="449428" pageId="18339351" pageNr="740" tsid="39293754" status="IN_PROGRESS" userId="25065" imgUrl="https://files.transkribus.eu/Get?id=XJVQZSZEIOVNOCOYGBSQRZEJ&amp;fileType=view" xmlUrl="https://files.transkribus.eu/Get?id=BKDXAWVYPPPFXCABOVLXUCPF" imageId="13971173"/>
    </Metadata>
    <Page imageFilename="739.jpg" imageWidth="2264" imageHeight="3083">
        <ReadingOrder>
            <OrderedGroup id="ro_1599307911279" caption="Regions reading order">
                <RegionRefIndexed index="0" regionRef="r2"/>
                <RegionRefIndexed index="1" regionRef="TextRegion_1597953460896_895"/>
            </OrderedGroup>
        </ReadingOrder>
        <TextRegion orientation="0.0" id="r2" custom="readingOrder {index:0;}">
            <Coords points="432,167 432,2665 1164,2665 1164,167"/>
            <TextLine id="r2l2" custom="readingOrder {index:0;}">
                <Coords points="444,287 1112,291 1157,286 1157,218 444,241"/>
                <Baseline points="449,275 484,275 519,275 554,276 589,276 624,275 659,275 695,275 730,275 765,275 800,274 835,273 870,273 905,273 941,273 976,273 1011,273 1046,273 1081,273 1116,273 1152,273"/>
                <TextEquiv>
                    <Unicode>vtimur: semper vna propositione et non alia: et vti</Unicode>
                </TextEquiv>
            </TextLine>
            <TextLine id="r2l3" custom="readingOrder {index:1;}">
                <Coords points="433,341 1078,334 1154,324 1154,289 433,299"/>
                <Baseline points="438,320 473,321 509,321 544,321 580,321 615,321 651,321 686,320 722,320 757,320 793,320 829,320 864,318 900,318 935,318 971,318 1006,318 1042,318 1077,318 1113,318 1149,318"/>
                <TextEquiv>
                    <Unicode>mur ac si talia predicata non possunt suppone</Unicode>
                </TextEquiv>
            </TextLine>
            <TextLine id="r2l4" custom="readingOrder {index:2;}">
                <Coords points="438,380 1068,381 1154,366 1154,324 438,330"/>
                <Baseline points="443,365 478,366 513,366 548,366 584,366 619,365 654,365 690,365 725,365 760,363 796,363 831,363 866,363 901,362 937,362 972,362 1007,362 1043,361 1078,362 1113,362 1149,362"/>
                <TextEquiv>
                    <Unicode>re pro alio quam pro illo quod principaliter signifi¬</Unicode>
                </TextEquiv>
            </TextLine>
            <TextLine id="r2l5" custom="readingOrder {index:3;}">
                <Coords points="432,421 1137,423 1149,373 431,384"/>
                <Baseline points="437,410 472,410 507,410 543,410 578,410 614,410 649,410 684,408 720,408 755,407 791,407 826,407 861,405 897,405 932,405 968,405 1003,405 1038,405 1074,405 1109,407 1145,407"/>
                <TextEquiv>
                    <Unicode>catur et importatur per illa. ⁋ Ad aliud dico quod</Unicode>
                </TextEquiv>
            </TextLine>
            <TextLine id="r2l6" custom="readingOrder {index:4;}">
                <Coords points="436,470 1145,456 1145,421 1102,415 436,420"/>
                <Baseline points="441,455 477,455 514,455 551,453 588,453 624,453 661,453 698,452 735,452 772,452 808,450 845,450 882,450 919,450 956,450 992,449 1029,449 1066,449 1103,449 1140,450"/>
                <TextEquiv>
                    <Unicode>hec est predicatio formalis homo est albus: et ta</Unicode>
                </TextEquiv>
            </TextLine>
            <TextLine id="r2l7" custom="readingOrder {index:5;}">
                <Coords points="442,505 1148,500 1148,465 1063,455 442,461"/>
                <Baseline points="447,498 481,498 516,497 551,497 586,497 621,497 655,497 690,495 725,495 760,495 795,495 829,494 864,494 899,494 934,492 969,492 1003,492 1038,492 1073,492 1108,492 1143,492"/>
                <TextEquiv>
                    <Unicode>men non est per se. eodem modo quando predicatur na</Unicode>
                </TextEquiv>
            </TextLine>
            <TextLine id="r2l8" custom="readingOrder {index:6;}">
                <Coords points="439,555 1121,549 1157,542 1157,506 439,508"/>
                <Baseline points="444,543 479,543 514,542 550,542 585,542 621,540 656,540 691,540 727,539 762,539 798,539 833,537 868,537 904,537 939,536 975,536 1010,536 1045,536 1081,536 1116,536 1152,536"/>
                <TextEquiv>
                    <Unicode>tura de supposito est predicatio formalis non ta¬</Unicode>
                </TextEquiv>
            </TextLine>
            <TextLine id="r2l9" custom="readingOrder {index:7;}">
                <Coords points="441,601 1124,598 1159,583 1159,552 441,555"/>
                <Baseline points="446,587 481,587 516,585 552,585 587,584 623,584 658,583 693,582 729,582 764,582 800,582 835,581 870,581 906,581 941,581 977,581 1012,581 1047,581 1083,579 1118,579 1154,579"/>
                <TextEquiv>
                    <Unicode>men per se: quia sequitur est predicatio per se. ergo</Unicode>
                </TextEquiv>
            </TextLine>
            <TextLine id="r2l10" custom="readingOrder {index:8;}">
                <Coords points="427,647 1111,636 1148,632 1148,597 427,608"/>
                <Baseline points="432,630 467,629 503,629 538,627 574,627 609,627 645,627 680,627 716,626 751,626 787,626 823,626 858,626 894,626 929,626 965,626 1000,624 1036,624 1071,624 1107,623 1143,623"/>
                <TextEquiv>
                    <Unicode>necessaria et econtra: ita quod in hoc est demonstra¬</Unicode>
                </TextEquiv>
            </TextLine>
            <TextLine id="r2l11" custom="readingOrder {index:9;}">
                <Coords points="441,681 1150,678 1131,630 441,639"/>
                <Baseline points="446,674 482,674 519,673 556,672 593,672 629,672 666,671 703,671 740,671 777,671 813,671 850,669 887,669 924,669 961,669 997,669 1034,669 1071,668 1108,668 1145,668"/>
                <TextEquiv>
                    <Unicode>tio circularis. Et quando dicas quod substantia se</Unicode>
                </TextEquiv>
            </TextLine>
            <TextLine id="r2l12" custom="readingOrder {index:10;}">
                <Coords points="427,722 1140,721 1150,680 427,692"/>
                <Baseline points="432,719 467,717 503,717 538,717 574,716 610,716 645,716 681,714 717,714 752,714 788,714 824,714 859,714 895,713 931,713 966,713 1002,713 1038,713 1073,713 1109,713 1145,713"/>
                <TextEquiv>
                    <Unicode>cunda non predicatur de aliquo per accidens fal</Unicode>
                </TextEquiv>
            </TextLine>
            <TextLine id="r2l13" custom="readingOrder {index:11;}">
                <Coords points="432,771 1147,763 1146,719 1081,716 432,734"/>
                <Baseline points="437,761 472,761 507,761 542,761 578,761 613,761 648,761 683,761 719,760 754,759 789,759 824,759 860,758 895,758 930,757 965,756 1001,756 1036,756 1071,756 1106,755 1142,755"/>
                <TextEquiv>
                    <Unicode>sum est sic quod propositio in qua predicatur potest esse</Unicode>
                </TextEquiv>
            </TextLine>
            <TextLine id="r2l14" custom="readingOrder {index:12;}">
                <Coords points="432,821 1154,808 1153,768 1112,759 431,770"/>
                <Baseline points="437,806 472,806 508,806 543,806 579,806 615,806 650,806 686,804 721,804 757,804 793,803 828,803 864,803 899,801 935,801 971,801 1006,801 1042,800 1077,800 1113,800 1149,800"/>
                <TextEquiv>
                    <Unicode>contingens. Exemplum. album est homo. hic predi¬</Unicode>
                </TextEquiv>
            </TextLine>
            <TextLine id="r2l15" custom="readingOrder {index:13;}">
                <Coords points="433,858 1142,863 1158,810 432,821"/>
                <Baseline points="438,849 473,849 509,849 545,849 581,849 617,849 652,849 688,849 724,848 760,848 796,848 831,848 867,848 903,847 939,846 975,846 1010,846 1046,846 1082,845 1118,845 1154,845"/>
                <TextEquiv>
                    <Unicode>catur secunda substantia: et tamen per accidens: quia</Unicode>
                </TextEquiv>
            </TextLine>
            <TextLine id="r2l16" custom="readingOrder {index:14;}">
                <Coords points="433,904 1148,896 1148,863 1062,851 433,858"/>
                <Baseline points="438,894 473,894 508,894 543,894 579,894 614,894 649,893 684,893 720,893 755,892 790,891 825,891 861,890 896,890 931,890 966,888 1002,888 1037,888 1072,888 1107,888 1143,888"/>
                <TextEquiv>
                    <Unicode>hec propositio est contingens eodem modo in propo¬</Unicode>
                </TextEquiv>
            </TextLine>
            <TextLine id="r2l17" custom="readingOrder {index:15;}">
                <Coords points="442,949 1150,944 1149,896 1126,893 442,902"/>
                <Baseline points="447,939 481,938 516,938 551,938 586,936 621,936 656,936 691,936 726,935 761,935 796,935 830,935 865,935 900,935 935,933 970,933 1005,933 1040,933 1075,932 1110,932 1145,932"/>
                <TextEquiv>
                    <Unicode>sito ⁋ Ad aliud dico quod hec propositio deus potest</Unicode>
                </TextEquiv>
            </TextLine>
            <TextLine id="r2l18" custom="readingOrder {index:16;}">
                <Coords points="441,992 1120,991 1150,984 1150,944 441,949"/>
                <Baseline points="446,983 482,983 519,982 556,981 593,981 629,981 666,980 703,980 740,980 777,980 813,980 850,978 887,978 924,978 961,978 997,977 1034,977 1071,975 1108,975 1145,975"/>
                <TextEquiv>
                    <Unicode>esse homo est per se secundo modo: et vniuersaliter</Unicode>
                </TextEquiv>
            </TextLine>
            <TextLine id="r2l19" custom="readingOrder {index:17;}">
                <Coords points="440,1036 1157,1037 1156,995 1131,984 439,990"/>
                <Baseline points="444,1028 479,1028 514,1026 550,1026 585,1025 620,1025 656,1025 691,1023 726,1023 762,1023 797,1022 832,1022 868,1022 903,1022 938,1022 974,1022 1009,1022 1044,1022 1080,1022 1115,1022 1151,1022"/>
                <TextEquiv>
                    <Unicode>omnis propositio in qua illud quod importatur per pre</Unicode>
                </TextEquiv>
            </TextLine>
            <TextLine id="r2l20" custom="readingOrder {index:18;}">
                <Coords points="452,1078 1137,1079 1157,1037 451,1035"/>
                <Baseline points="456,1071 490,1070 525,1070 560,1070 595,1069 630,1068 664,1068 699,1068 734,1067 769,1067 804,1067 838,1067 873,1065 908,1065 943,1065 978,1065 1012,1064 1047,1064 1082,1064 1117,1064 1152,1064"/>
                <TextEquiv>
                    <Unicode>dicatum non est intrinsecum illi pro quo subiectum sup¬</Unicode>
                </TextEquiv>
            </TextLine>
            <TextLine id="r2l21" custom="readingOrder {index:19;}">
                <Coords points="447,1129 1141,1122 1162,1116 1162,1072 447,1089"/>
                <Baseline points="452,1116 487,1115 522,1115 557,1113 593,1113 628,1113 663,1112 698,1112 734,1112 769,1112 804,1111 839,1110 875,1110 910,1110 945,1109 980,1109 1016,1109 1051,1107 1086,1107 1121,1107 1157,1106"/>
                <TextEquiv>
                    <Unicode>ponit: sed est extrinsecum et distinctum ab eo realiter.</Unicode>
                </TextEquiv>
            </TextLine>
            <TextLine id="r2l22" custom="readingOrder {index:20;}">
                <Coords points="448,1166 1141,1167 1165,1160 1165,1129 448,1130"/>
                <Baseline points="453,1158 488,1157 523,1157 559,1157 594,1156 629,1155 665,1155 700,1155 735,1154 771,1154 806,1154 841,1154 877,1152 912,1152 947,1152 983,1152 1018,1152 1053,1152 1089,1152 1124,1151 1160,1151"/>
                <TextEquiv>
                    <Unicode>Et quando dicas quod homo non est passio alicuius.</Unicode>
                </TextEquiv>
            </TextLine>
            <TextLine id="r2l23" custom="readingOrder {index:21;}">
                <Coords points="433,1219 1154,1210 1154,1166 433,1169"/>
                <Baseline points="438,1200 473,1200 509,1200 544,1200 580,1200 615,1200 651,1199 686,1199 722,1199 757,1199 793,1197 829,1197 864,1197 900,1197 935,1196 971,1196 1006,1196 1042,1196 1077,1196 1113,1196 1149,1197"/>
                <TextEquiv>
                    <Unicode>dico quod non: si habeat suppositionem personalem sicut</Unicode>
                </TextEquiv>
            </TextLine>
            <TextLine id="r2l24" custom="readingOrder {index:22;}">
                <Coords points="442,1255 1134,1254 1154,1210 442,1212"/>
                <Baseline points="447,1245 482,1244 517,1244 552,1244 587,1242 622,1242 657,1242 692,1242 727,1242 762,1242 798,1242 833,1242 868,1242 903,1241 938,1241 973,1241 1008,1241 1043,1241 1078,1240 1113,1239 1149,1239"/>
                <TextEquiv>
                    <Unicode>nec risibile supponit pro passione vt habet sup¬</Unicode>
                </TextEquiv>
            </TextLine>
            <TextLine id="r2l25" custom="readingOrder {index:23;}">
                <Coords points="441,1304 1168,1291 1168,1256 1105,1246 441,1255"/>
                <Baseline points="446,1290 481,1290 517,1289 553,1289 589,1287 625,1287 661,1287 696,1287 732,1286 768,1286 804,1286 840,1286 876,1286 912,1286 947,1286 983,1285 1019,1284 1055,1284 1091,1284 1127,1283 1163,1283"/>
                <TextEquiv>
                    <Unicode>positionem personalem: sed sic solum supponit pro sub¬</Unicode>
                </TextEquiv>
            </TextLine>
            <TextLine id="r2l26" custom="readingOrder {index:24;}">
                <Coords points="441,1341 1042,1348 1163,1337 1163,1293 441,1305"/>
                <Baseline points="446,1332 481,1332 517,1332 552,1332 588,1332 624,1332 659,1331 695,1331 730,1331 766,1331 802,1331 837,1331 873,1329 908,1329 944,1329 980,1329 1015,1329 1051,1329 1086,1328 1122,1328 1158,1328"/>
                <TextEquiv>
                    <Unicode>iecto: tamen illud quod significatur per risibile est</Unicode>
                </TextEquiv>
            </TextLine>
            <TextLine id="r2l27" custom="readingOrder {index:25;}">
                <Coords points="435,1396 1144,1384 1154,1340 435,1346"/>
                <Baseline points="440,1379 475,1379 510,1378 546,1377 581,1377 617,1376 652,1376 688,1376 723,1376 759,1376 794,1376 829,1376 865,1376 900,1375 936,1374 971,1374 1007,1374 1042,1374 1078,1373 1113,1373 1149,1371"/>
                <TextEquiv>
                    <Unicode>passio quamcumque suppositionem habeat: et eodem mo</Unicode>
                </TextEquiv>
            </TextLine>
            <TextLine id="r2l28" custom="readingOrder {index:26;}">
                <Coords points="439,1437 1154,1427 1154,1381 439,1395"/>
                <Baseline points="444,1419 479,1419 514,1421 549,1421 585,1421 620,1421 655,1421 690,1421 726,1421 761,1420 796,1419 831,1419 867,1418 902,1418 937,1418 972,1418 1008,1417 1043,1416 1078,1416 1113,1416 1149,1416"/>
                <TextEquiv>
                    <Unicode>do est in proposito: quia quando dicis quod substantia</Unicode>
                </TextEquiv>
            </TextLine>
            <TextLine id="r2l29" custom="readingOrder {index:27;}">
                <Coords points="444,1473 1143,1473 1153,1427 444,1432"/>
                <Baseline points="449,1463 485,1464 522,1464 559,1464 596,1464 632,1464 669,1464 706,1464 743,1464 780,1463 816,1463 853,1463 890,1461 927,1461 964,1461 1000,1461 1037,1461 1074,1460 1111,1460 1148,1460"/>
                <TextEquiv>
                    <Unicode>non est passio: dico quod verum est: sed conceptus vel</Unicode>
                </TextEquiv>
            </TextLine>
            <TextLine id="r2l30" custom="readingOrder {index:28;}">
                <Coords points="447,1519 1130,1518 1154,1510 1154,1480 447,1481"/>
                <Baseline points="452,1508 486,1508 521,1508 556,1508 591,1508 626,1508 661,1508 695,1508 730,1508 765,1508 800,1508 835,1507 870,1506 905,1506 939,1506 974,1506 1009,1506 1044,1505 1079,1505 1114,1505 1149,1505"/>
                <TextEquiv>
                    <Unicode>nomen vere potest esse passio prout supponit sim¬</Unicode>
                </TextEquiv>
            </TextLine>
            <TextLine id="r2l31" custom="readingOrder {index:29;}">
                <Coords points="441,1570 1091,1567 1153,1558 1153,1510 441,1529"/>
                <Baseline points="446,1553 481,1553 516,1553 551,1553 586,1553 621,1551 656,1551 691,1551 726,1551 761,1551 797,1551 832,1551 867,1550 902,1550 937,1550 972,1550 1007,1550 1042,1550 1077,1550 1112,1550 1148,1550"/>
                <TextEquiv>
                    <Unicode>pliciter vel personaliter. ⁋ Ad aliud dico quod tot</Unicode>
                </TextEquiv>
            </TextLine>
            <TextLine id="r2l32" custom="readingOrder {index:30;}">
                <Coords points="441,1608 1147,1596 1146,1556 441,1570"/>
                <Baseline points="446,1598 480,1598 515,1596 550,1596 585,1596 620,1596 654,1596 689,1596 724,1596 759,1595 794,1595 828,1595 863,1595 898,1595 933,1595 968,1593 1002,1593 1037,1593 1072,1593 1107,1592 1142,1592"/>
                <TextEquiv>
                    <Unicode>modis accipitur quot vniuocum. Ubi sciendum</Unicode>
                </TextEquiv>
            </TextLine>
            <TextLine id="r2l33" custom="readingOrder {index:31;}">
                <Coords points="438,1660 1157,1649 1156,1607 1100,1603 437,1610"/>
                <Baseline points="443,1643 478,1643 513,1641 549,1641 584,1641 620,1641 655,1640 690,1640 726,1640 761,1640 797,1640 832,1640 867,1640 903,1640 938,1639 974,1638 1009,1638 1044,1638 1080,1638 1115,1637 1151,1637"/>
                <TextEquiv>
                    <Unicode>quod vniuocum vno modo accipitur pro conceptu</Unicode>
                </TextEquiv>
            </TextLine>
            <TextLine id="r2l34" custom="readingOrder {index:32;}">
                <Coords points="447,1696 1147,1699 1160,1655 447,1660"/>
                <Baseline points="452,1688 487,1686 522,1686 557,1686 592,1686 627,1685 662,1685 698,1685 733,1685 768,1683 803,1683 838,1683 873,1683 908,1683 944,1682 979,1682 1014,1682 1049,1682 1084,1682 1119,1682 1155,1683"/>
                <TextEquiv>
                    <Unicode>communi aliquibus habentibus perfectam similitudinem</Unicode>
                </TextEquiv>
            </TextLine>
            <TextLine id="r2l35" custom="readingOrder {index:33;}">
                <Coords points="446,1738 1164,1734 1163,1696 1115,1690 445,1697"/>
                <Baseline points="450,1731 485,1731 520,1731 556,1730 591,1730 627,1730 662,1730 697,1730 733,1730 768,1730 804,1730 839,1729 874,1728 910,1728 945,1728 981,1728 1016,1727 1051,1727 1087,1727 1122,1725 1158,1725"/>
                <TextEquiv>
                    <Unicode>in omnibus essentialibus sine omni dissimilitu¬</Unicode>
                </TextEquiv>
            </TextLine>
            <TextLine id="r2l36" custom="readingOrder {index:34;}">
                <Coords points="438,1779 1126,1785 1160,1778 1160,1738 438,1748"/>
                <Baseline points="443,1772 478,1773 514,1773 549,1774 585,1775 621,1775 656,1775 692,1775 727,1775 763,1773 799,1773 834,1773 870,1773 905,1772 941,1772 977,1772 1012,1770 1048,1770 1083,1770 1119,1770 1155,1770"/>
                <TextEquiv>
                    <Unicode>dine: ita quod hoc sit verum tam in substantialibus</Unicode>
                </TextEquiv>
            </TextLine>
            <TextLine id="r2l37" custom="readingOrder {index:35;}">
                <Coords points="454,1833 1156,1823 1145,1777 586,1799 454,1780"/>
                <Baseline points="459,1817 493,1817 528,1817 562,1817 597,1817 632,1817 666,1818 701,1818 735,1818 770,1817 805,1817 839,1817 874,1817 908,1817 943,1817 978,1817 1012,1815 1047,1815 1081,1815 1116,1814 1151,1814"/>
                <TextEquiv>
                    <Unicode>quam in accidentalibus: sic quod in forma accidentali</Unicode>
                </TextEquiv>
            </TextLine>
            <TextLine id="r2l38" custom="readingOrder {index:36;}">
                <Coords points="438,1873 1127,1873 1162,1867 1162,1828 438,1834"/>
                <Baseline points="443,1860 478,1860 514,1860 550,1860 585,1861 621,1862 657,1862 692,1862 728,1862 764,1862 800,1862 835,1862 871,1862 907,1862 942,1860 978,1860 1014,1860 1049,1860 1085,1860 1121,1859 1157,1859"/>
                <TextEquiv>
                    <Unicode>non est reperire quid dissimile cuilibet forme in</Unicode>
                </TextEquiv>
            </TextLine>
            <TextLine id="r2l39" custom="readingOrder {index:37;}">
                <Coords points="441,1910 1095,1918 1156,1911 1156,1869 441,1880"/>
                <Baseline points="446,1901 481,1902 516,1902 551,1902 587,1904 622,1904 657,1904 692,1904 728,1904 763,1904 798,1905 833,1904 869,1904 904,1904 939,1904 974,1904 1010,1904 1045,1902 1080,1902 1115,1901 1151,1901"/>
                <TextEquiv>
                    <Unicode>alia forma accidentali eiusdem rationis. Exem.</Unicode>
                </TextEquiv>
            </TextLine>
            <TextLine id="r2l40" custom="readingOrder {index:38;}">
                <Coords points="441,1973 590,1950 828,1970 1163,1955 1163,1922 1064,1909 441,1917"/>
                <Baseline points="446,1949 481,1947 517,1947 552,1946 588,1946 624,1946 659,1946 695,1946 730,1946 766,1946 802,1946 837,1946 873,1946 908,1946 944,1946 980,1946 1015,1946 1051,1945 1086,1944 1122,1943 1158,1941"/>
                <TextEquiv>
                    <Unicode>plum. si albedo in quarto gradu et in tribus gra¬</Unicode>
                </TextEquiv>
            </TextLine>
            <TextLine id="r2l41" custom="readingOrder {index:39;}">
                <Coords points="447,2000 1056,1994 1105,2012 1163,1999 1163,1955 447,1966"/>
                <Baseline points="452,1989 487,1989 522,1989 557,1989 593,1989 628,1988 663,1988 699,1988 734,1988 769,1988 805,1988 840,1988 875,1988 910,1988 946,1988 981,1988 1016,1988 1052,1988 1087,1988 1122,1988 1158,1988"/>
                <TextEquiv>
                    <Unicode>dibus non fuit omnino similis: tamen non est reperi</Unicode>
                </TextEquiv>
            </TextLine>
            <TextLine id="r2l42" custom="readingOrder {index:40;}">
                <Coords points="457,2046 1169,2046 1169,1998 457,1999"/>
                <Baseline points="462,2034 497,2033 532,2033 567,2033 602,2033 637,2031 672,2031 707,2031 742,2031 777,2031 813,2031 848,2031 883,2031 918,2031 953,2031 988,2031 1023,2031 1058,2031 1093,2031 1128,2033 1164,2033"/>
                <TextEquiv>
                    <Unicode>re aliquid in vna albedine quod est dissimile cui</Unicode>
                </TextEquiv>
            </TextLine>
            <TextLine id="r2l43" custom="readingOrder {index:41;}">
                <Coords points="442,2088 1166,2085 1166,2051 1086,2040 442,2047"/>
                <Baseline points="447,2079 482,2079 518,2078 554,2078 589,2078 625,2076 661,2076 696,2076 732,2076 768,2075 804,2075 839,2075 875,2075 911,2075 946,2075 982,2075 1018,2075 1053,2075 1089,2075 1125,2075 1161,2076"/>
                <TextEquiv>
                    <Unicode>libet in alia albedine. et sic accipiendo vniuo¬</Unicode>
                </TextEquiv>
            </TextLine>
            <TextLine id="r2l44" custom="readingOrder {index:42;}">
                <Coords points="447,2138 1154,2138 1163,2083 447,2088"/>
                <Baseline points="452,2123 487,2121 522,2121 557,2120 593,2120 628,2120 663,2120 699,2120 734,2120 769,2120 805,2120 840,2120 875,2120 910,2120 946,2120 981,2120 1016,2120 1052,2121 1087,2120 1122,2120 1158,2120"/>
                <TextEquiv>
                    <Unicode>cum solus conceptus speciei specialissime solum est</Unicode>
                </TextEquiv>
            </TextLine>
            <TextLine id="r2l45" custom="readingOrder {index:43;}">
                <Coords points="451,2180 1160,2172 1160,2137 1037,2127 451,2135"/>
                <Baseline points="456,2166 492,2165 529,2165 566,2165 603,2165 639,2165 676,2165 713,2165 750,2165 787,2165 823,2166 860,2166 897,2166 934,2166 971,2166 1007,2166 1044,2165 1081,2165 1118,2165 1155,2163"/>
                <TextEquiv>
                    <Unicode>vniuocus: quia in lindiuiduis eiusdem speciei non est re</Unicode>
                </TextEquiv>
            </TextLine>
            <TextLine id="r2l46" custom="readingOrder {index:44;}">
                <Coords points="457,2223 1154,2219 1166,2183 457,2186"/>
                <Baseline points="462,2211 498,2210 535,2210 572,2210 609,2210 645,2210 682,2210 719,2210 756,2210 793,2210 829,2209 866,2208 903,2208 940,2208 977,2208 1013,2208 1050,2208 1087,2208 1124,2208 1161,2208"/>
                <TextEquiv>
                    <Unicode>perire aliquid alterius rationis in vno et in alio</Unicode>
                </TextEquiv>
            </TextLine>
            <TextLine id="r2l47" custom="readingOrder {index:45;}">
                <Coords points="450,2263 1129,2268 1163,2260 1163,2219 450,2227"/>
                <Baseline points="455,2255 490,2253 525,2253 560,2253 595,2253 630,2253 665,2252 701,2252 736,2252 771,2252 806,2253 841,2253 876,2253 911,2253 947,2253 982,2253 1017,2253 1052,2253 1087,2253 1122,2252 1158,2252"/>
                <TextEquiv>
                    <Unicode>Alio modo accipitur vniuocum pro conceptum communi</Unicode>
                </TextEquiv>
            </TextLine>
            <TextLine id="r2l48" custom="readingOrder {index:46;}">
                <Coords points="450,2308 1160,2306 1148,2260 787,2277 450,2262"/>
                <Baseline points="455,2298 490,2298 525,2297 560,2297 595,2297 630,2297 665,2297 700,2297 735,2297 770,2297 805,2297 840,2297 875,2297 910,2298 945,2298 980,2298 1015,2298 1050,2298 1085,2298 1120,2297 1155,2297"/>
                <TextEquiv>
                    <Unicode>aliquibus: quae nec sunt omnino similia nec omnino dis¬</Unicode>
                </TextEquiv>
            </TextLine>
            <TextLine id="r2l49" custom="readingOrder {index:47;}">
                <Coords points="451,2351 1160,2354 1154,2305 451,2309"/>
                <Baseline points="456,2343 492,2343 529,2342 566,2342 603,2342 639,2342 676,2342 713,2342 750,2342 787,2340 823,2340 860,2340 897,2340 934,2340 971,2340 1007,2340 1044,2340 1081,2340 1118,2340 1155,2340"/>
                <TextEquiv>
                    <Unicode>similia: sed in aliquibus similia et in aliquibus dis</Unicode>
                </TextEquiv>
            </TextLine>
            <TextLine id="r2l50" custom="readingOrder {index:48;}">
                <Coords points="464,2399 1167,2402 1166,2353 463,2352"/>
                <Baseline points="468,2387 502,2387 537,2387 571,2385 606,2385 641,2385 675,2385 710,2385 745,2385 779,2385 814,2385 849,2385 883,2385 918,2385 953,2385 987,2385 1022,2385 1057,2385 1091,2385 1126,2385 1161,2385"/>
                <TextEquiv>
                    <Unicode>similia: vel quantum ad intrinseca vel extrinseca</Unicode>
                </TextEquiv>
            </TextLine>
            <TextLine id="r2l51" custom="readingOrder {index:49;}">
                <Coords points="447,2447 1159,2438 1159,2401 1128,2397 447,2399"/>
                <Baseline points="452,2429 487,2429 522,2429 557,2429 592,2429 627,2429 662,2429 697,2429 732,2429 767,2429 803,2429 838,2429 873,2427 908,2427 943,2427 978,2427 1013,2428 1048,2429 1083,2429 1118,2429 1154,2430"/>
                <TextEquiv>
                    <Unicode>hoc modo homo vel asinus conueniunt in con¬</Unicode>
                </TextEquiv>
            </TextLine>
            <TextLine id="r2l52" custom="readingOrder {index:50;}">
                <Coords points="463,2485 1166,2481 1165,2442 1080,2436 462,2445"/>
                <Baseline points="468,2475 502,2475 537,2475 571,2474 606,2474 641,2474 675,2474 710,2474 745,2472 779,2472 814,2472 849,2472 883,2472 918,2471 953,2471 987,2471 1022,2472 1057,2472 1091,2472 1126,2473 1161,2474"/>
                <TextEquiv>
                    <Unicode>ceptu animalis: sicut in conceptum vniuoco. et licet</Unicode>
                </TextEquiv>
            </TextLine>
            <TextLine id="r2l53" custom="readingOrder {index:51;}">
                <Coords points="457,2534 1163,2524 1163,2487 1093,2480 457,2486"/>
                <Baseline points="462,2520 496,2519 531,2519 566,2517 601,2517 636,2516 670,2516 705,2516 740,2516 775,2516 810,2516 844,2514 879,2514 914,2514 949,2516 984,2516 1018,2516 1053,2516 1088,2516 1123,2516 1158,2516"/>
                <TextEquiv>
                    <Unicode>forme specifice eorum sunt alterius rationis: ta¬</Unicode>
                </TextEquiv>
            </TextLine>
            <TextLine id="r2l54" custom="readingOrder {index:52;}">
                <Coords points="450,2572 1135,2573 1157,2568 1157,2526 450,2539"/>
                <Baseline points="455,2562 489,2562 524,2562 559,2562 594,2561 629,2561 664,2561 698,2561 733,2561 768,2559 803,2559 838,2559 873,2559 908,2559 942,2559 977,2559 1012,2558 1047,2558 1082,2558 1117,2558 1152,2559"/>
                <TextEquiv>
                    <Unicode>menmateria in eis est eiusdem rationis: et sic con</Unicode>
                </TextEquiv>
            </TextLine>
            <TextLine id="r2l55" custom="readingOrder {index:53;}">
                <Coords points="453,2622 1154,2614 1169,2572 453,2575"/>
                <Baseline points="458,2606 493,2607 528,2607 563,2607 599,2606 634,2606 669,2606 705,2606 740,2606 775,2605 811,2604 846,2604 881,2604 916,2604 952,2603 987,2603 1022,2603 1058,2603 1093,2603 1128,2604 1164,2604"/>
                <TextEquiv>
                    <Unicode>ueniunt in aliquo essentiali et in aliquo differunt</Unicode>
                </TextEquiv>
            </TextLine>
            <TextLine id="r2l56" custom="readingOrder {index:54;}">
                <Coords points="457,2674 730,2662 784,2684 999,2657 1053,2674 1166,2661 1166,2611 457,2624"/>
                <Baseline points="462,2655 498,2654 535,2654 572,2654 609,2654 645,2652 682,2652 719,2652 756,2652 793,2651 829,2651 866,2651 903,2651 940,2651 977,2651 1013,2650 1050,2649 1087,2649 1124,2649 1161,2649"/>
                <TextEquiv>
                    <Unicode>et hoc modo etiam homo et angelus conueniunt in con</Unicode>
                </TextEquiv>
            </TextLine>
            <TextEquiv>
                <Unicode>vtimur: semper vna propositione et non alia: et vti
mur ac si talia predicata non possunt suppone
re pro alio quam pro illo quod principaliter signifi¬
catur et importatur per illa. ⁋ Ad aliud dico quod
hec est predicatio formalis homo est albus: et ta
men non est per se. eodem modo quando predicatur na
tura de supposito est predicatio formalis non ta¬
men per se: quia sequitur est predicatio per se. ergo
necessaria et econtra: ita quod in hoc est demonstra¬
tio circularis. Et quando dicas quod substantia se
cunda non predicatur de aliquo per accidens fal
sum est sic quod propositio in qua predicatur potest esse
contingens. Exemplum. album est homo. hic predi¬
catur secunda substantia: et tamen per accidens: quia
hec propositio est contingens eodem modo in propo¬
sito ⁋ Ad aliud dico quod hec propositio deus potest
esse homo est per se secundo modo: et vniuersaliter
omnis propositio in qua illud quod importatur per pre
dicatum non est intrinsecum illi pro quo subiectum sup¬
ponit: sed est extrinsecum et distinctum ab eo realiter.
Et quando dicas quod homo non est passio alicuius.
dico quod non: si habeat suppositionem personalem sicut
nec risibile supponit pro passione vt habet sup¬
positionem personalem: sed sic solum supponit pro sub¬
iecto: tamen illud quod significatur per risibile est
passio quamcumque suppositionem habeat: et eodem mo
do est in proposito: quia quando dicis quod substantia
non est passio: dico quod verum est: sed conceptus vel
nomen vere potest esse passio prout supponit sim¬
pliciter vel personaliter. ⁋ Ad aliud dico quod tot
modis accipitur quot vniuocum. Ubi sciendum
quod vniuocum vno modo accipitur pro conceptu
communi aliquibus habentibus perfectam similitudinem
in omnibus essentialibus sine omni dissimilitu¬
dine: ita quod hoc sit verum tam in substantialibus
quam in accidentalibus: sic quod in forma accidentali
non est reperire quid dissimile cuilibet forme in
alia forma accidentali eiusdem rationis. Exem.
plum. si albedo in quarto gradu et in tribus gra¬
dibus non fuit omnino similis: tamen non est reperi
re aliquid in vna albedine quod est dissimile cui
libet in alia albedine. et sic accipiendo vniuo¬
cum solus conceptus speciei specialissime solum est
vniuocus: quia in lindiuiduis eiusdem speciei non est re
perire aliquid alterius rationis in vno et in alio
Alio modo accipitur vniuocum pro conceptum communi
aliquibus: quae nec sunt omnino similia nec omnino dis¬
similia: sed in aliquibus similia et in aliquibus dis
similia: vel quantum ad intrinseca vel extrinseca
hoc modo homo vel asinus conueniunt in con¬
ceptu animalis: sicut in conceptum vniuoco. et licet
forme specifice eorum sunt alterius rationis: ta¬
menmateria in eis est eiusdem rationis: et sic con
ueniunt in aliquo essentiali et in aliquo differunt
et hoc modo etiam homo et angelus conueniunt in con</Unicode>
            </TextEquiv>
        </TextRegion>
        <TextRegion orientation="0.0" id="TextRegion_1597953460896_895" custom="readingOrder {index:1;}">
            <Coords points="1256,161 1993,161 2006,2543 2006,2658 1256,2658"/>
            <TextLine id="r3l2" custom="readingOrder {index:0;}">
                <Coords points="1263,289 1948,286 1985,279 1985,220 1674,239 1509,222 1467,242 1440,221 1263,227"/>
                <Baseline points="1268,272 1303,270 1339,270 1374,270 1410,269 1446,269 1481,269 1517,269 1552,269 1588,269 1624,269 1659,269 1695,269 1730,269 1766,269 1802,269 1837,269 1873,269 1908,269 1944,269 1980,269"/>
                <TextEquiv>
                    <Unicode>ceptu substantiae sicut in conceptu vniuoco. quia licet non</Unicode>
                </TextEquiv>
            </TextLine>
            <TextLine id="r3l3" custom="readingOrder {index:1;}">
                <Coords points="1257,333 1804,317 1951,333 1982,319 1982,285 1257,293"/>
                <Baseline points="1262,314 1297,314 1333,314 1369,314 1405,315 1440,315 1476,315 1512,315 1548,315 1583,315 1619,314 1655,314 1691,314 1726,314 1762,314 1798,314 1834,314 1869,314 1905,314 1941,314 1977,314"/>
                <TextEquiv>
                    <Unicode>conueniant in aliquo intrinsece: tamen in aliquibus ex</Unicode>
                </TextEquiv>
            </TextLine>
            <TextLine id="r3l4" custom="readingOrder {index:2;}">
                <Coords points="1266,367 1969,367 1969,334 1890,317 1864,337 1805,317 1266,333"/>
                <Baseline points="1271,359 1305,359 1340,359 1374,359 1409,359 1444,359 1478,359 1513,359 1548,359 1582,359 1617,359 1652,359 1686,359 1721,358 1756,357 1790,357 1825,357 1860,357 1894,357 1929,356 1964,356"/>
                <TextEquiv>
                    <Unicode>trinsecis conueniunt. quia habent accidentia eiusdem rem</Unicode>
                </TextEquiv>
            </TextLine>
            <TextLine id="r3l5" custom="readingOrder {index:3;}">
                <Coords points="1267,409 1957,412 1966,367 1267,378"/>
                <Baseline points="1272,402 1306,402 1340,402 1375,402 1409,402 1444,402 1478,402 1513,402 1547,402 1582,402 1616,402 1650,402 1685,402 1719,402 1754,402 1788,402 1823,402 1857,402 1892,402 1926,401 1961,401"/>
                <TextEquiv>
                    <Unicode>nis. puta intellectionem et volitionem. hoc modo</Unicode>
                </TextEquiv>
            </TextLine>
            <TextLine id="r3l6" custom="readingOrder {index:4;}">
                <Coords points="1264,459 1882,460 1976,452 1976,416 1264,418"/>
                <Baseline points="1269,447 1304,447 1339,446 1374,446 1409,446 1444,446 1479,446 1514,446 1549,446 1584,446 1620,446 1655,446 1690,447 1725,447 1760,447 1795,446 1830,446 1865,446 1900,446 1935,446 1971,444"/>
                <TextEquiv>
                    <Unicode>etiam nigredo et albedo in conceptu coloris conue¬</Unicode>
                </TextEquiv>
            </TextLine>
            <TextLine id="r3l7" custom="readingOrder {index:5;}">
                <Coords points="1266,502 1949,506 1981,499 1981,452 1266,462"/>
                <Baseline points="1271,492 1306,491 1341,491 1376,491 1412,491 1447,490 1482,489 1517,489 1553,489 1588,489 1623,489 1658,489 1694,490 1729,491 1764,491 1799,491 1835,491 1870,491 1905,491 1940,491 1976,492"/>
                <TextEquiv>
                    <Unicode>niunt: licet non communicant in aliquo intrinseco. quia quod</Unicode>
                </TextEquiv>
            </TextLine>
            <TextLine id="r3l8" custom="readingOrder {index:6;}">
                <Coords points="1263,546 1951,549 1970,499 1263,501"/>
                <Baseline points="1268,534 1302,534 1337,534 1372,534 1407,534 1442,534 1477,534 1511,534 1546,534 1581,534 1616,534 1651,534 1686,534 1721,534 1755,534 1790,534 1825,533 1860,533 1895,533 1930,533 1965,533"/>
                <TextEquiv>
                    <Unicode>libet vnius est alterius rationis a quolibet alterius</Unicode>
                </TextEquiv>
            </TextLine>
            <TextLine id="r3l9" custom="readingOrder {index:7;}">
                <Coords points="1251,591 1952,590 1982,587 1982,541 1251,550"/>
                <Baseline points="1256,578 1292,578 1328,578 1364,578 1400,578 1436,578 1472,578 1508,578 1544,578 1580,578 1616,578 1652,578 1688,578 1724,578 1760,578 1796,578 1832,578 1868,578 1904,578 1940,578 1977,578"/>
                <TextEquiv>
                    <Unicode>tamen extrinsece conueniunt. quia habent aliquod subiectum</Unicode>
                </TextEquiv>
            </TextLine>
            <TextLine id="r3l10" custom="readingOrder {index:8;}">
                <Coords points="1254,628 1916,641 1979,633 1979,585 1254,593"/>
                <Baseline points="1259,623 1294,623 1330,621 1366,621 1402,621 1437,621 1473,621 1509,621 1545,621 1580,621 1616,621 1652,621 1688,621 1723,621 1759,621 1795,623 1831,623 1866,623 1902,623 1938,623 1974,623"/>
                <TextEquiv>
                    <Unicode>eiusdem rationis. et de isto vniuoco dicit philosophus. vii. phi.</Unicode>
                </TextEquiv>
            </TextLine>
            <TextLine id="r3l11" custom="readingOrder {index:9;}">
                <Coords points="1266,686 1953,678 1973,673 1973,631 1266,633"/>
                <Baseline points="1271,666 1305,666 1340,666 1375,665 1410,665 1445,665 1480,665 1514,665 1549,665 1584,665 1619,666 1654,666 1689,666 1724,666 1758,666 1793,666 1828,666 1863,666 1898,666 1933,666 1968,666"/>
                <TextEquiv>
                    <Unicode>quod in genere latent multe equiuocationes. quia acci¬</Unicode>
                </TextEquiv>
            </TextLine>
            <TextLine id="r3l12" custom="readingOrder {index:10;}">
                <Coords points="1261,729 1979,716 1979,684 1935,671 1261,684"/>
                <Baseline points="1266,711 1301,711 1336,710 1372,710 1407,710 1443,710 1478,710 1513,710 1549,710 1584,710 1620,710 1655,710 1690,710 1726,710 1761,710 1797,710 1832,710 1867,710 1903,710 1938,708 1974,708"/>
                <TextEquiv>
                    <Unicode>piendo equiuocationem prout distinguitur contra similitu</Unicode>
                </TextEquiv>
            </TextLine>
            <TextLine id="r3l13" custom="readingOrder {index:11;}">
                <Coords points="1257,765 1961,766 1970,716 1257,731"/>
                <Baseline points="1262,753 1297,755 1332,755 1367,755 1402,755 1437,755 1472,755 1508,755 1543,753 1578,753 1613,753 1648,753 1683,753 1718,753 1754,752 1789,752 1824,752 1859,753 1894,753 1929,753 1965,753"/>
                <TextEquiv>
                    <Unicode>dinem vel contra vniuocationem aliquorum habentium</Unicode>
                </TextEquiv>
            </TextLine>
            <TextLine id="r3l14" custom="readingOrder {index:12;}">
                <Coords points="1261,807 1967,805 1967,765 1918,761 1261,762"/>
                <Baseline points="1266,797 1300,797 1335,798 1370,798 1405,798 1440,798 1474,798 1509,798 1544,798 1579,798 1614,798 1648,798 1683,798 1718,798 1753,798 1788,798 1822,798 1857,798 1892,798 1927,798 1962,798"/>
                <TextEquiv>
                    <Unicode>similitudinem perfectam sicut conceptus generis tam</Unicode>
                </TextEquiv>
            </TextLine>
            <TextLine id="r3l15" custom="readingOrder {index:13;}">
                <Coords points="1258,850 1973,852 1973,818 1928,803 1811,820 1258,809"/>
                <Baseline points="1263,843 1298,843 1333,842 1368,842 1404,842 1439,842 1474,842 1509,842 1545,842 1580,842 1615,843 1650,843 1686,843 1721,843 1756,843 1791,842 1827,842 1862,842 1897,842 1932,840 1968,840"/>
                <TextEquiv>
                    <Unicode>subalterni quam generalissimi non est vniuocus sed po¬</Unicode>
                </TextEquiv>
            </TextLine>
            <TextLine id="r3l16" custom="readingOrder {index:14;}">
                <Coords points="1255,906 1970,895 1949,855 1255,856"/>
                <Baseline points="1260,884 1295,885 1330,885 1365,885 1401,885 1436,887 1471,887 1506,887 1542,887 1577,887 1612,887 1647,887 1683,887 1718,887 1753,887 1788,887 1824,887 1859,885 1894,885 1929,885 1965,884"/>
                <TextEquiv>
                    <Unicode>tius in genere: sic est equiuocatio. Tertio modo ad</Unicode>
                </TextEquiv>
            </TextLine>
            <TextLine id="r3l17" custom="readingOrder {index:15;}">
                <Coords points="1261,944 1973,943 1973,894 1261,902"/>
                <Baseline points="1266,930 1301,930 1336,929 1371,929 1406,929 1441,929 1476,929 1511,929 1546,929 1581,929 1617,929 1652,929 1687,929 1722,930 1757,930 1792,929 1827,929 1862,929 1897,929 1932,929 1968,927"/>
                <TextEquiv>
                    <Unicode>cipitur vniuocum pro conceptu communi multis non haben¬</Unicode>
                </TextEquiv>
            </TextLine>
            <TextLine id="r3l18" custom="readingOrder {index:16;}">
                <Coords points="1255,985 1954,984 1970,946 1256,947"/>
                <Baseline points="1260,975 1295,974 1330,974 1365,974 1400,974 1436,974 1471,974 1506,974 1541,974 1576,974 1612,974 1647,974 1682,974 1717,974 1752,974 1788,974 1823,974 1858,974 1893,975 1928,975 1964,974"/>
                <TextEquiv>
                    <Unicode>tibus aliquam similitudine: nec quantum ad substantialia: nec</Unicode>
                </TextEquiv>
            </TextLine>
            <TextLine id="r3l19" custom="readingOrder {index:17;}">
                <Coords points="1258,1035 1945,1033 1970,1028 1970,981 1258,983"/>
                <Baseline points="1263,1017 1298,1017 1333,1017 1368,1017 1403,1017 1438,1017 1473,1017 1508,1017 1543,1017 1578,1017 1614,1017 1649,1017 1684,1017 1719,1016 1754,1016 1789,1016 1824,1016 1859,1016 1894,1016 1929,1017 1965,1017"/>
                <TextEquiv>
                    <Unicode>quantum ad acidentalia isto modo quaelibet conceptus con</Unicode>
                </TextEquiv>
            </TextLine>
            <TextLine id="r3l20" custom="readingOrder {index:18;}">
                <Coords points="1265,1071 1980,1071 1979,1032 1934,1027 1264,1037"/>
                <Baseline points="1269,1062 1304,1061 1339,1061 1374,1061 1410,1061 1445,1061 1480,1061 1515,1061 1551,1061 1586,1061 1621,1061 1656,1061 1692,1061 1727,1061 1762,1061 1797,1061 1833,1061 1868,1061 1903,1061 1938,1059 1974,1059"/>
                <TextEquiv>
                    <Unicode>ceptus conueniens deo a creature est eis vniuo</Unicode>
                </TextEquiv>
            </TextLine>
            <TextLine id="r3l21" custom="readingOrder {index:19;}">
                <Coords points="1260,1112 1949,1116 1972,1113 1972,1070 1260,1073"/>
                <Baseline points="1265,1106 1300,1106 1335,1106 1370,1106 1405,1106 1440,1106 1475,1106 1510,1106 1545,1106 1580,1106 1616,1106 1651,1106 1686,1106 1721,1106 1756,1105 1791,1104 1826,1104 1861,1104 1896,1104 1931,1104 1967,1104"/>
                <TextEquiv>
                    <Unicode>cus. quia in deo a creatura nihil penitus nec intrin</Unicode>
                </TextEquiv>
            </TextLine>
            <TextLine id="r3l22" custom="readingOrder {index:20;}">
                <Coords points="1263,1160 1972,1164 1961,1111 1731,1128 1263,1114"/>
                <Baseline points="1268,1149 1304,1149 1341,1149 1378,1149 1415,1149 1451,1149 1488,1149 1525,1149 1562,1149 1599,1149 1635,1149 1672,1149 1709,1149 1746,1149 1783,1149 1819,1149 1856,1149 1893,1149 1930,1149 1967,1149"/>
                <TextEquiv>
                    <Unicode>secum nec extrinsecum sunt eiusdem rationis. primam vnio</Unicode>
                </TextEquiv>
            </TextLine>
            <TextLine id="r3l23" custom="readingOrder {index:21;}">
                <Coords points="1266,1202 1988,1205 1988,1163 1940,1153 1266,1163"/>
                <Baseline points="1271,1194 1306,1194 1342,1193 1377,1193 1413,1193 1449,1193 1484,1194 1520,1194 1555,1194 1591,1194 1627,1194 1662,1194 1698,1194 1733,1193 1769,1193 1805,1193 1840,1193 1876,1193 1911,1193 1947,1191 1983,1191"/>
                <TextEquiv>
                    <Unicode>nem et secundam negant sancti a deo. primam. quia nihil essen¬</Unicode>
                </TextEquiv>
            </TextLine>
            <TextLine id="r3l24" custom="readingOrder {index:22;}">
                <Coords points="1267,1251 1993,1245 1993,1211 1928,1198 1809,1216 1267,1207"/>
                <Baseline points="1272,1239 1307,1239 1343,1238 1379,1238 1415,1238 1451,1238 1486,1238 1522,1238 1558,1238 1594,1238 1630,1238 1665,1238 1701,1238 1737,1238 1773,1238 1809,1238 1844,1238 1880,1236 1916,1236 1952,1236 1988,1235"/>
                <TextEquiv>
                    <Unicode>tiale in deo a creature est eiusdem rationis. secundam</Unicode>
                </TextEquiv>
            </TextLine>
            <TextLine id="r3l25" custom="readingOrder {index:23;}">
                <Coords points="1272,1300 1984,1288 1984,1249 1272,1249"/>
                <Baseline points="1277,1284 1312,1284 1347,1283 1382,1283 1417,1282 1452,1281 1487,1281 1522,1281 1557,1281 1592,1281 1628,1281 1663,1281 1698,1281 1733,1281 1768,1281 1803,1281 1838,1281 1873,1281 1908,1281 1943,1280 1979,1280"/>
                <TextEquiv>
                    <Unicode>qui nihil accidentale est eiusdem rationis in deo a crea</Unicode>
                </TextEquiv>
            </TextLine>
            <TextLine id="r3l26" custom="readingOrder {index:24;}">
                <Coords points="1260,1335 1926,1345 1984,1339 1984,1296 1260,1301"/>
                <Baseline points="1265,1325 1300,1326 1336,1326 1372,1326 1407,1326 1443,1326 1479,1326 1514,1326 1550,1326 1586,1326 1622,1326 1657,1326 1693,1326 1729,1325 1764,1325 1800,1325 1836,1325 1871,1325 1907,1325 1943,1325 1979,1325"/>
                <TextEquiv>
                    <Unicode>tura. sicut enim essentia dei est dissimilis essentie</Unicode>
                </TextEquiv>
            </TextLine>
            <TextLine id="r3l27" custom="readingOrder {index:25;}">
                <Coords points="1267,1379 1985,1380 1985,1337 1942,1331 1267,1338"/>
                <Baseline points="1272,1370 1307,1370 1342,1370 1378,1370 1413,1371 1449,1371 1484,1371 1519,1371 1555,1370 1590,1370 1626,1370 1661,1370 1696,1369 1732,1368 1767,1368 1803,1368 1838,1368 1873,1367 1909,1367 1944,1367 1980,1367"/>
                <TextEquiv>
                    <Unicode>creature: ita sapientia dei et bonitas sua. Ideo di¬</Unicode>
                </TextEquiv>
            </TextLine>
            <TextLine id="r3l28" custom="readingOrder {index:26;}">
                <Coords points="1273,1428 1964,1429 1984,1425 1984,1379 1273,1382"/>
                <Baseline points="1278,1413 1313,1413 1348,1413 1383,1413 1418,1412 1453,1412 1488,1412 1523,1412 1558,1412 1593,1412 1628,1412 1663,1412 1698,1412 1733,1412 1768,1412 1803,1412 1838,1412 1873,1412 1908,1410 1943,1410 1979,1409"/>
                <TextEquiv>
                    <Unicode>cit Damascenus quod deus non est sapiens: sed supersapiens</Unicode>
                </TextEquiv>
            </TextLine>
            <TextLine id="r3l29" custom="readingOrder {index:27;}">
                <Coords points="1261,1464 1981,1468 1981,1431 1901,1420 1261,1428"/>
                <Baseline points="1266,1458 1301,1457 1337,1457 1372,1457 1408,1455 1443,1455 1479,1455 1514,1455 1550,1455 1585,1456 1621,1457 1656,1457 1692,1457 1727,1457 1763,1457 1798,1457 1834,1457 1869,1455 1905,1455 1940,1455 1976,1454"/>
                <TextEquiv>
                    <Unicode>nec bonus: sed superbonus. tertiam vniuocationem</Unicode>
                </TextEquiv>
            </TextLine>
            <TextLine id="r3l30" custom="readingOrder {index:28;}">
                <Coords points="1266,1521 1902,1517 1994,1509 1994,1468 1266,1471"/>
                <Baseline points="1271,1502 1306,1502 1342,1502 1378,1502 1414,1502 1450,1502 1486,1502 1522,1502 1558,1502 1594,1500 1630,1500 1665,1500 1701,1500 1737,1500 1773,1499 1809,1499 1845,1499 1881,1499 1917,1499 1953,1500 1989,1500"/>
                <TextEquiv>
                    <Unicode>ponunt etiam sancti et tenentes vniuocationem et ne</Unicode>
                </TextEquiv>
            </TextLine>
            <TextLine id="r3l31" custom="readingOrder {index:29;}">
                <Coords points="1269,1562 1978,1558 1993,1509 1269,1519"/>
                <Baseline points="1274,1545 1309,1545 1345,1545 1381,1545 1416,1545 1452,1545 1488,1545 1523,1545 1559,1545 1595,1545 1631,1545 1666,1545 1702,1545 1738,1545 1773,1545 1809,1545 1845,1545 1880,1544 1916,1544 1952,1544 1988,1544"/>
                <TextEquiv>
                    <Unicode>gantes eam esse et etiam philosophi posuerunt talem in deo. si</Unicode>
                </TextEquiv>
            </TextLine>
            <TextLine id="r3l32" custom="readingOrder {index:30;}">
                <Coords points="1276,1602 1942,1610 1984,1595 1984,1557 1276,1566"/>
                <Baseline points="1281,1590 1315,1589 1350,1589 1385,1589 1420,1589 1455,1589 1490,1589 1525,1589 1560,1589 1595,1590 1630,1590 1664,1590 1699,1590 1734,1589 1769,1589 1804,1589 1839,1589 1874,1588 1909,1587 1944,1587 1979,1586"/>
                <TextEquiv>
                    <Unicode>militer accipiendo vniuocum secundo modo. sic in ge¬</Unicode>
                </TextEquiv>
            </TextLine>
            <TextLine id="r3l33" custom="readingOrder {index:31;}">
                <Coords points="1270,1645 1962,1651 1985,1644 1985,1596 1270,1603"/>
                <Baseline points="1275,1635 1310,1635 1345,1634 1380,1634 1416,1634 1451,1634 1486,1634 1521,1634 1557,1634 1592,1634 1627,1634 1662,1634 1698,1634 1733,1634 1768,1634 1803,1634 1839,1634 1874,1632 1909,1632 1944,1631 1980,1629"/>
                <TextEquiv>
                    <Unicode>nere latent multe equiuocationes. quia illa quae solum con</Unicode>
                </TextEquiv>
            </TextLine>
            <TextLine id="r3l34" custom="readingOrder {index:32;}">
                <Coords points="1273,1688 1535,1685 1575,1704 1630,1685 1982,1684 1981,1650 1934,1638 1272,1650"/>
                <Baseline points="1277,1679 1313,1679 1350,1679 1387,1679 1424,1680 1460,1680 1497,1679 1534,1679 1571,1679 1608,1679 1644,1679 1681,1677 1718,1677 1755,1677 1792,1677 1828,1676 1865,1676 1902,1676 1939,1677 1976,1677"/>
                <TextEquiv>
                    <Unicode>ueniunt in conceptu generis sunt multum dissimi</Unicode>
                </TextEquiv>
            </TextLine>
            <TextLine id="r3l35" custom="readingOrder {index:33;}">
                <Coords points="1276,1737 1983,1732 1975,1683 1575,1704 1540,1686 1275,1688"/>
                <Baseline points="1280,1724 1314,1724 1349,1724 1384,1724 1419,1724 1454,1724 1489,1724 1523,1724 1558,1722 1593,1722 1628,1722 1663,1722 1698,1722 1733,1722 1767,1721 1802,1721 1837,1721 1872,1721 1907,1719 1942,1719 1977,1719"/>
                <TextEquiv>
                    <Unicode>lia. quia quantumcunque aliqua habent aliqua similia si</Unicode>
                </TextEquiv>
            </TextLine>
            <TextLine id="r3l37" custom="readingOrder {index:34;}">
                <Coords points="1269,1773 1870,1786 1978,1774 1978,1734 1269,1737"/>
                <Baseline points="1274,1766 1310,1766 1347,1766 1384,1766 1421,1767 1457,1767 1494,1767 1531,1767 1568,1767 1605,1767 1641,1767 1678,1766 1715,1766 1752,1766 1789,1766 1825,1766 1862,1764 1899,1764 1936,1764 1973,1763"/>
                <TextEquiv>
                    <Unicode>cut prius patuit. tamen omnia illa sunt multum dissimi</Unicode>
                </TextEquiv>
            </TextLine>
            <TextLine id="r3l39" custom="readingOrder {index:35;}">
                <Coords points="1269,1824 1997,1811 1996,1773 1268,1774"/>
                <Baseline points="1274,1808 1309,1809 1345,1809 1381,1811 1417,1811 1453,1811 1489,1812 1525,1812 1561,1812 1597,1812 1633,1812 1668,1811 1704,1811 1740,1811 1776,1809 1812,1809 1848,1809 1884,1808 1920,1806 1956,1806 1992,1805"/>
                <TextEquiv>
                    <Unicode>lia. et sic intelligitur illa auctoritas. ⁋ Ad aliud di</Unicode>
                </TextEquiv>
            </TextLine>
            <TextLine id="r3l40" custom="readingOrder {index:36;}">
                <Coords points="1271,1863 2001,1864 2000,1824 1977,1815 1270,1825"/>
                <Baseline points="1275,1853 1311,1853 1347,1854 1383,1854 1419,1854 1455,1854 1491,1854 1527,1854 1563,1854 1599,1853 1635,1853 1671,1853 1707,1853 1743,1853 1779,1851 1815,1851 1851,1851 1887,1851 1923,1851 1959,1851 1995,1851"/>
                <TextEquiv>
                    <Unicode>co. quod analogia accipitur dupliciter. Uno modo pro com¬</Unicode>
                </TextEquiv>
            </TextLine>
            <TextLine id="r3l41" custom="readingOrder {index:37;}">
                <Coords points="1269,1916 1988,1910 1988,1868 1269,1871"/>
                <Baseline points="1274,1898 1309,1898 1344,1898 1380,1898 1415,1898 1451,1898 1486,1896 1522,1896 1557,1896 1593,1896 1628,1896 1663,1896 1699,1895 1734,1895 1770,1895 1805,1895 1841,1895 1876,1896 1912,1896 1947,1896 1983,1896"/>
                <TextEquiv>
                    <Unicode>ceptu vniuoco tertio modo dicto: qui nec est pure</Unicode>
                </TextEquiv>
            </TextLine>
            <TextLine id="r3l42" custom="readingOrder {index:38;}">
                <Coords points="1266,1958 1974,1954 1984,1909 1266,1915"/>
                <Baseline points="1271,1941 1306,1941 1341,1941 1377,1941 1412,1941 1448,1941 1483,1941 1518,1940 1554,1940 1589,1940 1625,1940 1660,1938 1695,1938 1731,1938 1766,1938 1802,1938 1837,1938 1872,1938 1908,1938 1943,1938 1979,1938"/>
                <TextEquiv>
                    <Unicode>equiuocus nec vniuocus. quia est vnus conceptus</Unicode>
                </TextEquiv>
            </TextLine>
            <TextLine id="r3l43" custom="readingOrder {index:39;}">
                <Coords points="1267,2000 1976,1996 1976,1951 1267,1957"/>
                <Baseline points="1272,1986 1308,1986 1345,1985 1382,1985 1419,1985 1455,1985 1492,1984 1529,1983 1566,1983 1603,1983 1639,1983 1676,1983 1713,1982 1750,1982 1787,1982 1823,1982 1860,1982 1897,1982 1934,1983 1971,1983"/>
                <TextEquiv>
                    <Unicode>et non plures: nec purus vniuocus vniuocarione</Unicode>
                </TextEquiv>
            </TextLine>
            <TextLine id="r3l44" custom="readingOrder {index:40;}">
                <Coords points="1270,2053 1969,2045 1991,2039 1991,1995 1269,2002"/>
                <Baseline points="1274,2033 1309,2033 1345,2031 1380,2030 1416,2030 1452,2029 1487,2028 1523,2028 1558,2028 1594,2027 1630,2027 1665,2027 1701,2027 1736,2027 1772,2027 1808,2027 1843,2027 1879,2027 1914,2027 1950,2027 1986,2028"/>
                <TextEquiv>
                    <Unicode>perfectissima: puta primo modo dicta: nec etiam secundo</Unicode>
                </TextEquiv>
            </TextLine>
            <TextLine id="r3l45" custom="readingOrder {index:41;}">
                <Coords points="1264,2084 1985,2080 1984,2042 1906,2035 1348,2037 1264,2058"/>
                <Baseline points="1269,2076 1304,2076 1340,2075 1375,2074 1411,2073 1446,2073 1482,2072 1517,2072 1553,2072 1588,2072 1624,2072 1660,2072 1695,2072 1731,2072 1766,2072 1802,2072 1837,2072 1873,2072 1908,2072 1944,2070 1980,2070"/>
                <TextEquiv>
                    <Unicode>modo. ideo dicitur esse medius inter puram vniuoca¬</Unicode>
                </TextEquiv>
            </TextLine>
            <TextLine id="r3l46" custom="readingOrder {index:42;}">
                <Coords points="1278,2129 1946,2134 1984,2128 1984,2081 1278,2091"/>
                <Baseline points="1283,2117 1317,2117 1352,2118 1387,2118 1422,2118 1457,2118 1491,2118 1526,2118 1561,2118 1596,2118 1631,2118 1665,2117 1700,2117 1735,2117 1770,2117 1805,2115 1839,2115 1874,2115 1909,2115 1944,2114 1979,2114"/>
                <TextEquiv>
                    <Unicode>tionem et equiuocationem secundo modo analogia. quan</Unicode>
                </TextEquiv>
            </TextLine>
            <TextLine id="r3l47" custom="readingOrder {index:43;}">
                <Coords points="1281,2172 1993,2172 1977,2125 1281,2128"/>
                <Baseline points="1286,2162 1321,2162 1356,2163 1391,2163 1426,2163 1461,2163 1496,2163 1531,2162 1566,2162 1601,2162 1637,2162 1672,2162 1707,2162 1742,2162 1777,2160 1812,2160 1847,2160 1882,2160 1917,2159 1952,2159 1988,2159"/>
                <TextEquiv>
                    <Unicode>do sunt quattuor et duo praedicantur de duobus et sunt</Unicode>
                </TextEquiv>
            </TextLine>
            <TextLine id="r3l48" custom="readingOrder {index:44;}">
                <Coords points="1275,2219 1934,2221 1985,2214 1985,2172 1275,2176"/>
                <Baseline points="1280,2207 1315,2207 1350,2207 1385,2207 1420,2207 1455,2207 1490,2207 1525,2207 1560,2207 1595,2207 1630,2207 1665,2207 1700,2207 1735,2205 1770,2205 1805,2205 1840,2204 1875,2204 1910,2204 1945,2202 1980,2202"/>
                <TextEquiv>
                    <Unicode>impertinentia nisi per conformitatem et propositionem. et</Unicode>
                </TextEquiv>
            </TextLine>
            <TextLine id="r3l49" custom="readingOrder {index:45;}">
                <Coords points="1272,2259 1984,2261 1965,2211 1272,2218"/>
                <Baseline points="1277,2249 1312,2249 1347,2250 1382,2250 1417,2251 1452,2252 1487,2252 1522,2250 1557,2250 1592,2250 1628,2250 1663,2250 1698,2249 1733,2249 1768,2248 1803,2247 1838,2247 1873,2247 1908,2246 1943,2246 1979,2246"/>
                <TextEquiv>
                    <Unicode>talis analogia non excludit perfecta vniuocatio</Unicode>
                </TextEquiv>
            </TextLine>
            <TextLine id="r3l50" custom="readingOrder {index:46;}">
                <Coords points="1266,2304 1972,2304 1978,2258 1266,2259"/>
                <Baseline points="1271,2295 1306,2295 1341,2295 1376,2295 1411,2295 1446,2295 1481,2294 1516,2294 1551,2294 1586,2294 1622,2294 1657,2292 1692,2292 1727,2292 1762,2292 1797,2292 1832,2291 1867,2291 1902,2291 1937,2291 1973,2291"/>
                <TextEquiv>
                    <Unicode>nem. Exemplum. hic est analogia tali modo sicut</Unicode>
                </TextEquiv>
            </TextLine>
            <TextLine id="r3l51" custom="readingOrder {index:47;}">
                <Coords points="1278,2348 1856,2354 1984,2343 1984,2302 1278,2303"/>
                <Baseline points="1283,2337 1317,2337 1352,2337 1387,2337 1422,2337 1457,2337 1491,2337 1526,2337 1561,2337 1596,2336 1631,2336 1665,2336 1700,2336 1735,2336 1770,2336 1805,2336 1839,2336 1874,2334 1909,2335 1944,2336 1979,2336"/>
                <TextEquiv>
                    <Unicode>se habet homo ad animal. ita se habet albedo ad </Unicode>
                </TextEquiv>
            </TextLine>
            <TextLine id="r3l52" custom="readingOrder {index:48;}">
                <Coords points="1269,2394 1996,2397 1996,2349 1269,2358"/>
                <Baseline points="1274,2382 1309,2382 1345,2381 1381,2381 1417,2381 1453,2381 1489,2381 1524,2381 1560,2381 1596,2380 1632,2379 1668,2379 1704,2379 1740,2379 1775,2379 1811,2379 1847,2379 1883,2379 1919,2379 1955,2379 1991,2379"/>
                <TextEquiv>
                    <Unicode>colorem modo illud quod praedicatur in vtraque propositione</Unicode>
                </TextEquiv>
            </TextLine>
            <TextLine id="r3l53" custom="readingOrder {index:49;}">
                <Coords points="1279,2447 1952,2438 1978,2429 1978,2391 1279,2400"/>
                <Baseline points="1284,2427 1318,2427 1352,2427 1387,2427 1421,2426 1456,2426 1490,2426 1525,2426 1559,2425 1594,2424 1628,2424 1662,2424 1697,2424 1731,2423 1766,2423 1800,2423 1835,2423 1869,2423 1904,2423 1938,2423 1973,2423"/>
                <TextEquiv>
                    <Unicode>est vniuocum secundo modo dictum. Similiter hic est talis</Unicode>
                </TextEquiv>
            </TextLine>
            <TextLine id="r3l54" custom="readingOrder {index:50;}">
                <Coords points="1273,2483 1974,2483 1994,2429 1273,2444"/>
                <Baseline points="1278,2472 1313,2472 1349,2471 1384,2471 1420,2470 1455,2469 1491,2469 1526,2468 1562,2468 1597,2467 1633,2466 1669,2466 1704,2466 1740,2466 1775,2465 1811,2466 1846,2466 1882,2466 1917,2466 1953,2468 1989,2469"/>
                <TextEquiv>
                    <Unicode>analogia: sicut se habet sortes ad hominem. ita hoc</Unicode>
                </TextEquiv>
            </TextLine>
            <TextLine id="r3l55" custom="readingOrder {index:51;}">
                <Coords points="1273,2523 1991,2525 1990,2485 1955,2477 1272,2485"/>
                <Baseline points="1278,2514 1313,2514 1348,2514 1384,2514 1419,2514 1455,2513 1490,2513 1525,2513 1561,2513 1596,2513 1632,2511 1667,2511 1702,2511 1738,2511 1773,2511 1809,2510 1844,2510 1879,2510 1915,2510 1950,2510 1986,2510"/>
                <TextEquiv>
                    <Unicode>albedo ad albedinem: vbi est perfectissima vniuo</Unicode>
                </TextEquiv>
            </TextLine>
            <TextLine id="r3l56" custom="readingOrder {index:52;}">
                <Coords points="1275,2579 1996,2568 1995,2526 1946,2518 1274,2535"/>
                <Baseline points="1280,2559 1315,2559 1351,2559 1386,2559 1422,2559 1457,2558 1493,2558 1528,2558 1564,2558 1599,2556 1635,2556 1671,2556 1706,2555 1742,2555 1777,2555 1813,2555 1848,2555 1884,2555 1919,2555 1955,2555 1991,2555"/>
                <TextEquiv>
                    <Unicode>catio. et sic partbet ad propositum quo ens non dicitur pu</Unicode>
                </TextEquiv>
            </TextLine>
            <TextLine id="r3l57" custom="readingOrder {index:53;}">
                <Coords points="1278,2615 1984,2619 1994,2572 1278,2579"/>
                <Baseline points="1283,2603 1318,2603 1353,2603 1388,2603 1424,2603 1459,2603 1494,2601 1530,2601 1565,2601 1600,2600 1636,2600 1671,2600 1706,2599 1741,2598 1777,2598 1812,2598 1847,2598 1883,2598 1918,2598 1953,2598 1989,2598"/>
                <TextEquiv>
                    <Unicode>re vniuoce: nec pure equiuoce: sed medio modo. </Unicode>
                </TextEquiv>
            </TextLine>
            <TextLine id="line_1597953461023_898" custom="readingOrder {index:54;}">
                <Coords points="1284,2668 1869,2668 2011,2646 2011,2619 1934,2606 1819,2626 1284,2612"/>
                <Baseline points="1289,2648 1331,2648 1374,2648 1416,2648 1459,2648 1501,2648 1544,2648 1586,2648 1629,2648 1671,2648 1714,2648 1756,2648 1799,2648 1841,2646 1884,2646 1926,2646 1969,2645 2006,2644"/>
                <TextEquiv>
                    <Unicode>⁋ Ad aliud de sano dico quod alio modo significat</Unicode>
                </TextEquiv>
            </TextLine>
            <TextEquiv>
                <Unicode>ceptu substantiae sicut in conceptu vniuoco. quia licet non
conueniant in aliquo intrinsece: tamen in aliquibus ex
trinsecis conueniunt. quia habent accidentia eiusdem rem
nis. puta intellectionem et volitionem. hoc modo
etiam nigredo et albedo in conceptu coloris conue¬
niunt: licet non communicant in aliquo intrinseco. quia quod
libet vnius est alterius rationis a quolibet alterius
tamen extrinsece conueniunt. quia habent aliquod subiectum
eiusdem rationis. et de isto vniuoco dicit philosophus. vii. phi.
quod in genere latent multe equiuocationes. quia acci¬
piendo equiuocationem prout distinguitur contra similitu
dinem vel contra vniuocationem aliquorum habentium
similitudinem perfectam sicut conceptus generis tam
subalterni quam generalissimi non est vniuocus sed po¬
tius in genere: sic est equiuocatio. Tertio modo ad
cipitur vniuocum pro conceptu communi multis non haben¬
tibus aliquam similitudine: nec quantum ad substantialia: nec
quantum ad acidentalia isto modo quaelibet conceptus con
ceptus conueniens deo a creature est eis vniuo
cus. quia in deo a creatura nihil penitus nec intrin
secum nec extrinsecum sunt eiusdem rationis. primam vnio
nem et secundam negant sancti a deo. primam. quia nihil essen¬
tiale in deo a creature est eiusdem rationis. secundam
qui nihil accidentale est eiusdem rationis in deo a crea
tura. sicut enim essentia dei est dissimilis essentie
creature: ita sapientia dei et bonitas sua. Ideo di¬
cit Damascenus quod deus non est sapiens: sed supersapiens
nec bonus: sed superbonus. tertiam vniuocationem
ponunt etiam sancti et tenentes vniuocationem et ne
gantes eam esse et etiam philosophi posuerunt talem in deo. si
militer accipiendo vniuocum secundo modo. sic in ge¬
nere latent multe equiuocationes. quia illa quae solum con
ueniunt in conceptu generis sunt multum dissimi
lia. quia quantumcunque aliqua habent aliqua similia si
cut prius patuit. tamen omnia illa sunt multum dissimi
lia. et sic intelligitur illa auctoritas. ⁋ Ad aliud di
co. quod analogia accipitur dupliciter. Uno modo pro com¬
ceptu vniuoco tertio modo dicto: qui nec est pure
equiuocus nec vniuocus. quia est vnus conceptus
et non plures: nec purus vniuocus vniuocarione
perfectissima: puta primo modo dicta: nec etiam secundo
modo. ideo dicitur esse medius inter puram vniuoca¬
tionem et equiuocationem secundo modo analogia. quan
do sunt quattuor et duo praedicantur de duobus et sunt
impertinentia nisi per conformitatem et propositionem. et
talis analogia non excludit perfecta vniuocatio
nem. Exemplum. hic est analogia tali modo sicut
se habet homo ad animal. ita se habet albedo ad 
colorem modo illud quod praedicatur in vtraque propositione
est vniuocum secundo modo dictum. Similiter hic est talis
analogia: sicut se habet sortes ad hominem. ita hoc
albedo ad albedinem: vbi est perfectissima vniuo
catio. et sic partbet ad propositum quo ens non dicitur pu
re vniuoce: nec pure equiuoce: sed medio modo. 
⁋ Ad aliud de sano dico quod alio modo significat</Unicode>
            </TextEquiv>
        </TextRegion>
    </Page>
</PcGts>
