<?xml version="1.0" encoding="UTF-8" standalone="yes"?>
<PcGts xmlns="http://schema.primaresearch.org/PAGE/gts/pagecontent/2013-07-15" xmlns:xsi="http://www.w3.org/2001/XMLSchema-instance" xsi:schemaLocation="http://schema.primaresearch.org/PAGE/gts/pagecontent/2013-07-15 http://schema.primaresearch.org/PAGE/gts/pagecontent/2013-07-15/pagecontent.xsd">
    <Metadata>
        <Creator>prov=University of Rostock/Institute of Mathematics/CITlab|PLANET AI GmbH/Gundram Leifert/gundram.leifert@planet-ai.de:name=cod-LyXLXy-m2-withbase(htr_id=25980)::::v=2.6.6
prov=University of Rostock/Institute of Mathematics/CITlab|PLANET AI GmbH/Tobias Gruening/tobias.gruening@planet-ai.de:name=de.uros.citlab.module.baseline2polygon.B2PSeamMultiOriented:v=2.6.6
prov=University of Rostock/Institute of Mathematics/CITlab|PLANET AI GmbH/Tobias Gruening/tobias.gruening@planet-ai.de:name=/net_tf/LA73_249_0mod360.pb:de.uros.citlab.segmentation.CITlab_LA_ML:v=2.6.6
Transkribus</Creator>
        <Created>2020-08-11T01:46:06.149+02:00</Created>
        <LastChange>2020-09-05T05:02:43.155+02:00</LastChange>
        <TranskribusMetadata docId="449428" pageId="18339360" pageNr="749" tsid="39293782" status="IN_PROGRESS" userId="25065" imgUrl="https://files.transkribus.eu/Get?id=KVBEDQBIDBOSAFDAZGXCALWU&amp;fileType=view" xmlUrl="https://files.transkribus.eu/Get?id=OJUGOXILMPGIBEVDXLALAQBY" imageId="13971182"/>
    </Metadata>
    <Page imageFilename="748.jpg" imageWidth="2251" imageHeight="3095">
        <ReadingOrder>
            <OrderedGroup id="ro_1599307913096" caption="Regions reading order">
                <RegionRefIndexed index="0" regionRef="r2"/>
                <RegionRefIndexed index="1" regionRef="r3"/>
            </OrderedGroup>
        </ReadingOrder>
        <TextRegion orientation="0.0" id="r2" custom="readingOrder {index:0;}">
            <Coords points="252,176 252,2679 984,2679 984,176"/>
            <TextLine id="r2l2" custom="readingOrder {index:0;}">
                <Coords points="259,305 977,297 960,239 875,257 626,232 556,255 464,224 395,254 260,224"/>
                <Baseline points="264,281 299,281 334,281 370,282 405,282 441,282 476,282 511,284 547,284 582,284 618,285 653,285 688,285 724,285 759,285 795,285 830,285 865,285 901,285 936,285 972,284"/>
                <TextEquiv>
                    <Unicode>tegritate circumstantiarum. Exemplum. actus ap¬</Unicode>
                </TextEquiv>
            </TextLine>
            <TextLine id="r2l3" custom="readingOrder {index:1;}">
                <Coords points="261,346 940,346 979,342 979,300 261,304"/>
                <Baseline points="266,329 301,329 336,327 372,327 407,327 443,327 478,327 513,327 549,327 584,327 620,327 655,329 690,329 726,329 761,329 797,329 832,329 867,329 903,329 938,329 974,327"/>
                <TextEquiv>
                    <Unicode>petitus sensitiui non est natus esse bonus mo¬</Unicode>
                </TextEquiv>
            </TextLine>
            <TextLine id="r2l4" custom="readingOrder {index:2;}">
                <Coords points="267,384 982,389 989,340 268,345"/>
                <Baseline points="272,371 307,371 343,371 378,371 414,371 449,372 485,372 520,372 556,372 591,374 627,374 663,374 698,374 734,374 769,374 805,374 840,374 876,374 911,374 947,372 983,371"/>
                <TextEquiv>
                    <Unicode>raliter ex se: sed denominatione extrinseca sicut pri</Unicode>
                </TextEquiv>
            </TextLine>
            <TextLine id="r2l5" custom="readingOrder {index:3;}">
                <Coords points="259,426 986,434 972,383 259,386"/>
                <Baseline points="264,413 299,414 335,414 371,416 407,416 443,417 479,417 514,417 550,417 586,417 622,417 658,417 694,417 730,417 765,417 801,417 837,417 873,417 909,417 945,416 981,416"/>
                <TextEquiv>
                    <Unicode>ius dictum est non est bonus ex integritate circum¬</Unicode>
                </TextEquiv>
            </TextLine>
            <TextLine id="r2l6" custom="readingOrder {index:4;}">
                <Coords points="265,472 983,474 974,427 265,424"/>
                <Baseline points="270,458 305,458 340,459 376,460 411,461 447,461 482,461 517,462 553,462 588,462 624,462 659,462 694,462 730,462 765,462 801,462 836,461 871,461 907,461 942,461 978,461"/>
                <TextEquiv>
                    <Unicode>stantiarum: puta ex hoc quod fit in loco determina</Unicode>
                </TextEquiv>
            </TextLine>
            <TextLine id="r2l7" custom="readingOrder {index:5;}">
                <Coords points="265,519 986,521 986,481 930,473 265,471"/>
                <Baseline points="270,503 305,503 341,504 376,504 412,504 447,504 483,504 518,506 554,506 589,506 625,506 661,506 696,506 732,506 767,506 803,506 838,506 874,506 909,506 945,506 981,506"/>
                <TextEquiv>
                    <Unicode>to tempore determinato etc. sed quando actus natus</Unicode>
                </TextEquiv>
            </TextLine>
            <TextLine id="r2l8" custom="readingOrder {index:6;}">
                <Coords points="264,563 989,565 989,524 960,514 264,519"/>
                <Baseline points="269,546 304,546 340,548 376,548 412,549 447,549 483,549 519,551 555,551 590,551 626,551 662,551 698,549 733,549 769,549 805,549 841,549 876,549 912,548 948,548 984,548"/>
                <TextEquiv>
                    <Unicode>est esse bonus moraliter: tunc ad bonitatem</Unicode>
                </TextEquiv>
            </TextLine>
            <TextLine id="r2l9" custom="readingOrder {index:7;}">
                <Coords points="255,598 986,607 986,568 936,558 255,562"/>
                <Baseline points="260,591 296,591 332,593 368,593 404,593 440,593 476,594 512,594 548,594 584,594 620,594 656,594 692,594 728,594 764,594 800,594 836,594 872,594 908,594 944,594 981,594"/>
                <TextEquiv>
                    <Unicode>actus requiritur integritas circumstantiarum: et</Unicode>
                </TextEquiv>
            </TextLine>
            <TextLine id="r2l10" custom="readingOrder {index:8;}">
                <Coords points="267,651 989,643 989,608 925,599 267,602"/>
                <Baseline points="272,636 307,636 343,636 378,636 414,636 450,638 485,638 521,638 556,638 592,638 628,638 663,638 699,638 734,638 770,638 806,638 841,638 877,638 912,636 948,636 984,636"/>
                <TextEquiv>
                    <Unicode>quando deficit aliqua circumstantia: tunc non est bo</Unicode>
                </TextEquiv>
            </TextLine>
            <TextLine id="r2l11" custom="readingOrder {index:9;}">
                <Coords points="253,690 977,693 977,654 952,647 253,654"/>
                <Baseline points="258,680 293,680 329,681 365,681 400,681 436,681 472,681 507,681 543,681 579,681 615,681 650,681 686,681 722,681 757,681 793,681 829,681 864,681 900,680 936,680 972,680"/>
                <TextEquiv>
                    <Unicode>nus moraliter: sed necessario requiritur illa cir¬</Unicode>
                </TextEquiv>
            </TextLine>
            <TextLine id="r2l12" custom="readingOrder {index:10;}">
                <Coords points="261,731 985,740 985,693 943,687 261,694"/>
                <Baseline points="266,725 301,725 337,725 373,725 408,725 444,725 480,725 515,725 551,726 587,726 623,726 658,726 694,726 730,726 765,726 801,725 837,725 872,725 908,725 944,725 980,725"/>
                <TextEquiv>
                    <Unicode>cunstantia ad bonitatem actus moralis licet for¬</Unicode>
                </TextEquiv>
            </TextLine>
            <TextLine id="r2l13" custom="readingOrder {index:11;}">
                <Coords points="262,774 384,792 471,773 564,791 986,782 986,747 930,733 262,740"/>
                <Baseline points="267,767 302,767 338,768 374,770 409,770 445,770 481,770 516,770 552,770 588,770 624,770 659,770 695,770 731,770 766,770 802,770 838,770 873,770 909,770 945,769 981,768"/>
                <TextEquiv>
                    <Unicode>te non sit vitiosus: quia intenditur malus finis.</Unicode>
                </TextEquiv>
            </TextLine>
            <TextLine id="r2l14" custom="readingOrder {index:12;}">
                <Coords points="261,814 415,833 971,823 971,788 947,779 546,794 471,773 387,792 261,776"/>
                <Baseline points="266,810 301,812 336,813 371,813 406,814 441,815 476,815 511,815 546,815 581,815 616,815 651,815 686,815 721,813 756,813 791,813 826,813 861,813 896,813 931,812 966,812"/>
                <TextEquiv>
                    <Unicode>⁋ Ad aliud dico quod actus diligendi deum propter</Unicode>
                </TextEquiv>
            </TextLine>
            <TextLine id="line_1597953890903_1083" custom="readingOrder {index:13;}">
                <Coords points="259,865 971,866 971,827 949,824 337,832 259,807"/>
                <Baseline points="264,855 290,856 316,855 342,855 483,858 508,859 533,860 559,860 584,860 610,860 635,860 660,860 686,859 711,858 737,858 762,858 788,857 813,857 838,856 864,855 889,855 915,855 940,855 966,855"/>
                <TextEquiv>
                    <Unicode>se tanquam propter finem: et post propter aliud sunt a¬</Unicode>
                </TextEquiv>
            </TextLine>
            <TextLine id="r2l17" custom="readingOrder {index:14;}">
                <Coords points="255,909 967,912 967,869 255,872"/>
                <Baseline points="260,899 295,900 330,900 365,902 400,902 435,902 470,902 505,903 540,903 575,903 611,903 646,902 681,902 716,902 751,902 786,902 821,900 856,900 891,900 926,899 962,899"/>
                <TextEquiv>
                    <Unicode>ctus distincti specie. Quod autem sunt distincti actus</Unicode>
                </TextEquiv>
            </TextLine>
            <TextLine id="line_1597953893610_1088" custom="readingOrder {index:15;}">
                <Coords points="256,961 973,960 960,912 256,910"/>
                <Baseline points="261,945 292,945 323,947 354,945 464,947 489,948 514,948 539,948 564,948 590,948 615,948 640,948 665,947 690,947 716,947 741,947 766,947 791,945 816,945 842,945 867,945 892,944 917,944 942,944 968,944"/>
                <TextEquiv>
                    <Unicode>specie patet: quia quandocumque obiecta primaria aliquo¬</Unicode>
                </TextEquiv>
            </TextLine>
            <TextLine id="r2l20" custom="readingOrder {index:16;}">
                <Coords points="258,1005 976,1004 976,963 942,956 258,963"/>
                <Baseline points="263,989 298,989 333,989 369,989 404,989 440,989 475,989 510,989 546,989 581,990 617,990 652,990 687,990 723,990 758,989 794,989 829,989 864,989 900,987 935,987 971,986"/>
                <TextEquiv>
                    <Unicode>rum actuum variantur: necessario variantur illi actus:</Unicode>
                </TextEquiv>
            </TextLine>
            <TextLine id="r2l21" custom="readingOrder {index:17;}">
                <Coords points="249,1042 855,1052 974,1040 974,1005 249,1010"/>
                <Baseline points="254,1034 289,1034 325,1034 361,1034 397,1034 432,1034 468,1034 504,1034 540,1034 575,1034 611,1034 647,1034 683,1034 718,1034 754,1034 790,1032 826,1032 861,1032 897,1032 933,1031 969,1031"/>
                <TextEquiv>
                    <Unicode>qui impossibile est quod vnus actus nunc termine</Unicode>
                </TextEquiv>
            </TextLine>
            <TextLine id="r2l22" custom="readingOrder {index:18;}">
                <Coords points="256,1087 971,1091 961,1044 256,1047"/>
                <Baseline points="261,1076 296,1076 331,1076 366,1077 402,1077 437,1077 472,1077 507,1077 543,1077 578,1077 613,1077 648,1077 684,1077 719,1077 754,1077 789,1077 825,1077 860,1077 895,1077 930,1076 966,1076"/>
                <TextEquiv>
                    <Unicode>tur ad vnum primarium obiectum: et post termine</Unicode>
                </TextEquiv>
            </TextLine>
            <TextLine id="r2l23" custom="readingOrder {index:19;}">
                <Coords points="258,1127 946,1139 968,1089 258,1092"/>
                <Baseline points="263,1119 298,1119 333,1119 368,1119 403,1120 438,1121 473,1121 508,1121 543,1121 578,1121 613,1122 648,1122 683,1122 718,1122 753,1121 788,1121 823,1121 858,1121 893,1119 928,1119 963,1118"/>
                <TextEquiv>
                    <Unicode>tur ad aliud obiectum primarium: sed fines sunt ob</Unicode>
                </TextEquiv>
            </TextLine>
            <TextLine id="r2l24" custom="readingOrder {index:20;}">
                <Coords points="252,1177 948,1181 973,1172 973,1125 789,1143 252,1129"/>
                <Baseline points="257,1163 292,1164 328,1164 363,1164 399,1164 434,1166 470,1166 505,1166 541,1166 576,1166 612,1166 648,1166 683,1166 719,1166 754,1166 790,1166 825,1166 861,1164 896,1164 932,1163 968,1163"/>
                <TextEquiv>
                    <Unicode>iecta primaria voluntatis: quia cum voluntas non</Unicode>
                </TextEquiv>
            </TextLine>
            <TextLine id="r2l25" custom="readingOrder {index:21;}">
                <Coords points="255,1223 979,1228 979,1168 255,1180"/>
                <Baseline points="260,1208 295,1208 331,1208 367,1208 402,1208 438,1209 474,1209 509,1209 545,1209 581,1209 617,1211 652,1211 688,1211 724,1211 759,1211 795,1209 831,1209 866,1209 902,1208 938,1206 974,1205"/>
                <TextEquiv>
                    <Unicode>diligit aliquid nisi propter finem magis diligit fi</Unicode>
                </TextEquiv>
            </TextLine>
            <TextLine id="line_1597953898390_1093" custom="readingOrder {index:22;}">
                <Coords points="255,1262 911,1272 967,1260 967,1222 255,1223"/>
                <Baseline points="260,1251 288,1250 316,1250 345,1251 373,1253 402,1254 430,1254 459,1253 578,1256 603,1256 629,1254 654,1254 680,1254 706,1253 731,1253 757,1253 782,1254 808,1254 834,1254 859,1254 885,1254 910,1254 936,1254 962,1253"/>
                <TextEquiv>
                    <Unicode>nem: quia sine illo non diligeret aliud: et patet quia</Unicode>
                </TextEquiv>
            </TextLine>
            <TextLine id="r2l28" custom="readingOrder {index:23;}">
                <Coords points="252,1313 968,1316 955,1261 252,1265"/>
                <Baseline points="257,1296 292,1296 327,1296 362,1298 398,1298 433,1298 468,1298 504,1299 539,1299 574,1299 610,1299 645,1299 680,1299 715,1298 751,1298 786,1298 821,1298 857,1296 892,1296 927,1296 963,1295"/>
                <TextEquiv>
                    <Unicode>si essent duo respectu duorum obiectorum quorum</Unicode>
                </TextEquiv>
            </TextLine>
            <TextLine id="line_1597953906776_1099" custom="readingOrder {index:24;}">
                <Coords points="259,1351 750,1362 973,1342 950,1308 259,1313"/>
                <Baseline points="264,1341 291,1341 318,1341 345,1341 623,1343 649,1343 676,1343 702,1343 729,1343 755,1343 782,1343 808,1341 835,1341 861,1341 888,1340 914,1340 941,1338 968,1337"/>
                <TextEquiv>
                    <Unicode>vnus actus esset causa alterius: si illa duo ob¬</Unicode>
                </TextEquiv>
            </TextLine>
            <TextLine id="r2l31" custom="readingOrder {index:25;}">
                <Coords points="253,1399 970,1392 970,1360 917,1348 891,1366 253,1355"/>
                <Baseline points="258,1382 293,1383 328,1383 364,1383 399,1384 434,1385 470,1385 505,1385 540,1385 576,1385 611,1386 646,1386 682,1386 717,1386 752,1386 788,1386 823,1385 858,1385 894,1385 929,1385 965,1385"/>
                <TextEquiv>
                    <Unicode>iecta primo diligerentur vno actu: illud obie¬</Unicode>
                </TextEquiv>
            </TextLine>
            <TextLine id="r2l32" custom="readingOrder {index:26;}">
                <Coords points="252,1434 937,1449 971,1442 971,1393 252,1404"/>
                <Baseline points="257,1427 292,1428 327,1428 363,1428 398,1430 434,1430 469,1430 505,1430 540,1430 576,1431 611,1431 646,1431 682,1431 717,1431 753,1431 788,1431 824,1430 859,1430 895,1430 930,1430 966,1428"/>
                <TextEquiv>
                    <Unicode>ctum esset primum cuius actus est causa alterius quando</Unicode>
                </TextEquiv>
            </TextLine>
            <TextLine id="r2l33" custom="readingOrder {index:27;}">
                <Coords points="255,1490 973,1480 963,1439 255,1439"/>
                <Baseline points="260,1472 295,1472 330,1472 366,1472 401,1472 437,1473 472,1473 507,1473 543,1473 578,1474 614,1475 649,1475 684,1475 720,1475 755,1475 791,1475 826,1475 861,1473 897,1473 932,1472 968,1470"/>
                <TextEquiv>
                    <Unicode>diliguntur distinctis actibus: sed si diligeret fi¬</Unicode>
                </TextEquiv>
            </TextLine>
            <TextLine id="line_1597953914066_1105" custom="readingOrder {index:28;}">
                <Coords points="247,1522 911,1537 968,1525 968,1484 247,1489"/>
                <Baseline points="252,1514 277,1515 303,1515 329,1515 355,1517 381,1517 407,1517 433,1517 459,1518 485,1518 511,1518 537,1519 563,1520 589,1520 615,1520 641,1520 667,1520 693,1520 719,1521 828,1518 855,1517 882,1517 909,1518 936,1518 963,1515"/>
                <TextEquiv>
                    <Unicode>nem vnico actu et aliud propter finem alio actu: actus</Unicode>
                </TextEquiv>
            </TextLine>
            <TextLine id="line_1597953918236_1110" custom="readingOrder {index:29;}">
                <Coords points="258,1578 909,1577 962,1565 962,1527 258,1528"/>
                <Baseline points="263,1562 289,1560 315,1560 341,1559 367,1559 393,1560 419,1560 445,1560 471,1562 497,1562 523,1563 549,1563 575,1565 601,1565 627,1565 653,1565 679,1564 705,1563 731,1562 890,1563 923,1560 957,1563"/>
                <TextEquiv>
                    <Unicode>quo diligo finem esset causa respectu alterius actus</Unicode>
                </TextEquiv>
            </TextLine>
            <TextLine id="r2l38" custom="readingOrder {index:30;}">
                <Coords points="253,1616 968,1624 968,1574 253,1578"/>
                <Baseline points="258,1601 293,1602 328,1602 363,1604 399,1604 434,1605 469,1605 504,1605 540,1605 575,1605 610,1605 645,1605 681,1605 716,1605 751,1605 786,1605 822,1605 857,1605 892,1606 927,1607 963,1607"/>
                <TextEquiv>
                    <Unicode>qui non diligo illud nisi quia diligo finem: et ita po</Unicode>
                </TextEquiv>
            </TextLine>
            <TextLine id="line_1597953928415_1116" custom="readingOrder {index:31;}">
                <Coords points="256,1660 968,1659 968,1624 902,1613 256,1611"/>
                <Baseline points="261,1646 287,1646 313,1647 339,1647 365,1647 391,1647 418,1647 444,1649 470,1649 496,1649 522,1649 548,1649 575,1650 601,1650 627,1650 653,1650 679,1650 705,1650 732,1649 888,1650 913,1649 938,1649 963,1647"/>
                <TextEquiv>
                    <Unicode>sito actu respectu finis potest alius poni: et non po¬</Unicode>
                </TextEquiv>
            </TextLine>
            <TextLine id="r2l41" custom="readingOrder {index:32;}">
                <Coords points="252,1710 968,1701 968,1668 908,1653 695,1673 253,1655"/>
                <Baseline points="258,1691 293,1691 328,1691 363,1692 399,1692 434,1692 469,1692 504,1693 540,1694 575,1694 610,1694 645,1694 681,1694 716,1694 751,1694 786,1694 822,1693 857,1692 892,1692 927,1691 963,1691"/>
                <TextEquiv>
                    <Unicode>sito non potest poni per causam. igitur est causa per</Unicode>
                </TextEquiv>
            </TextLine>
            <TextLine id="r2l42" custom="readingOrder {index:33;}">
                <Coords points="261,1755 927,1756 967,1746 967,1703 261,1707"/>
                <Baseline points="266,1740 300,1739 335,1738 370,1737 405,1737 440,1737 474,1737 509,1737 544,1737 579,1737 614,1737 648,1737 683,1737 718,1737 753,1737 788,1737 822,1737 857,1737 892,1736 927,1736 962,1736"/>
                <TextEquiv>
                    <Unicode>propositionem frequenter acceptam. igitur si vno</Unicode>
                </TextEquiv>
            </TextLine>
            <TextLine id="r2l43" custom="readingOrder {index:34;}">
                <Coords points="249,1795 964,1800 964,1748 249,1760"/>
                <Baseline points="254,1778 289,1779 324,1779 359,1779 395,1781 430,1781 465,1781 500,1781 536,1781 571,1781 606,1781 641,1781 677,1781 712,1781 747,1781 782,1781 818,1781 853,1781 888,1779 923,1779 959,1779"/>
                <TextEquiv>
                    <Unicode>actu diligo finem et alius finis est obiectum pri¬</Unicode>
                </TextEquiv>
            </TextLine>
            <TextLine id="r2l44" custom="readingOrder {index:35;}">
                <Coords points="259,1831 980,1840 980,1800 865,1791 259,1799"/>
                <Baseline points="264,1823 299,1823 335,1824 370,1824 406,1826 441,1826 477,1826 512,1826 548,1826 583,1826 619,1826 655,1826 690,1826 726,1826 761,1824 797,1824 832,1824 868,1824 903,1824 939,1823 975,1823"/>
                <TextEquiv>
                    <Unicode>marium. igitur ad variationem finium sequitur va¬</Unicode>
                </TextEquiv>
            </TextLine>
            <TextLine id="r2l45" custom="readingOrder {index:36;}">
                <Coords points="247,1874 927,1889 980,1873 980,1839 247,1845"/>
                <Baseline points="252,1866 288,1866 324,1868 360,1868 396,1868 432,1869 468,1869 505,1869 541,1869 577,1869 613,1869 649,1869 685,1869 721,1868 758,1868 794,1868 830,1868 866,1868 902,1868 938,1866 975,1866"/>
                <TextEquiv>
                    <Unicode>riatio actuum. et per consequens sunt distincti actus ⁋ Quod</Unicode>
                </TextEquiv>
            </TextLine>
            <TextLine id="r2l46" custom="readingOrder {index:37;}">
                <Coords points="259,1923 965,1929 971,1876 259,1886"/>
                <Baseline points="264,1910 299,1910 334,1911 369,1911 404,1913 439,1913 474,1913 509,1913 544,1913 579,1913 615,1913 650,1913 685,1913 720,1913 755,1911 790,1911 825,1911 860,1911 895,1911 930,1911 966,1911"/>
                <TextEquiv>
                    <Unicode>autem distinguantur specie patet: quia vnus est actus</Unicode>
                </TextEquiv>
            </TextLine>
            <TextLine id="r2l47" custom="readingOrder {index:38;}">
                <Coords points="252,1963 968,1965 955,1928 500,1920 441,1939 252,1917"/>
                <Baseline points="257,1955 292,1955 327,1956 362,1956 398,1956 433,1956 468,1956 504,1956 539,1956 574,1956 610,1956 645,1956 680,1956 715,1956 751,1956 786,1956 821,1956 857,1956 892,1956 927,1956 963,1956"/>
                <TextEquiv>
                    <Unicode>fruendi deo a alius actus fruendi creature. et</Unicode>
                </TextEquiv>
            </TextLine>
            <TextLine id="r2l48" custom="readingOrder {index:39;}">
                <Coords points="261,2014 942,2017 962,1968 262,1963"/>
                <Baseline points="266,1998 300,1998 335,1999 369,2000 404,2000 438,2000 473,2000 507,2000 542,2000 576,2000 611,2000 645,2001 680,2001 714,2001 749,2001 783,2001 818,2001 852,2001 887,2000 921,2000 956,2000"/>
                <TextEquiv>
                    <Unicode>imiliter actus vnus est actus amoris amicitie: et alius</Unicode>
                </TextEquiv>
            </TextLine>
            <TextLine id="r2l49" custom="readingOrder {index:40;}">
                <Coords points="252,2056 967,2062 967,2007 252,2017"/>
                <Baseline points="257,2043 292,2043 327,2043 362,2045 398,2045 433,2045 468,2045 503,2045 539,2045 574,2045 609,2045 644,2045 680,2045 715,2045 750,2045 785,2045 821,2045 856,2045 891,2045 926,2045 962,2043"/>
                <TextEquiv>
                    <Unicode>actus amoris concupiscentie quae distinguntur specie</Unicode>
                </TextEquiv>
            </TextLine>
            <TextLine id="r2l50" custom="readingOrder {index:41;}">
                <Coords points="252,2105 971,2105 956,2059 252,2056"/>
                <Baseline points="257,2085 292,2087 327,2087 363,2088 398,2088 434,2088 469,2088 505,2088 540,2090 576,2090 611,2090 646,2090 682,2090 717,2090 753,2090 788,2090 824,2090 859,2090 895,2090 930,2090 966,2090"/>
                <TextEquiv>
                    <Unicode>Si dicas quod finis est causa equiuoca actus mo</Unicode>
                </TextEquiv>
            </TextLine>
            <TextLine id="r2l51" custom="readingOrder {index:42;}">
                <Coords points="259,2144 942,2151 968,2143 969,2104 260,2104"/>
                <Baseline points="264,2132 300,2130 337,2130 374,2130 411,2130 447,2130 484,2130 521,2131 558,2132 595,2132 631,2132 668,2132 705,2133 742,2133 779,2133 815,2133 852,2133 889,2133 926,2132 963,2132"/>
                <TextEquiv>
                    <Unicode>ralis igitur non obiectum. Respondeo. omnes circumstantie</Unicode>
                </TextEquiv>
            </TextLine>
            <TextLine id="r2l52" custom="readingOrder {index:43;}">
                <Coords points="252,2189 929,2194 968,2185 968,2143 252,2146"/>
                <Baseline points="257,2175 292,2175 327,2175 362,2177 398,2177 433,2177 468,2177 504,2177 539,2177 574,2177 610,2177 645,2177 680,2177 715,2177 751,2177 786,2177 821,2177 857,2177 892,2177 927,2177 963,2177"/>
                <TextEquiv>
                    <Unicode>actus voluntatis sunt obiecta partialia illius actus:</Unicode>
                </TextEquiv>
            </TextLine>
            <TextLine id="r2l53" custom="readingOrder {index:44;}">
                <Coords points="252,2228 971,2238 971,2196 915,2185 252,2189"/>
                <Baseline points="257,2220 292,2220 327,2220 363,2219 398,2219 434,2219 469,2219 505,2220 540,2220 576,2220 611,2220 646,2220 682,2220 717,2222 753,2222 788,2222 824,2222 859,2222 895,2222 930,2220 966,2220"/>
                <TextEquiv>
                    <Unicode>ita quod finis in omni actu est obiectum principale sicut</Unicode>
                </TextEquiv>
            </TextLine>
            <TextLine id="r2l54" custom="readingOrder {index:45;}">
                <Coords points="249,2282 961,2282 961,2237 938,2227 351,2244 249,2226"/>
                <Baseline points="254,2267 289,2265 324,2265 359,2265 394,2265 429,2264 464,2264 499,2264 534,2264 569,2264 605,2264 640,2264 675,2264 710,2265 745,2265 780,2265 815,2265 850,2265 885,2265 920,2264 956,2264"/>
                <TextEquiv>
                    <Unicode>prius patuit alie circumstantie sunt obiecta secunda</Unicode>
                </TextEquiv>
            </TextLine>
            <TextLine id="r2l55" custom="readingOrder {index:46;}">
                <Coords points="256,2317 932,2326 971,2318 971,2275 256,2284"/>
                <Baseline points="261,2310 296,2309 331,2309 366,2309 402,2309 437,2309 472,2309 507,2309 543,2309 578,2309 613,2309 648,2309 684,2309 719,2309 754,2309 789,2310 825,2310 860,2310 895,2310 930,2310 966,2310"/>
                <TextEquiv>
                    <Unicode>ria partialia. respectu illius actus. Exemplum. si enim ad </Unicode>
                </TextEquiv>
            </TextLine>
            <TextLine id="r2l56" custom="readingOrder {index:47;}">
                <Coords points="249,2361 971,2370 965,2318 249,2320"/>
                <Baseline points="254,2352 289,2352 325,2352 360,2352 396,2352 432,2352 467,2352 503,2352 538,2354 574,2354 610,2354 645,2354 681,2354 716,2354 752,2355 788,2355 823,2355 859,2355 894,2355 930,2355 966,2354"/>
                <TextEquiv>
                    <Unicode>hoc quod actus voluntatis quo aliquis vult orare deum</Unicode>
                </TextEquiv>
            </TextLine>
            <TextLine id="r2l57" custom="readingOrder {index:48;}">
                <Coords points="255,2414 971,2412 971,2371 943,2362 255,2363"/>
                <Baseline points="260,2397 295,2396 330,2396 365,2396 401,2397 436,2397 471,2397 507,2397 542,2397 577,2397 613,2399 648,2399 683,2399 718,2399 754,2399 789,2399 824,2399 860,2398 895,2397 930,2397 966,2396"/>
                <TextEquiv>
                    <Unicode>sit perfecte virtuosus requirantur de necessitate iste</Unicode>
                </TextEquiv>
            </TextLine>
            <TextLine id="r2l58" custom="readingOrder {index:49;}">
                <Coords points="264,2455 967,2457 974,2412 264,2413"/>
                <Baseline points="269,2442 304,2441 339,2441 374,2441 409,2441 444,2441 479,2441 514,2441 549,2441 584,2442 619,2442 654,2442 689,2442 724,2444 759,2444 794,2444 829,2444 864,2442 899,2442 934,2441 969,2441"/>
                <TextEquiv>
                    <Unicode>circumstantie: quia velit orare propter honorem dei secundum</Unicode>
                </TextEquiv>
            </TextLine>
            <TextLine id="r2l59" custom="readingOrder {index:50;}">
                <Coords points="259,2497 971,2498 960,2450 259,2456"/>
                <Baseline points="264,2487 299,2487 334,2487 369,2487 404,2487 439,2487 474,2487 509,2487 544,2487 579,2487 615,2487 650,2487 685,2487 720,2487 755,2487 790,2487 825,2487 860,2487 895,2487 930,2487 966,2487"/>
                <TextEquiv>
                    <Unicode>rectum dictamen rationis in tempore statuto puta die doffini</Unicode>
                </TextEquiv>
            </TextLine>
            <TextLine id="r2l60" custom="readingOrder {index:51;}">
                <Coords points="255,2537 968,2549 969,2497 255,2498"/>
                <Baseline points="260,2531 295,2529 330,2529 365,2529 400,2529 435,2529 470,2529 506,2529 541,2529 576,2531 611,2531 646,2531 681,2531 716,2531 752,2531 787,2532 822,2532 857,2531 892,2531 927,2531 963,2531"/>
                <TextEquiv>
                    <Unicode>co in loco deterinato puta in ecclasia: tunc iste actus</Unicode>
                </TextEquiv>
            </TextLine>
            <TextLine id="r2l61" custom="readingOrder {index:52;}">
                <Coords points="258,2584 925,2595 974,2590 975,2549 259,2539"/>
                <Baseline points="263,2574 298,2574 333,2573 368,2573 404,2573 439,2573 474,2573 510,2573 545,2573 580,2574 616,2574 651,2574 686,2574 721,2574 757,2574 792,2576 827,2576 863,2576 898,2576 933,2576 969,2576"/>
                <TextEquiv>
                    <Unicode>sic virtuosus habet honorem dei pro obiecto principa¬</Unicode>
                </TextEquiv>
            </TextLine>
            <TextLine id="r2l62" custom="readingOrder {index:53;}">
                <Coords points="261,2632 973,2634 957,2584 261,2585"/>
                <Baseline points="266,2619 301,2619 336,2619 371,2618 406,2618 441,2618 476,2618 511,2618 546,2619 581,2619 617,2619 652,2619 687,2619 722,2619 757,2619 792,2619 827,2621 862,2621 897,2621 932,2622 968,2622"/>
                <TextEquiv>
                    <Unicode>li actum orandi pro obiecto communi rectam rationem. diem</Unicode>
                </TextEquiv>
            </TextLine>
            <TextLine id="r2l63" custom="readingOrder {index:54;}">
                <Coords points="255,2679 979,2684 979,2634 925,2626 255,2634"/>
                <Baseline points="260,2663 295,2663 331,2664 367,2664 402,2664 438,2664 474,2664 509,2664 545,2666 581,2666 617,2666 652,2666 688,2666 724,2666 759,2666 795,2666 831,2667 866,2667 902,2667 938,2668 974,2669"/>
                <TextEquiv>
                    <Unicode>dominincum et eccluaiam pro obiectis secundariis et partialibus</Unicode>
                </TextEquiv>
            </TextLine>
            <TextEquiv>
                <Unicode>tegritate circumstantiarum. Exemplum. actus ap¬
petitus sensitiui non est natus esse bonus mo¬
raliter ex se: sed denominatione extrinseca sicut pri
ius dictum est non est bonus ex integritate circum¬
stantiarum: puta ex hoc quod fit in loco determina
to tempore determinato etc. sed quando actus natus
est esse bonus moraliter: tunc ad bonitatem
actus requiritur integritas circumstantiarum: et
quando deficit aliqua circumstantia: tunc non est bo
nus moraliter: sed necessario requiritur illa cir¬
cunstantia ad bonitatem actus moralis licet for¬
te non sit vitiosus: quia intenditur malus finis.
⁋ Ad aliud dico quod actus diligendi deum propter
se tanquam propter finem: et post propter aliud sunt a¬
ctus distincti specie. Quod autem sunt distincti actus
specie patet: quia quandocumque obiecta primaria aliquo¬
rum actuum variantur: necessario variantur illi actus:
qui impossibile est quod vnus actus nunc termine
tur ad vnum primarium obiectum: et post termine
tur ad aliud obiectum primarium: sed fines sunt ob
iecta primaria voluntatis: quia cum voluntas non
diligit aliquid nisi propter finem magis diligit fi
nem: quia sine illo non diligeret aliud: et patet quia
si essent duo respectu duorum obiectorum quorum
vnus actus esset causa alterius: si illa duo ob¬
iecta primo diligerentur vno actu: illud obie¬
ctum esset primum cuius actus est causa alterius quando
diliguntur distinctis actibus: sed si diligeret fi¬
nem vnico actu et aliud propter finem alio actu: actus
quo diligo finem esset causa respectu alterius actus
qui non diligo illud nisi quia diligo finem: et ita po
sito actu respectu finis potest alius poni: et non po¬
sito non potest poni per causam. igitur est causa per
propositionem frequenter acceptam. igitur si vno
actu diligo finem et alius finis est obiectum pri¬
marium. igitur ad variationem finium sequitur va¬
riatio actuum. et per consequens sunt distincti actus ⁋ Quod
autem distinguantur specie patet: quia vnus est actus
fruendi deo a alius actus fruendi creature. et
imiliter actus vnus est actus amoris amicitie: et alius
actus amoris concupiscentie quae distinguntur specie
Si dicas quod finis est causa equiuoca actus mo
ralis igitur non obiectum. Respondeo. omnes circumstantie
actus voluntatis sunt obiecta partialia illius actus:
ita quod finis in omni actu est obiectum principale sicut
prius patuit alie circumstantie sunt obiecta secunda
ria partialia. respectu illius actus. Exemplum. si enim ad 
hoc quod actus voluntatis quo aliquis vult orare deum
sit perfecte virtuosus requirantur de necessitate iste
circumstantie: quia velit orare propter honorem dei secundum
rectum dictamen rationis in tempore statuto puta die doffini
co in loco deterinato puta in ecclasia: tunc iste actus
sic virtuosus habet honorem dei pro obiecto principa¬
li actum orandi pro obiecto communi rectam rationem. diem
dominincum et eccluaiam pro obiectis secundariis et partialibus</Unicode>
            </TextEquiv>
        </TextRegion>
        <TextRegion orientation="0.0" id="r3" custom="readingOrder {index:1;}">
            <Coords points="1074,190 1074,2683 1811,2683 1811,190"/>
            <TextLine id="r3l2" custom="readingOrder {index:0;}">
                <Coords points="1089,304 1797,313 1799,237 1426,265 1090,235"/>
                <Baseline points="1094,288 1130,288 1167,288 1204,290 1241,290 1277,290 1314,291 1351,291 1388,293 1425,293 1461,294 1498,294 1535,294 1572,296 1609,296 1645,296 1682,297 1719,297 1756,297 1793,297"/>
                <TextEquiv>
                    <Unicode>ita quod respectu actus voluntatis iste circunstam</Unicode>
                </TextEquiv>
            </TextLine>
            <TextLine id="r3l3" custom="readingOrder {index:1;}">
                <Coords points="1081,340 1805,352 1806,307 1082,302"/>
                <Baseline points="1086,330 1121,332 1157,333 1193,335 1228,336 1264,336 1300,338 1335,338 1371,338 1407,338 1443,338 1478,338 1514,338 1550,338 1585,338 1621,339 1657,339 1692,339 1728,341 1764,341 1800,342"/>
                <TextEquiv>
                    <Unicode>tie sunt obiecta et cause effectiue partiales respe</Unicode>
                </TextEquiv>
            </TextLine>
            <TextLine id="r3l4" custom="readingOrder {index:2;}">
                <Coords points="1087,388 1816,403 1804,351 1087,346"/>
                <Baseline points="1092,374 1129,375 1167,376 1205,377 1243,378 1281,380 1319,381 1356,381 1394,381 1432,383 1470,383 1508,383 1546,384 1583,384 1621,384 1659,384 1697,386 1735,386 1773,386 1811,387"/>
                <TextEquiv>
                    <Unicode>ctu illius actus: sed respectu actus exterioris non</Unicode>
                </TextEquiv>
            </TextLine>
            <TextLine id="r3l5" custom="readingOrder {index:3;}">
                <Coords points="1090,430 1808,442 1808,401 1775,396 1090,386"/>
                <Baseline points="1095,419 1130,420 1165,422 1201,422 1236,423 1272,423 1307,424 1342,425 1378,425 1413,425 1449,426 1484,426 1519,426 1555,426 1590,428 1626,428 1661,429 1696,429 1732,429 1767,431 1803,431"/>
                <TextEquiv>
                    <Unicode>sunt obiecta partialia quae actus dicitur obiectum commune:</Unicode>
                </TextEquiv>
            </TextLine>
            <TextLine id="r3l6" custom="readingOrder {index:4;}">
                <Coords points="1081,480 1813,483 1813,444 1081,435"/>
                <Baseline points="1086,465 1122,465 1158,465 1194,466 1230,467 1266,467 1302,467 1338,468 1374,468 1410,469 1447,470 1483,470 1519,471 1555,471 1591,471 1627,473 1663,473 1699,473 1735,473 1771,473 1808,473"/>
                <TextEquiv>
                    <Unicode>qui actus orandi vel ambulandi vel aliquis exte¬</Unicode>
                </TextEquiv>
            </TextLine>
            <TextLine id="r3l7" custom="readingOrder {index:5;}">
                <Coords points="1086,526 1802,533 1793,486 1086,480"/>
                <Baseline points="1091,507 1126,507 1161,509 1196,510 1232,510 1267,510 1302,512 1338,512 1373,512 1408,513 1444,513 1479,513 1514,513 1549,515 1585,515 1620,515 1655,515 1691,516 1726,516 1761,518 1797,518"/>
                <TextEquiv>
                    <Unicode>rior actus non habet tempus pro obiecto nec locum nec re¬</Unicode>
                </TextEquiv>
            </TextLine>
            <TextLine id="r3l8" custom="readingOrder {index:6;}">
                <Coords points="1087,564 1540,577 1610,560 1636,580 1789,582 1798,535 1087,525"/>
                <Baseline points="1092,554 1127,554 1162,555 1197,555 1232,555 1267,555 1302,557 1337,557 1372,557 1407,557 1442,557 1477,557 1512,558 1547,558 1582,558 1617,558 1652,560 1687,560 1722,561 1757,563 1793,564"/>
                <TextEquiv>
                    <Unicode>ctam rationem nec finem sicut alii: puta actus comme</Unicode>
                </TextEquiv>
            </TextLine>
            <TextLine id="r3l9" custom="readingOrder {index:7;}">
                <Coords points="1081,606 1807,617 1807,576 1637,580 1610,560 1560,578 1082,561"/>
                <Baseline points="1086,596 1121,596 1157,598 1193,599 1229,600 1265,600 1300,602 1336,602 1372,602 1408,602 1444,602 1479,602 1515,602 1551,602 1587,603 1623,603 1658,603 1694,604 1730,605 1766,606 1802,608"/>
                <TextEquiv>
                    <Unicode>dendi habet cibum: actus ambulandi habet viam pro ob¬</Unicode>
                </TextEquiv>
            </TextLine>
            <TextLine id="r3l10" custom="readingOrder {index:8;}">
                <Coords points="1083,646 1802,666 1803,621 1764,614 1084,604"/>
                <Baseline points="1088,636 1123,638 1158,641 1194,642 1229,642 1265,644 1300,645 1336,645 1371,645 1407,645 1442,645 1477,645 1513,645 1548,645 1584,645 1619,645 1655,647 1690,647 1726,648 1761,648 1797,650"/>
                <TextEquiv>
                    <Unicode>iecto et alie circumstantie. quantum ad istum actum ni</Unicode>
                </TextEquiv>
            </TextLine>
            <TextLine id="r3l11" custom="readingOrder {index:9;}">
                <Coords points="1081,691 1810,710 1810,667 1731,658 1082,646"/>
                <Baseline points="1086,683 1123,684 1161,685 1199,686 1237,687 1275,687 1313,687 1350,689 1388,689 1426,689 1464,689 1502,689 1540,690 1577,690 1615,690 1653,690 1691,691 1729,692 1767,693 1805,693"/>
                <TextEquiv>
                    <Unicode>hil faciunt nisi stant iuxta est circunstant illum</Unicode>
                </TextEquiv>
            </TextLine>
            <TextLine id="r3l12" custom="readingOrder {index:10;}">
                <Coords points="1086,737 1804,752 1805,709 1771,700 1087,697"/>
                <Baseline points="1092,725 1127,726 1162,728 1198,729 1233,731 1268,732 1304,732 1339,732 1374,733 1410,734 1445,734 1480,734 1516,734 1551,734 1586,734 1622,734 1657,735 1692,735 1728,735 1763,737 1799,738"/>
                <TextEquiv>
                    <Unicode>actum sine alia causalitate. Si dicas quod actus prin</Unicode>
                </TextEquiv>
            </TextLine>
            <TextLine id="r3l13" custom="readingOrder {index:11;}">
                <Coords points="1087,780 1798,792 1798,750 1087,738"/>
                <Baseline points="1092,770 1127,771 1162,771 1197,773 1232,774 1267,774 1302,776 1337,776 1372,776 1407,777 1442,777 1477,777 1512,777 1547,778 1582,779 1617,779 1652,779 1687,779 1722,779 1757,780 1793,780"/>
                <TextEquiv>
                    <Unicode>cipaliter intentus a voluntate dicitur esse obiectum</Unicode>
                </TextEquiv>
            </TextLine>
            <TextLine id="r3l14" custom="readingOrder {index:12;}">
                <Coords points="1087,835 1797,844 1806,790 1088,779"/>
                <Baseline points="1092,815 1127,816 1162,818 1198,819 1233,819 1269,820 1304,821 1339,821 1375,821 1410,821 1446,821 1481,822 1516,822 1552,822 1587,822 1623,822 1658,824 1693,824 1729,825 1764,825 1800,827"/>
                <TextEquiv>
                    <Unicode>primarium illius actus: scilicet si velim anbulare ad eclui</Unicode>
                </TextEquiv>
            </TextLine>
            <TextLine id="r3l15" custom="readingOrder {index:13;}">
                <Coords points="1086,870 1761,887 1804,875 1805,843 1087,835"/>
                <Baseline points="1091,858 1126,860 1161,861 1197,863 1232,864 1268,865 1303,866 1338,866 1374,866 1409,866 1445,866 1480,866 1515,866 1551,866 1586,866 1622,866 1657,867 1692,867 1728,867 1763,869 1799,870"/>
                <TextEquiv>
                    <Unicode>am ad orandum propter laudem dei actus principa¬</Unicode>
                </TextEquiv>
            </TextLine>
            <TextLine id="r3l16" custom="readingOrder {index:14;}">
                <Coords points="1075,914 1805,932 1806,875 1449,889 1076,866"/>
                <Baseline points="1080,900 1116,902 1152,904 1188,905 1224,905 1260,906 1296,908 1332,908 1368,908 1404,908 1440,909 1476,909 1512,909 1548,910 1584,911 1620,911 1656,912 1692,912 1728,914 1764,914 1800,915"/>
                <TextEquiv>
                    <Unicode>liter intensus est actus orandi vel abulandi. ergo</Unicode>
                </TextEquiv>
            </TextLine>
            <TextLine id="r3l17" custom="readingOrder {index:15;}">
                <Coords points="1081,960 1760,975 1793,969 1794,933 1082,913"/>
                <Baseline points="1086,947 1121,947 1156,948 1191,949 1226,950 1261,950 1296,951 1331,951 1366,951 1401,953 1437,953 1472,953 1507,953 1542,954 1577,954 1612,954 1647,956 1682,956 1717,957 1752,957 1788,957"/>
                <TextEquiv>
                    <Unicode>isti actus sunt obiecta primaria respectu actus</Unicode>
                </TextEquiv>
            </TextLine>
            <TextLine id="r3l18" custom="readingOrder {index:16;}">
                <Coords points="1077,1008 1769,1019 1798,1017 1799,972 1078,969"/>
                <Baseline points="1083,992 1118,992 1154,993 1189,995 1225,995 1260,996 1296,996 1331,996 1367,998 1402,998 1438,998 1474,998 1509,998 1545,998 1580,998 1616,999 1651,999 1687,999 1722,1001 1758,1001 1794,1002"/>
                <TextEquiv>
                    <Unicode>voluntatis. Respondeo. illud obiectum est principale</Unicode>
                </TextEquiv>
            </TextLine>
            <TextLine id="r3l19" custom="readingOrder {index:17;}">
                <Coords points="1084,1046 1773,1065 1804,1054 1805,1020 1085,1005"/>
                <Baseline points="1089,1034 1124,1035 1160,1037 1195,1038 1231,1038 1266,1039 1302,1040 1337,1040 1373,1040 1408,1041 1444,1041 1479,1041 1515,1041 1550,1041 1586,1041 1621,1043 1657,1043 1692,1043 1728,1044 1763,1046 1799,1047"/>
                <TextEquiv>
                    <Unicode>obiectum actus voluntatis: cuius dilectio principa</Unicode>
                </TextEquiv>
            </TextLine>
            <TextLine id="r3l20" custom="readingOrder {index:18;}">
                <Coords points="1080,1095 1771,1109 1793,1056 1081,1047"/>
                <Baseline points="1086,1079 1121,1080 1156,1080 1191,1081 1226,1082 1261,1083 1296,1083 1331,1083 1366,1085 1401,1085 1437,1085 1472,1085 1507,1085 1542,1086 1577,1086 1612,1086 1647,1088 1682,1088 1717,1088 1752,1089 1788,1089"/>
                <TextEquiv>
                    <Unicode>liter intenditur huiusmodi est finis: sed tamen vocando illud </Unicode>
                </TextEquiv>
            </TextLine>
            <TextLine id="r3l21" custom="readingOrder {index:19;}">
                <Coords points="1086,1136 1796,1151 1790,1101 1087,1096"/>
                <Baseline points="1092,1121 1128,1122 1165,1124 1202,1125 1239,1127 1275,1127 1312,1128 1349,1128 1386,1128 1423,1130 1459,1130 1496,1130 1533,1130 1570,1130 1607,1131 1643,1131 1680,1131 1717,1133 1754,1133 1791,1133"/>
                <TextEquiv>
                    <Unicode>obiectum principale quod est obiectum cause prout di¬</Unicode>
                </TextEquiv>
            </TextLine>
            <TextLine id="r3l22" custom="readingOrder {index:20;}">
                <Coords points="1087,1179 1801,1196 1802,1154 1087,1135"/>
                <Baseline points="1092,1166 1127,1167 1162,1167 1197,1167 1233,1169 1268,1169 1303,1169 1338,1169 1374,1170 1409,1170 1444,1170 1479,1171 1515,1172 1550,1172 1585,1172 1620,1173 1656,1173 1691,1175 1726,1175 1761,1176 1797,1178"/>
                <TextEquiv>
                    <Unicode>citur contra circumstantias requisitias: tunc actus</Unicode>
                </TextEquiv>
            </TextLine>
            <TextLine id="r3l23" custom="readingOrder {index:21;}">
                <Coords points="1080,1227 1795,1240 1782,1186 1081,1182"/>
                <Baseline points="1085,1209 1120,1211 1155,1212 1190,1213 1226,1214 1261,1214 1296,1214 1331,1215 1367,1215 1402,1215 1437,1215 1472,1215 1508,1215 1543,1215 1578,1215 1613,1216 1649,1217 1684,1217 1719,1218 1754,1220 1790,1221"/>
                <TextEquiv>
                    <Unicode>exterior est obiectum principale: quia obiectum eorum commune</Unicode>
                </TextEquiv>
            </TextLine>
            <TextLine id="r3l24" custom="readingOrder {index:22;}">
                <Coords points="1093,1270 1798,1280 1798,1237 1712,1228 1094,1225"/>
                <Baseline points="1098,1251 1132,1254 1167,1256 1202,1256 1237,1257 1271,1259 1306,1259 1341,1259 1376,1259 1410,1259 1445,1260 1480,1260 1515,1260 1549,1260 1584,1260 1619,1260 1654,1260 1688,1261 1723,1262 1758,1263 1793,1263"/>
                <TextEquiv>
                    <Unicode>est actus exterior: quia potest idem manere respectu</Unicode>
                </TextEquiv>
            </TextLine>
            <TextLine id="r3l25" custom="readingOrder {index:23;}">
                <Coords points="1075,1314 1799,1327 1799,1281 1732,1268 1075,1270"/>
                <Baseline points="1080,1298 1115,1299 1151,1299 1187,1299 1222,1301 1258,1301 1294,1301 1329,1302 1365,1302 1401,1302 1437,1302 1472,1303 1508,1304 1544,1304 1579,1304 1615,1304 1651,1305 1686,1305 1722,1305 1758,1305 1794,1305"/>
                <TextEquiv>
                    <Unicode>multorum actuum voluntatis: puta si primo velim ire</Unicode>
                </TextEquiv>
            </TextLine>
            <TextLine id="r3l26" custom="readingOrder {index:24;}">
                <Coords points="1081,1353 1798,1369 1798,1327 1746,1319 1081,1310"/>
                <Baseline points="1086,1343 1121,1344 1156,1344 1192,1346 1227,1346 1262,1346 1298,1346 1333,1347 1368,1347 1404,1347 1439,1347 1474,1347 1510,1349 1545,1349 1580,1349 1616,1349 1651,1349 1686,1349 1722,1349 1757,1349 1793,1350"/>
                <TextEquiv>
                    <Unicode>ad eccliuaiam propter honore dei. hoc primo ambu¬</Unicode>
                </TextEquiv>
            </TextLine>
            <TextLine id="r3l27" custom="readingOrder {index:25;}">
                <Coords points="1084,1396 1769,1418 1798,1413 1799,1370 1084,1355"/>
                <Baseline points="1089,1385 1124,1386 1159,1388 1194,1389 1230,1391 1265,1391 1300,1392 1335,1392 1371,1392 1406,1392 1441,1392 1476,1392 1512,1392 1547,1394 1582,1394 1617,1394 1653,1394 1688,1394 1723,1395 1758,1395 1794,1397"/>
                <TextEquiv>
                    <Unicode>lare ad eccilaiam est obiectum commune et honor circum</Unicode>
                </TextEquiv>
            </TextLine>
            <TextLine id="r3l28" custom="readingOrder {index:26;}">
                <Coords points="1084,1440 1795,1449 1795,1413 1749,1409 1085,1396"/>
                <Baseline points="1089,1430 1124,1431 1159,1432 1194,1433 1229,1434 1264,1434 1299,1436 1334,1436 1369,1436 1404,1436 1439,1437 1474,1437 1509,1437 1544,1437 1579,1437 1614,1437 1649,1438 1684,1439 1719,1439 1754,1440 1790,1440"/>
                <TextEquiv>
                    <Unicode>stantia: sed si post velim ire statuto tempore: tunc va¬</Unicode>
                </TextEquiv>
            </TextLine>
            <TextLine id="r3l29" custom="readingOrder {index:27;}">
                <Coords points="1084,1489 1799,1493 1799,1447 1084,1441"/>
                <Baseline points="1089,1475 1124,1476 1159,1477 1194,1478 1230,1478 1265,1479 1300,1479 1335,1479 1371,1479 1406,1479 1441,1481 1476,1481 1512,1481 1547,1481 1582,1481 1617,1482 1653,1482 1688,1482 1723,1484 1758,1485 1794,1485"/>
                <TextEquiv>
                    <Unicode>riatur actus et obiectum. et potest manere idem actus</Unicode>
                </TextEquiv>
            </TextLine>
            <TextLine id="r3l30" custom="readingOrder {index:28;}">
                <Coords points="1084,1534 1804,1537 1797,1501 1084,1492"/>
                <Baseline points="1089,1520 1124,1521 1160,1521 1195,1523 1231,1523 1266,1523 1302,1524 1337,1524 1373,1524 1408,1525 1444,1526 1479,1526 1515,1526 1550,1526 1586,1526 1621,1526 1657,1527 1692,1527 1728,1527 1763,1527 1799,1527"/>
                <TextEquiv>
                    <Unicode>ambulandi si adhuc velim ire propter honorem</Unicode>
                </TextEquiv>
            </TextLine>
            <TextLine id="r3l31" custom="readingOrder {index:29;}">
                <Coords points="1084,1576 1805,1588 1805,1551 1755,1535 1084,1532"/>
                <Baseline points="1089,1565 1124,1565 1160,1566 1195,1566 1231,1568 1266,1568 1302,1568 1337,1569 1373,1569 1408,1569 1444,1569 1480,1571 1515,1571 1551,1571 1586,1571 1622,1571 1657,1572 1693,1572 1728,1572 1764,1572 1800,1574"/>
                <TextEquiv>
                    <Unicode>dei et tempore statuto et secundum rectam rationem et sum. sem</Unicode>
                </TextEquiv>
            </TextLine>
            <TextLine id="r3l32" custom="readingOrder {index:30;}">
                <Coords points="1090,1625 1801,1634 1794,1586 1090,1583"/>
                <Baseline points="1095,1610 1130,1610 1165,1611 1200,1611 1235,1611 1270,1611 1305,1613 1340,1613 1375,1613 1410,1613 1445,1614 1480,1614 1515,1614 1550,1614 1585,1614 1620,1614 1655,1614 1690,1614 1725,1614 1760,1614 1796,1614"/>
                <TextEquiv>
                    <Unicode>per in ambulando: semper iste actus exterior ma¬</Unicode>
                </TextEquiv>
            </TextLine>
            <TextLine id="r3l33" custom="readingOrder {index:31;}">
                <Coords points="1084,1663 1795,1669 1795,1636 1735,1622 1084,1625"/>
                <Baseline points="1089,1652 1124,1652 1159,1653 1194,1653 1229,1655 1264,1655 1299,1656 1334,1656 1369,1657 1404,1658 1439,1658 1474,1658 1509,1659 1544,1659 1579,1659 1614,1659 1649,1659 1684,1659 1719,1658 1754,1658 1790,1656"/>
                <TextEquiv>
                    <Unicode>net idem tamen actus volendi variatur: et ideo dicitur ob¬</Unicode>
                </TextEquiv>
            </TextLine>
            <TextLine id="r3l34" custom="readingOrder {index:32;}">
                <Coords points="1081,1707 1744,1724 1797,1718 1798,1677 1081,1663"/>
                <Baseline points="1086,1694 1121,1695 1156,1697 1192,1698 1227,1699 1262,1700 1298,1700 1333,1700 1368,1701 1404,1701 1439,1701 1474,1701 1510,1701 1545,1701 1580,1701 1616,1701 1651,1701 1686,1701 1722,1703 1757,1703 1793,1704"/>
                <TextEquiv>
                    <Unicode>iectum commune: quia potest. esse obiectum multorum actuum vo</Unicode>
                </TextEquiv>
            </TextLine>
            <TextLine id="r3l35" custom="readingOrder {index:33;}">
                <Coords points="1074,1756 1798,1761 1781,1713 1074,1704"/>
                <Baseline points="1079,1740 1114,1740 1150,1742 1186,1743 1221,1743 1257,1743 1293,1745 1328,1745 1364,1745 1400,1745 1436,1745 1471,1746 1507,1746 1543,1746 1578,1746 1614,1746 1650,1746 1685,1746 1721,1746 1757,1746 1793,1746"/>
                <TextEquiv>
                    <Unicode>lendi: quia potest manere cum circumstantia et sine cir¬</Unicode>
                </TextEquiv>
            </TextLine>
            <TextLine id="r3l36" custom="readingOrder {index:34;}">
                <Coords points="1078,1800 1793,1811 1793,1766 1734,1753 1078,1757"/>
                <Baseline points="1083,1784 1118,1784 1153,1786 1188,1787 1224,1787 1259,1788 1294,1788 1329,1789 1365,1790 1400,1790 1435,1790 1470,1790 1506,1790 1541,1790 1576,1790 1611,1790 1647,1790 1682,1790 1717,1790 1752,1790 1788,1790"/>
                <TextEquiv>
                    <Unicode>cunstantia. et ex hoc patet quod quantumcunque variatur cir¬</Unicode>
                </TextEquiv>
            </TextLine>
            <TextLine id="r3l37" custom="readingOrder {index:35;}">
                <Coords points="1075,1838 1789,1845 1789,1810 1737,1797 1075,1799"/>
                <Baseline points="1080,1829 1115,1829 1150,1830 1185,1830 1220,1830 1256,1831 1291,1832 1326,1832 1361,1832 1396,1832 1432,1832 1467,1832 1502,1832 1537,1833 1572,1833 1608,1833 1643,1833 1678,1833 1713,1833 1748,1833 1784,1835"/>
                <TextEquiv>
                    <Unicode>cunstantia respectu actus volendi variatur tempore</Unicode>
                </TextEquiv>
            </TextLine>
            <TextLine id="r3l38" custom="readingOrder {index:36;}">
                <Coords points="1084,1888 1796,1897 1796,1842 1084,1841"/>
                <Baseline points="1089,1872 1124,1874 1159,1874 1194,1874 1229,1875 1264,1875 1299,1875 1334,1875 1369,1875 1404,1876 1440,1877 1475,1877 1510,1877 1545,1877 1580,1877 1615,1878 1650,1878 1685,1878 1720,1878 1755,1878 1791,1878"/>
                <TextEquiv>
                    <Unicode>actus voluntatis licet non exterior. ⁋ Sed ad hoc est</Unicode>
                </TextEquiv>
            </TextLine>
            <TextLine id="r3l39" custom="readingOrder {index:37;}">
                <Coords points="1080,1927 1793,1939 1793,1898 1765,1891 1081,1887"/>
                <Baseline points="1085,1914 1120,1916 1155,1917 1190,1918 1225,1919 1260,1920 1295,1920 1331,1920 1366,1921 1401,1922 1436,1922 1471,1922 1506,1922 1541,1922 1577,1922 1612,1922 1647,1922 1682,1922 1717,1922 1752,1922 1788,1922"/>
                <TextEquiv>
                    <Unicode>dubium. Utrum sit actus aliquis indifferens in voluntate</Unicode>
                </TextEquiv>
            </TextLine>
            <TextLine id="r3l40" custom="readingOrder {index:38;}">
                <Coords points="1077,1975 1790,1982 1790,1940 1747,1931 1077,1925"/>
                <Baseline points="1082,1959 1117,1961 1152,1962 1187,1962 1222,1963 1257,1964 1292,1964 1328,1965 1363,1965 1398,1965 1433,1965 1468,1966 1503,1967 1538,1967 1574,1966 1609,1965 1644,1965 1679,1965 1714,1965 1749,1965 1785,1964"/>
                <TextEquiv>
                    <Unicode>in appetitum sensitiuo quae potest dici bonus et malus de</Unicode>
                </TextEquiv>
            </TextLine>
            <TextLine id="r3l41" custom="readingOrder {index:39;}">
                <Coords points="1077,2021 1790,2030 1790,1982 1753,1975 1722,1993 1583,1969 1077,1976"/>
                <Baseline points="1082,2004 1117,2004 1152,2005 1187,2006 1222,2006 1257,2007 1292,2007 1328,2007 1363,2007 1398,2008 1433,2009 1468,2009 1503,2009 1538,2009 1574,2010 1609,2010 1644,2010 1679,2010 1714,2012 1749,2012 1785,2012"/>
                <TextEquiv>
                    <Unicode>nominatione extrinseca vel neutra. ⁋ Respondeo. quod idem</Unicode>
                </TextEquiv>
            </TextLine>
            <TextLine id="r3l42" custom="readingOrder {index:40;}">
                <Coords points="1074,2058 1787,2076 1788,2030 1746,2020 1075,2023"/>
                <Baseline points="1079,2046 1114,2048 1149,2049 1184,2049 1219,2051 1254,2051 1289,2052 1325,2052 1360,2052 1395,2054 1430,2054 1465,2054 1500,2054 1535,2054 1571,2054 1606,2054 1641,2054 1676,2055 1711,2055 1746,2055 1782,2055"/>
                <TextEquiv>
                    <Unicode>numero non potest esse primo indifferens et post intrinsece</Unicode>
                </TextEquiv>
            </TextLine>
            <TextLine id="r3l43" custom="readingOrder {index:41;}">
                <Coords points="1083,2106 1758,2117 1796,2110 1797,2072 1084,2062"/>
                <Baseline points="1089,2091 1124,2093 1159,2093 1194,2094 1229,2095 1264,2096 1299,2096 1334,2096 1369,2096 1404,2096 1440,2097 1475,2097 1510,2097 1545,2097 1580,2097 1615,2097 1650,2097 1685,2097 1720,2097 1755,2099 1791,2099"/>
                <TextEquiv>
                    <Unicode>bonus vel malus. Et dicitur ille actus intrinsece bonus vel ma</Unicode>
                </TextEquiv>
            </TextLine>
            <TextLine id="r3l44" custom="readingOrder {index:42;}">
                <Coords points="1084,2157 1718,2148 1789,2167 1776,2107 1085,2107"/>
                <Baseline points="1089,2136 1123,2136 1158,2138 1193,2138 1228,2138 1262,2139 1297,2139 1332,2139 1367,2140 1401,2141 1436,2141 1471,2141 1506,2141 1540,2141 1575,2142 1610,2142 1645,2142 1679,2142 1714,2142 1749,2142 1784,2142"/>
                <TextEquiv>
                    <Unicode>lus: cui primo conuenit laus vel vituperium: et cui pri¬</Unicode>
                </TextEquiv>
            </TextLine>
            <TextLine id="r3l45" custom="readingOrder {index:43;}">
                <Coords points="1075,2193 1769,2207 1790,2167 1718,2148 1075,2157"/>
                <Baseline points="1080,2180 1115,2181 1150,2181 1185,2181 1221,2183 1256,2183 1291,2184 1326,2184 1362,2184 1397,2184 1432,2185 1467,2186 1503,2186 1538,2186 1573,2186 1608,2187 1644,2187 1679,2187 1714,2187 1749,2187 1785,2189"/>
                <TextEquiv>
                    <Unicode>mo est impredicamentabilis: quia actus ille voluntatis est</Unicode>
                </TextEquiv>
            </TextLine>
            <TextLine id="r3l46" custom="readingOrder {index:44;}">
                <Coords points="1071,2242 1802,2248 1802,2199 1071,2194"/>
                <Baseline points="1076,2223 1112,2223 1148,2225 1184,2225 1220,2226 1256,2226 1292,2227 1328,2228 1364,2228 1400,2228 1436,2228 1472,2229 1508,2229 1544,2229 1580,2229 1616,2231 1652,2231 1688,2231 1724,2231 1760,2232 1797,2232"/>
                <TextEquiv>
                    <Unicode>indterns quae elicitur circa obiectum conueniens tali actui</Unicode>
                </TextEquiv>
            </TextLine>
            <TextLine id="r3l47" custom="readingOrder {index:45;}">
                <Coords points="1084,2286 1796,2282 1796,2247 1709,2232 1570,2252 1084,2236"/>
                <Baseline points="1089,2268 1124,2270 1159,2270 1194,2270 1229,2270 1264,2271 1299,2271 1334,2271 1369,2271 1404,2273 1440,2273 1475,2273 1510,2273 1545,2274 1580,2274 1615,2274 1650,2274 1685,2274 1720,2274 1755,2273 1791,2273"/>
                <TextEquiv>
                    <Unicode>sine tamen circumstantiis requisitum ad bonitatem vel mali¬</Unicode>
                </TextEquiv>
            </TextLine>
            <TextLine id="r3l48" custom="readingOrder {index:46;}">
                <Coords points="1072,2333 1660,2320 1767,2341 1799,2333 1800,2280 1072,2286"/>
                <Baseline points="1077,2315 1112,2314 1148,2313 1184,2313 1220,2315 1256,2315 1292,2315 1327,2315 1363,2316 1399,2316 1435,2316 1471,2318 1507,2318 1543,2318 1578,2319 1614,2319 1650,2319 1686,2319 1722,2319 1758,2318 1794,2318"/>
                <TextEquiv>
                    <Unicode>ciam actus. puta si diligam aliquem hominem non propter</Unicode>
                </TextEquiv>
            </TextLine>
            <TextLine id="r3l49" custom="readingOrder {index:47;}">
                <Coords points="1081,2371 1801,2381 1801,2339 1746,2333 1081,2329"/>
                <Baseline points="1086,2357 1121,2357 1157,2358 1192,2358 1228,2360 1263,2360 1299,2360 1334,2360 1370,2360 1405,2360 1441,2360 1476,2361 1512,2361 1547,2361 1583,2361 1618,2361 1654,2361 1689,2361 1725,2361 1760,2362 1796,2363"/>
                <TextEquiv>
                    <Unicode>aliquem finem bonum vel malum: nec secundum rectam rationem</Unicode>
                </TextEquiv>
            </TextLine>
            <TextLine id="r3l50" custom="readingOrder {index:48;}">
                <Coords points="1081,2423 1194,2407 1725,2426 1798,2416 1799,2384 1082,2372"/>
                <Baseline points="1086,2402 1121,2402 1156,2403 1192,2403 1227,2405 1262,2405 1298,2405 1333,2405 1368,2406 1404,2406 1439,2406 1474,2406 1510,2406 1545,2405 1580,2405 1616,2405 1651,2405 1686,2405 1722,2406 1757,2406 1793,2406"/>
                <TextEquiv>
                    <Unicode>nec conclusio nec loco nec tempore dieterinato nec no: et ita de</Unicode>
                </TextEquiv>
            </TextLine>
            <TextLine id="r3l51" custom="readingOrder {index:49;}">
                <Coords points="1084,2461 1716,2473 1796,2464 1797,2431 1592,2409 1085,2421"/>
                <Baseline points="1089,2447 1124,2447 1159,2448 1194,2448 1229,2448 1264,2448 1299,2448 1334,2448 1369,2449 1404,2450 1440,2450 1475,2450 1510,2450 1545,2450 1580,2450 1615,2451 1650,2451 1685,2451 1720,2451 1755,2451 1791,2451"/>
                <TextEquiv>
                    <Unicode>aliis circumstantiis virtuosis et vitiosis iste actus no</Unicode>
                </TextEquiv>
            </TextLine>
            <TextLine id="r3l52" custom="readingOrder {index:50;}">
                <Coords points="1083,2502 1793,2505 1783,2460 1083,2463"/>
                <Baseline points="1088,2490 1123,2490 1158,2492 1193,2492 1228,2492 1263,2492 1298,2493 1333,2493 1368,2493 1403,2493 1438,2493 1473,2493 1508,2493 1543,2493 1578,2493 1613,2493 1648,2494 1683,2495 1718,2496 1753,2496 1788,2498"/>
                <TextEquiv>
                    <Unicode>esset bonus moraliter nec malus: sed neuter et indiffe</Unicode>
                </TextEquiv>
            </TextLine>
            <TextLine id="r3l53" custom="readingOrder {index:51;}">
                <Coords points="1084,2545 1795,2555 1785,2504 1084,2507"/>
                <Baseline points="1089,2534 1124,2535 1159,2535 1194,2535 1229,2535 1264,2535 1299,2535 1334,2535 1369,2535 1404,2535 1439,2535 1474,2537 1509,2537 1544,2537 1579,2537 1614,2538 1649,2538 1684,2538 1719,2540 1754,2541 1790,2541"/>
                <TextEquiv>
                    <Unicode>rens ad hoc igitur quod fiat bonus vel malus oportet eum circum¬</Unicode>
                </TextEquiv>
            </TextLine>
            <TextLine id="r3l54" custom="readingOrder {index:52;}">
                <Coords points="1074,2596 1780,2604 1805,2594 1806,2559 1075,2550"/>
                <Baseline points="1079,2580 1115,2580 1151,2579 1187,2579 1223,2579 1259,2579 1295,2579 1331,2579 1367,2580 1403,2580 1439,2580 1475,2580 1511,2580 1547,2581 1583,2582 1619,2582 1655,2582 1691,2582 1727,2583 1763,2583 1800,2583"/>
                <TextEquiv>
                    <Unicode>stantionari circumstantiis virtuosis vel vitiosis puta</Unicode>
                </TextEquiv>
            </TextLine>
            <TextLine id="r3l55" custom="readingOrder {index:53;}">
                <Coords points="1081,2639 1804,2638 1804,2605 1751,2593 1081,2594"/>
                <Baseline points="1086,2621 1121,2622 1157,2622 1192,2622 1228,2624 1264,2624 1299,2624 1335,2624 1371,2624 1406,2625 1442,2625 1478,2625 1513,2625 1549,2625 1585,2626 1620,2627 1656,2627 1692,2627 1727,2627 1763,2628 1799,2628"/>
                <TextEquiv>
                    <Unicode>quod voluntas diligat illum hominem propter finem talem et</Unicode>
                </TextEquiv>
            </TextLine>
            <TextLine id="r3l56" custom="readingOrder {index:54;}">
                <Coords points="1069,2680 1798,2703 1798,2638 1069,2635"/>
                <Baseline points="1074,2669 1111,2669 1149,2670 1187,2670 1225,2670 1263,2670 1301,2670 1338,2669 1376,2669 1414,2669 1452,2669 1490,2669 1528,2669 1565,2669 1603,2670 1641,2670 1679,2670 1717,2671 1755,2672 1793,2673"/>
                <TextEquiv>
                    <Unicode>repore determinato. et sic de aliis. sed sic diligendo</Unicode>
                </TextEquiv>
            </TextLine>
            <TextEquiv>
                <Unicode>ita quod respectu actus voluntatis iste circunstam
tie sunt obiecta et cause effectiue partiales respe
ctu illius actus: sed respectu actus exterioris non
sunt obiecta partialia quae actus dicitur obiectum commune:
qui actus orandi vel ambulandi vel aliquis exte¬
rior actus non habet tempus pro obiecto nec locum nec re¬
ctam rationem nec finem sicut alii: puta actus comme
dendi habet cibum: actus ambulandi habet viam pro ob¬
iecto et alie circumstantie. quantum ad istum actum ni
hil faciunt nisi stant iuxta est circunstant illum
actum sine alia causalitate. Si dicas quod actus prin
cipaliter intentus a voluntate dicitur esse obiectum
primarium illius actus: scilicet si velim anbulare ad eclui
am ad orandum propter laudem dei actus principa¬
liter intensus est actus orandi vel abulandi. ergo
isti actus sunt obiecta primaria respectu actus
voluntatis. Respondeo. illud obiectum est principale
obiectum actus voluntatis: cuius dilectio principa
liter intenditur huiusmodi est finis: sed tamen vocando illud 
obiectum principale quod est obiectum cause prout di¬
citur contra circumstantias requisitias: tunc actus
exterior est obiectum principale: quia obiectum eorum commune
est actus exterior: quia potest idem manere respectu
multorum actuum voluntatis: puta si primo velim ire
ad eccliuaiam propter honore dei. hoc primo ambu¬
lare ad eccilaiam est obiectum commune et honor circum
stantia: sed si post velim ire statuto tempore: tunc va¬
riatur actus et obiectum. et potest manere idem actus
ambulandi si adhuc velim ire propter honorem
dei et tempore statuto et secundum rectam rationem et sum. sem
per in ambulando: semper iste actus exterior ma¬
net idem tamen actus volendi variatur: et ideo dicitur ob¬
iectum commune: quia potest. esse obiectum multorum actuum vo
lendi: quia potest manere cum circumstantia et sine cir¬
cunstantia. et ex hoc patet quod quantumcunque variatur cir¬
cunstantia respectu actus volendi variatur tempore
actus voluntatis licet non exterior. ⁋ Sed ad hoc est
dubium. Utrum sit actus aliquis indifferens in voluntate
in appetitum sensitiuo quae potest dici bonus et malus de
nominatione extrinseca vel neutra. ⁋ Respondeo. quod idem
numero non potest esse primo indifferens et post intrinsece
bonus vel malus. Et dicitur ille actus intrinsece bonus vel ma
lus: cui primo conuenit laus vel vituperium: et cui pri¬
mo est impredicamentabilis: quia actus ille voluntatis est
indterns quae elicitur circa obiectum conueniens tali actui
sine tamen circumstantiis requisitum ad bonitatem vel mali¬
ciam actus. puta si diligam aliquem hominem non propter
aliquem finem bonum vel malum: nec secundum rectam rationem
nec conclusio nec loco nec tempore dieterinato nec no: et ita de
aliis circumstantiis virtuosis et vitiosis iste actus no
esset bonus moraliter nec malus: sed neuter et indiffe
rens ad hoc igitur quod fiat bonus vel malus oportet eum circum¬
stantionari circumstantiis virtuosis vel vitiosis puta
quod voluntas diligat illum hominem propter finem talem et
repore determinato. et sic de aliis. sed sic diligendo</Unicode>
            </TextEquiv>
        </TextRegion>
    </Page>
</PcGts>
