2232 3056
428 167 1143 239 est circa delectationes et tristitias: et fortitudo
429 224 1142 280 circa timorem et audaciam. et generaliter omnis virtus est
428 270 1147 332 circa passiones abundantes et deficientes. igitur
431 314 1139 376 etc. ⁋ Ite si sic. tunc ille qui esset magis passiona
426 359 1145 418 tus esset magis virtuosus. illud est falsum. et con
429 403 1148 461 tra omnes. ⁋ Item virtus habet sedare passiones
438 448 1145 506 non excitare. ideo passionati vel non sunt virtuosi
442 490 1147 545 vel minus dispositi ad virtutes. ⁋ Ite. viii. ethi¬
436 539 1148 589 corum. temperatus non habet prauas concupiscentias
433 585 1141 641 sicut continens. et certum est quod habet passiones.
429 628 1141 687 igitur etc. ⁋ Item si sic. tunc possunt poni passiones
429 668 1144 721 in voluntate sicut in parte sensitiua. quia actus boni¬
438 713 1147 764 et mali moraliter ponuntur in voluntate: et ille sunt
441 762 1144 809 passiones per te. igitur falsa est conclusio. et contra
435 797 1147 851 omnes qui ponunt passiones solum in parte sensitiua.
444 844 1157 905 ⁋ Tertium dubium est. quia videtur quod non sunt distincti
437 887 1157 940 habitus propter distinctos actus. quia secundum philosophum
441 939 1156 994 prudentia habet esse vna: licet habeat multos
439 973 1150 1032 actus circa diuersas virtutes. quia omnium virtutum vi¬
449 1018 1148 1070 detur esse eadem prudentia igitur non obstante quod sunt
450 1065 1152 1120 multi actus. tamen potest esse vnus habitus respectu il¬
446 1101 1158 1164 lorum. ⁋ Quintum dubium est de connexione virtutum
445 1147 1151 1214 moralium. ⁋ Ad primum istorum dico secundum philosophum ii de
442 1200 1165 1250 anima. quia dispositio corporis multum disponit ho¬
440 1235 1156 1293 mine ad scientiam. Dicit enim quod molles carne apti¬
448 1287 1156 1335 sunt mente. Unde aliquis per complexionem corporis
444 1326 1165 1378 disponitur ad virtutes aliquis ad vicia. et secundum quod dis¬
450 1369 1165 1432 ponitur ad vnum vel aliud: sic magis inclinatur ad
445 1419 1163 1467 vnum vel ad aliud. et tales dispositiones materia
440 1456 1169 1508 les vocat philosophus et commentator virtutes naturales.
445 1503 1159 1559 et quod hec sit intentio sua patet. quia dicit quod tales vir
444 1542 1159 1599 tutes insunt brutis et pueris: sed in pueris non sunt
457 1594 1171 1642 tales habitus generati ex actibus: sed sunt dis¬
453 1640 1165 1692 positiones corporales in bestiis: per quas diuer
445 1683 1159 1734 sa animalia diuersimode disponutur ad diuersa
456 1726 1163 1781 et eodem modo in homine. et ideo sicut in bestiis et pue
456 1768 1165 1819 ris non sunt habitus generati ex actibus: ita nec
450 1812 1160 1864 in homine. accipiendo tamen habitum pro omni inclinatione
447 1853 1175 1910 ad actum. sic possunt dici tales qualitates habitus tam
451 1904 1168 1953 in bestiis quam in hominibus ⁋ Si dicis. quod commentator
456 1939 1172 1991 vi. ethicorum. commento. vi. dicit omnibus videtur sin¬
459 1990 1159 2044 gulos morum existere naturaliter. mores dico ex
457 2028 1170 2080 natura sequacia animalibus ydeomata iest proprieta
463 2071 1179 2124 tes. non solum in rationabilibus: sed etiam in irronabi¬
469 2123 1178 2170 libus. et dicit quod sunt virtutes perficientes animam
460 2157 1171 2210 et non solum virtutes corporales. ⁋ Respondeo non
463 2204 1174 2252 sunt in anima formaliter et subiectiue. sed sic quod talis
474 2253 1181 2305 qualitas non potest in actus ad quos est nata in¬
462 2287 1171 2348 clinare nisi mediante anima. Exemplum. disposi¬
458 2334 1172 2391 tio inclinans leonem ad fortitudinem et audaciam
475 2376 1170 2429 non est in appetitum sensitiuo subiectiue. et hoc
461 2421 1168 2473 loquendo de dispositione precedente omnem actum eli
459 2468 1174 2523 citum: sed in corpore. sed talis dispositio non incli
465 2518 1174 2558 nat ad actum fortitudinis nisi cocurrat anima.
468 2548 1191 2620 Unde dicit commentator: quemadmodum leonem
1250 165 1973 228 fortem natura et audacem existentem et robustum et
1252 227 1973 270 territiuum et contemptiuum: vulpecie autem astutam et dolo¬
1255 262 1976 322 sam dicimus. ⁋ Ad secundum dico quod non est plura¬
1249 310 1976 362 litas ponenda sine necessitate: sed non appa¬
1257 351 1973 403 ret necessitas ponendi diuersas causas respe
1247 393 1971 443 ctu generationis habitus et augmentationis: ideo
1248 441 1964 494 est superfluum hoc ponere. ⁋ Ad aliud dico quod ali¬
1253 479 1975 534 ter est dicendum de actibus partis sensitiue et
1256 526 1967 579 de actibus partis rationalis et habitibus: quia
1247 566 1975 625 habitus partis sensitiue non respiciunt passio¬
1258 614 1973 666 nes sicut obiecta illorum habituum: quia passiones
1248 659 1966 707 sunt actus eliciti in appetitum sensitiuo ab ha¬
1248 697 1967 751 bitu: et etiam sunt generatiui habituum in eadem
1251 746 1961 806 parte sensitiua tam habitus appetitus sensitiui quam
1249 800 1978 844 actus qui vocatur passio habent aliqua alia obie
1266 835 1966 887 ta puta actus potentie executiue. Exemplum.
1260 877 1981 931 quando appeto commedere actus commedendi est
1258 927 1970 974 obiectum tam actus illius quam habitus in appeti
1266 974 1985 1018 tum sensitiuo quod autem iste passiones sunt habitus
1260 1011 1988 1061 actus eliciti. patet per exempla et rationes. per
1266 1053 1987 1106 exempla. ira enim ponitur passio et irasci actus ap
1256 1095 1987 1156 petitus sensitiui: et non videtur quod ira et irasci in
1266 1139 1982 1193 aliquo distinguantur. similiter secundum philosophum odium est
1266 1185 1979 1243 passio partis sensitiue: et tamen ibi non est pone¬
1261 1228 1985 1280 re duplex odium vnum passionem et aliud actum. simi
1265 1270 1988 1324 liter est de concupiscentia quod non est duplex con
1272 1315 1976 1366 cupiscentia vna actus et alia passio. similiter
1266 1360 1976 1418 philosophus secundo de anima dicit quod motus potentie appe
1266 1401 1993 1454 titiue est cum fantasia boni vel mali secundum passi
1270 1445 1986 1500 ones: et dicit quod illi motus sunt passiones: sed il¬
1279 1498 1981 1540 i motus sunt actus: igitur passiones sunt actus
1269 1533 1982 1581 Item secundo ethicorum dicit. potentias dicimus
1273 1578 1991 1639 secundum quas passibiles sumus id es secundum quas recepti
1273 1621 1997 1678 ui passionum sumus: sed potentia dicitur respe¬
1284 1669 1984 1718 ctu actus eliciti. igitur etc. Si queras cuius sen
1273 1709 1988 1764 sus appetitus est generatiuus illorum habituum.
1275 1753 1997 1810 Respondeo. fantasie et sensus interioris et non
1272 1800 1997 1854 exterioris. cuius ratio est: quia in illo appetitum tam
1272 1844 1991 1899 tum ponuntur isti habitus quae magis inclinant post
1281 1884 1999 1942 actum elicitum quam ante: sed huiusmodi est appetitus fan¬
1273 1926 1993 1982 tasie siue sequens fantasiam. Nam apprehenso
1277 1973 1996 2034 obiecto per fantasiam et elicito actu appetendi fre
1282 2018 1992 2074 quenter in appetitum sequente fantasiam siue ob¬
1279 2063 1987 2123 iectum existat siue non: siue sit prius siue non ma¬
1275 2109 2003 2154 gis inclinatur talis appetitus ad actum con¬
1285 2154 1990 2203 similem quam ante actum per quem in appetitum con¬
1272 2191 1990 2249 sequente fantasiam oportet ponere talem habitum
1274 2239 2002 2299 generatum ex actibus. et hoc circa obiectum cu¬
1286 2276 1999 2343 iuslibet sensus quatenus fantasiatur: sed ex hoc
1287 2325 2000 2382 quod aliquis semel appetit aliquod visibile appre¬
1284 2371 2003 2425 hensum a visu non sentit se magis inclinatum
1284 2409 1994 2465 ad appetendum illud visibile alias apprehensum
1284 2455 2006 2517 quam primo apprehensum: sicut quilibet experitur
1284 2499 2002 2554 in se: ideo in tali appetitum non generatur quali
1286 2543 2011 2618 tas siue habitus ex actibus. et sicut non in vno:
