2303 3092
333 218 1048 291 similiter vna virtus potest stare cum vicio respe
328 280 1033 326 ctu alt erius virtutis et non cum vicio sibi oppos¬
333 322 1037 378 to quia distinguitur specie: quia instantia est. potest
326 352 1043 414 enim dilectio vnius hominis stare cum odio alterius: et
328 408 1044 463 non cum odio respectu eiusdem. et tamen nullo modo di¬
334 451 1031 507 citur quod iste dilectiones distinguantur specie. ⁋ Se
331 494 1034 545 ptimum dubium est. quia videtur quod illa distinctio de
324 542 1033 593 virtute morali sit insufficiens. philosophus enim. vii. ethi.
324 579 1034 637 distinguit virtutem in continentiam perseueran¬
322 626 1036 671 tiam et temperantiam que sub nullo istorum menbro¬
315 671 1027 723 rum continentur. igitur etc. ⁋ Sctauum dubium est. quia
316 714 1034 769 videtur quod virtus heroyca non dicitur a fortitu
308 764 1019 810 dine: nec sit ponere virtutem heroycasa in aliquo
322 804 1036 863 genere virtutis nisi tantum in fortitudine: quia ta
312 843 1022 900 lis habitus generatur ex actibus imperatiuis
315 889 1033 936 executionum quae sunt contra communem cursum natu¬
309 932 1031 988 re: puta sustinere mortem vulnera carcerem etc.
322 969 1017 1030 et circa tales actus generatur solum fortitudo
333 1012 1015 1072 Ad primum istorum respondit Ioh. in principio
321 1066 1024 1115 de materia caritatis et secundo. vbi quaerit vtrum ali¬
316 1104 1018 1157 quis actus voluntatis sit indifferens et in quot
309 1147 1022 1205 libet: vbi querit vtrum actus dilectionis natu¬
315 1196 1010 1250 ralis et meritorie sint eiusdem speciei. et dicit quod
306 1238 1009 1288 tam habitus: quam actus voluntatis potest esse in
308 1281 1016 1340 differens sicut quod idem habitus abstinentie gene
315 1321 1022 1377 ratus solet inesse nature cuiusmodi actus so¬
312 1365 1024 1424 lum est actus naturalis: potest postea per conexisten
310 1411 1016 1469 tiam actus prudentie esse intrinsece bonus. secundo
315 1458 1024 1512 dicit in quotlibet. quod idem actus non solum specie
306 1495 1022 1559 sed numero differes potest esse sic quod erit solum pri¬
303 1543 1019 1601 mo actus naturalis nec laudabilis nec vituper
300 1588 1011 1640 rabilis: et postea manens omnino idem numero
304 1630 1025 1686 potest esse virtuosus et moraliter bonus. et ter¬
313 1674 1016 1732 tio idem manens actus potest esse meritorius: quia
297 1712 1019 1771 secundum eum moralis bonitas vel meritoria non addit
297 1759 1008 1812 super substantiam actus nisi quosdam respectus ad
307 1804 1013 1863 circunstantias actus vel tantum vnum respectum
297 1854 1013 1904 ad rationem rectam plene dictantem de circumstan¬
310 1894 1014 1945 tiis. et ille respectus secundum eum oritur ex natura rei
306 1930 997 1988 Tertio dicit in secundo vbi tractat de peccato
306 1983 1008 2033 originali quod peccatum siue difformitas in actu
306 2029 1011 2080 peccati non est nisi carentia rectitudinis non qua¬
304 2068 990 2123 dem quae inest actui nec quae aliquando infuit: quia act
297 2110 1010 2165 idem est. et per consequens non alteratur ab opposito in
293 2158 1007 2214 oppositum: sed solum est carentia rectitudinis qua
307 2199 998 2250 debuit inesse omni actui tali quam rectitudinem
297 2239 1002 2295 tenebatur illa voluntas sibi dare ⁋ Contra pri¬
301 2286 1009 2335 mum. impossibile est quod de actu non virtuoso fiat
306 2330 1009 2381 virtuosus per aliquem actum pure naturalem quae nul
292 2368 994 2421 lo modo est in voluntatis potestate: quia propter
290 2418 1006 2473 talem nullus laudatur vel vituperatur: ex quo so¬
291 2459 996 2518 lum est actus naturalis: sed actus prudentie secundum
295 2506 1004 2562 eum et secundum veritatem est solum actus naturalis. et nons
300 2545 995 2600 lo modo in contestate nostra plusquam actus viden
286 2591 997 2660 di. igitur impossibile est quod actus voluntatis in
1144 214 1863 312 differens et non virtuosus fiat virtuosus per solam
1147 287 1854 353 coexistentiam prudentie. ⁋ Preterea: numquam de actu
1142 329 1850 391 intrinsece non virtuoso potest fieri virtuosus nisi¬
1138 358 1847 436 per actum intrinsece virtuosum: et non solum extrinse¬
1147 422 1851 472 ce et contingentur. quia aliter esset processus in infini¬
1143 460 1838 528 tum: sicut patet supra. Sed sicut supra dictum est so
1149 500 1844 567 lus actus voluntatis est intrinsece virtuosus vel
1137 547 1850 610 viciosus: et nullus alius nisi extrinseca denomina
1131 593 1836 657 tione. quia quilibet alius tam actus interior quam exte
1132 635 1849 694 rior potest idem manens fieri successiue bona inten
1133 676 1839 735 tione et mala. et per consequens potest esse contingentur bonus
1135 720 1850 786 et malus: et non necessario et intrinsece. quia impossi
1135 757 1845 827 bile est quod aliquis actus voluntatis non bonus fiat
1128 805 1842 877 bonus propter solum actum prudentie. ⁋ Preterea. secundum
1132 847 1830 910 istam viam videtur quod actus virtuosus non est vnus et
1131 893 1833 959 simplex actus: sed quod includit formaliter duos actus
1132 944 1833 1007 puta actum illum indifferentem et actum prudentie. quia
1126 987 1832 1043 nunquam de actu non bono intrinsece et formaliter
1129 1030 1842 1093 potest fieri bonus intrinsece et formaliter: nisi per ali
1123 1077 1829 1133 quid formaliter et intrinsece bonum. et sic actus vir¬
1122 1117 1840 1171 tuosus includit formaliter duos actus: quod vide¬
1114 1159 1828 1220 tur absurdum. ⁋ Si dicis quod solum includit respectu
1113 1202 1833 1259 conformitatis ad prudentiam secundum substantiam actus. hoc
1118 1245 1838 1312 videtur magis absurdum quod aliquis actus fiat for
1120 1290 1832 1351 maliter virtuosus per vnum respectum qui natura¬
1115 1329 1836 1396 liter oritur posito extremo: qui etiam naturaliter
1126 1377 1835 1437 ponitur secundum eum: quia prudentia naturaliter causatur: et
1109 1427 1820 1478 ipsa posita naturaliter oritur ille respectus. igitir etc.
1117 1462 1827 1522 ⁋ Contra secundum. quia impossibile est fieri transitum
1114 1509 1837 1571 de contradictorio in contradictorium ceteris pari
1119 1546 1826 1613 bus sine omni acquisitione et destructione positiui
1116 1596 1838 1647 sed quando de actu non bono moraliter et intrinsece.
1113 1636 1830 1699 fit actus bonus moraliter et intrinsece fit talis
1107 1681 1818 1742 transitus. igitur etc. Sed nihil destruitur per te
1114 1725 1807 1792 et secundum veritatem. igitur aliquid de nouo acquiri
1114 1772 1816 1823 tur: aut absolutum aut respectiuum. Si primum aut
1112 1813 1811 1878 habitus aut species aut actus: non primum nec
1111 1854 1809 1916 secundum. quia illa possunt equaliter manere cui
1120 1896 1815 1962 actu non virtuoso et vicioso: sicut patet conside
1106 1943 1824 2002 ranti. igitur producitur nouus actus non solum in in¬
1108 1987 1820 2044 tellectu. quia sicut prius patet per solum actum in¬
1111 2032 1822 2085 tellectus non potest de vno actu non bono intrin¬
1110 2074 1814 2135 sece fieri bonus intrinsece. igitur necessario erit:
1110 2121 1806 2176 alius actus voluntatis: qui nunc est intrinsece
1103 2163 1813 2222 bonus moraliter vel meritorie ab actu non bo¬
1107 2210 1811 2260 non siue indifferente. ⁋ Si producatur nouus actus
1111 2254 1808 2303 contra. secundum eum in primo in materia de charitate. il¬
1113 2298 1817 2348 le respectus est intrinsecus adueniens. sed secundum
1101 2345 1805 2396 eum in prima conclusione tertii nunquam causatur talis
1101 2390 1817 2441 respectus sine productione alicuius absoluti de no¬
1101 2431 1804 2484 uo. igitur necesse est ponere quod hic producatur ali¬
1110 2472 1810 2530 quid de nouo absolutum quod est formaliter et in¬
1104 2519 1804 2575 trinsece bonum. tale nihil potest esse ex sua natura
1101 2561 1811 2619 nisi actus solius voluntatis. licet alius actus vo
1096 2599 1823 2665 luntatis potest dici intrinsece bonus ex causa ex¬
