2282 3085
424 188 1141 246 quorumcunque obiectorum excepta ratione recta in
415 233 1139 287 ratione obiecti potest voluntas elicere median¬
420 283 1144 334 te recta ratione potest elicere sine ea et cum sola ap
421 320 1142 376 prehensione illorum obiectorum. patet enim quod sicut vo¬
415 366 1138 421 luntas potest velle abstinere propter deum loco et tem
417 413 1138 466 pore. et sic de aliis circumstantiis mediante actu di
414 460 1142 504 ctatiuo intellectus: ita potest velle abstinere
414 498 1132 556 propter deum loco et tempore etc. si solum intellectus
415 542 1139 592 apprehendit istam propositionem volendum est ab¬
415 591 1141 642 stinere propter etc. et si intellectus nullo modo
414 636 1136 682 assentiat illi complexo: quero si illa volitio sit vir
415 673 1139 724 tuosa intrinsece vel non. non potest dici quod sic: quia
414 723 1132 773 non elicitur conformiter rationi recte secundum prediu
417 773 1138 817 cta: quod necessario requiritur ad actum virtuosum.
417 806 1138 860 Si dicas quod sic: quia talis actus elicitur sicut ratio
426 857 1147 905 dictaret. et ideo licet actualiter non conformetur ra¬
414 893 1132 945 tioni recte: tamen conformatur aptitudinaliter
423 945 1145 992 et hoc sufficit. Contra. recta ratio dictaret quod vo
427 983 1148 1036 lendum est abstinere propter deum etc. et hoc confor
420 1027 1139 1077 miter rationi recte. hoc est: quia sic dictatum est
427 1073 1151 1121 a ratione recta aliter non erit recta: sed erronea. sed
427 1123 1145 1171 volitio habens deum et alias circumstantias pro ob
423 1163 1153 1212 iecto preter rationem rectam non est eadem numero:
417 1201 1142 1256 nec specie cum volitione quae eliceretur: quia sic esset dictatum
421 1246 1151 1300 a ratione recta propter variationem obiecti: puta ratio
417 1293 1141 1348 nis recte. igitur illa que non habet rationem pro obie
429 1342 1147 1390 cto: non est nata conformiter elici rationi recte: quia
421 1377 1142 1428 recta ratio non eliceret illum: sed vnum alium qui haberet
417 1429 1144 1473 rationem pro obiecto. Si dicas quod non est iste vir¬
432 1470 1145 1523 tuosus propter defectum prudentie. tunc pono quod
432 1516 1135 1565 coexistat actus prudentie. Et quero tunc vtrum
417 1564 1153 1606 ille actus volendi conexistente actu prudentie sit
439 1598 1139 1652 pirtus vel non. si non patet discurrendo per singu¬
427 1644 1144 1698 las causas huius: quia nulla esset causa huius ni¬
421 1686 1136 1745 si quia illa volitio non habet rectam rationem pro
424 1731 1150 1785 obiecto quia per ypothesim nullum aliud obiectum
423 1781 1138 1829 requisitum deficit et ratio recta coexistit. et omnia
421 1824 1148 1873 talia. vnde igitur est quod non est talis actus virtuo¬
430 1863 1145 1912 sus si sit virtuosus coexistente actu prudentie
435 1906 1144 1960 igitur sequitur quod actus primus non virtuosus in¬
420 1956 1147 2004 trinsece nec extrinsece. modo sit virtuosus in¬
433 1994 1142 2043 trinsece per solam coexistentiam prudentie. et cum vo
433 2040 1145 2089 luntas potest conseruare eunde actum stante prima
432 2080 1141 2130 apprehensione illius complexi destructo illo actu
432 2129 1150 2184 prudentie propter aliquod aliud negatiuum sibi ap
429 2172 1153 2226 parens. sequitur quod idem actus numero fieret iterum
429 2207 1144 2270 non virtuosus: quia non conexistit prudentie. et sic quaeli¬
426 2261 1147 2306 bet actus esset contingentur virtuosus. igitur oportet ne¬
432 2307 1144 2353 cessario quod actus que est intrinsece et necessario vir
433 2349 1148 2399 tuosus sic quod non potest fieri indifferens vel viciosus
436 2399 1146 2445 quod habeat non tantum illas circumstantias: sed etiam
421 2437 1154 2484 rationem rectam pro obiecto. et ille solus est sic virtu
439 2478 1139 2535 psus et quilibet alius similiter contingenter et extrin
430 2524 1151 2578 sece. Et eodem modo potest argui si ponatur quod
424 2569 1151 2632 actus dictatiuus illius complexi simul ponatur
1254 187 1973 244 cum actu apprehensiuo eiusdem et actu volendi pre
1267 230 1985 280 dicto. et similiter ille actus volendi abstinere propter
1261 278 1978 323 deum etc. excepta ratione pro obiecto potest causa¬
1258 321 1976 369 ri sine actu dictatiuo secundum casum prius positum
1252 361 1979 418 ita potest conseruari sine eodem quantumcunque simul causam
1252 409 1981 462 tur: quia non plus dependet actus volendi ab eo
1247 456 1976 512 in conseruando quam in causando. et sic patet primum
1248 499 1976 542 incoueniens. ⁋ Secundum sequitur ex primo quod per so¬
1243 538 1973 591 lam positionem actus prudentie fieret actus volun¬
1245 584 1967 636 tatis preexistens virtuosus vel meritorius qui ta
1252 629 1973 676 men prius non esset virtuosus propter defectum
1239 673 1981 721 rationis recte secundum casum primum prius dictum: quia cum
1249 717 1984 767 actus prudentie sic est naturalis et nullo modo in
1248 762 1982 814 potestate nostra. sequitur quod de non meritorio vel non
1248 806 1988 862 virtuoso fieret virtuosum et meritorium per aliquid
1254 855 1975 901 quod nullo modo est in ptante nostra. et sic de non di¬
1249 900 1973 950 gno vita eterna fieret dignus per aliquid quod nul¬
1248 941 1984 983 lo modo est in potestate nostra. quod videtur absurdum
1246 984 1976 1028 Eodem mo modo si propter solam destructionem actus pru¬
1248 1027 1967 1075 dentie de actu virtuoso et meritorio fieret non vir
1242 1066 1972 1116 tuosus et non meritorius secundum alium casum cum actus
1248 1108 1985 1172 ille prudentie sit mere naturalis sicut prius: seque
1255 1159 1981 1207 tur quod virtuosus et dignus vita eterna fieret no
1261 1207 1983 1257 virtuosus et indignus per aliquid quod nullo modo
1248 1249 1975 1298 esset in potestate sua quod est absurdum: et ista in¬
1257 1295 1976 1338 conuenientia possunt vitari ponendo quod recta
1242 1333 1987 1383 ro sit obiectum actus virtuosi et non aliter vt vi¬
1261 1375 1976 1431 detur. ⁋ Ad primum argumentum secunde dubitationis
1257 1425 1987 1472 dico quod non sunt circumstantie respectu actus in¬
1252 1471 1976 1518 trinsece et necessario virtuosi: sed sunt obiecta
1247 1514 1985 1564 secundaria respectu illius actus: sed sunt circumstan
1260 1558 1990 1606 tie respectu illorum actuum siue sint actus volun¬
1249 1598 1985 1646 tatis siue intellectus siue cuiuscu nque alterius
1261 1647 1979 1702 potentie quae solum sunt virtuosi extrinsece secundum quan
1257 1689 1986 1741 dam denominationem extrinsecam per conformitatem ad
1255 1732 1982 1789 actum aliquem intrinsece virtuosum: quia tales actus
1260 1783 1982 1828 possunt semper iidem remanere et circunstantie
1258 1825 1977 1871 variari: sicut idem potest esse actus volendi ali¬
1264 1862 1976 1916 quid et intelligendi et ambulandi propter finen
1251 1908 1976 1959 bonum et malum cum recta ratione et contra rectam ra
1251 1952 1975 2003 tionem. et ideo respectu talium dicuntur proprie esse
1254 1996 1985 2051 circumstantie: sed actus qui est necessario et intrin¬
1257 2033 1981 2099 sece bonus non esset idem variata quacumque circum
1249 2083 1979 2133 stantia quod variato obiecto non potest actus esse
1248 2128 1976 2181 idem propter transitum a contradictorio in contradi
1255 2172 1973 2223 ctorium. et ideo respectu actus non sunt proprie cir
1251 2218 1966 2269 cumstantie. Et si dicatur omnino quod sic tunc dicuntur cir
1257 2257 1975 2312 cumstantie: quia non sunt obiecta principalia: sed secunda
1251 2302 1984 2350 ria saltem aliqua licet finis sit obiectum principale
1261 2349 1970 2406 ⁋ Ad aliud dico quod idem actus potest habere diuer
1264 2389 1979 2449 sas denominationes vt terminatur ad diuersa obie
1267 2442 1982 2490 cta. de hoc quare in. iiii. q. de penitentia. ⁋ Ad ter¬
1257 2481 1991 2532 tium dico quod actus exterior non habet propriam. vo¬
1248 2527 1982 2576 luntatem sicut ymaginatur Ioh. de hoc quere in
1254 2568 1985 2630 quotlibet. Ioh. et responsionem supra ad argumen¬
