2286 3095
258 224 973 283 ille error sit vincibilis siue non. Exemplum. ali¬
264 278 967 326 quis potest velle virtuose castitatem: et tamen errare
259 319 962 369 circa fortitudinem. hoc patet per experientiam et proba
264 359 965 410 tur supra: ideo transeo. ⁋ Secundo dico quod actus me
262 402 974 453 ritorius circa vnum obiectum non stat in volunta
257 446 964 496 te cum errore culpabili mortaliter circa aliud
267 495 970 544 obiectum: tamen stat cum errore inuincibili et cum
265 534 968 591 errore culpabili venialiter. hoc patet primo quam
265 580 974 636 tum ad primam partem: quia quando aliquis errat erro¬
252 625 973 671 re vincibili propter quem peccat mortaliter omnit
264 668 971 720 tendo vel comittendo: puta quia fuit negligens
253 711 962 765 ad inuestigandum id quod tenetur scire et vitare per
261 750 976 807 preceptum diuinum omnittendo illam inuestigato
261 796 974 841 nem voluntarie propter pigriciam vel aliam cau¬
253 840 968 887 sam consimilem quam posset vitare si vellet talis
258 882 974 936 omittendo actu voluntatis cum debuit efficaci¬
259 924 973 979 ter imperasse intellectui inuestigare illud quod
256 968 975 1016 sibi est necessarium ad salutem peccat mortaliter
261 1025 967 1068 peccato omnissionis. et per consequens ille error quo er
255 1054 974 1107 rat circa tale obiectum est vincibilis et culpa¬
261 1098 967 1153 bilis mortaliter non quidem sic intelligendo: quia
256 1153 971 1196 actus istius erroris sit intrinsece viciosus: quia
261 1189 968 1236 solus actus voluntatis est intrinsece virtuo¬
264 1234 971 1285 sus vel viciosus sicut alibi patuit de connexio¬
264 1283 979 1329 ne virtutum: sed est culpabilis et viciosus solum¬
266 1319 974 1373 quadam denominatione extrinseca ab actu volun¬
268 1364 977 1417 tatis. Ponendo quod peccatum omnissionis non potest
265 1405 974 1455 esse sine peccato commissionis. tunc nolle tale
264 1451 968 1498 obiectum inuestigare esset hoc peccatum commissi¬
264 1493 974 1545 onis vel aliquod velle repugnans huic inuesti¬
264 1543 976 1592 gationi et non velle inuestigare esset peccatum
258 1587 973 1635 omissionis: tunc actus erroris diceretur vicio
264 1625 979 1680 sus propter illud nolle vel velle aliquem actum
271 1664 980 1719 consimilem a quo potest denominari. vel si peccatum
264 1711 974 1764 omissionis non presupponit peccatum commissio¬
262 1761 980 1809 nis: tunc diceretur ille error viciosus propter a¬
270 1796 967 1845 ctum voluntatis quo omnittit inuestigare illud
258 1845 977 1897 quod tenetur inuestigare sed quicquid sit de hoc si
261 1896 976 1937 talis omissio sit peccatum mortale non stat cum
270 1931 967 1978 caritate et per consequens stante tali errore non
264 1981 976 2027 potest talis voluntas elicere actum meritorium
267 2024 980 2072 circa quodcunque obiectum: quia talis actio sine cari¬
268 2060 967 2115 tate non potest elici. Similiter conclusio predi
276 2103 970 2152 cta quantum ad secundam partem patet: quia error inuin¬
277 2146 977 2199 cibilis non est culpabilis: quia non est in potesta
267 2197 971 2246 te errantis. et per consequens non impedit actum
264 2233 970 2285 meritorium circa quodcunque obiectum: quia non cor¬
265 2285 982 2328 rumpit demeritorie caritatem. similiter error vi¬
273 2318 982 2373 cibilis et culpabilis venialiter qui generatur ex
273 2364 979 2417 hoc quod homo negligit inquirere aliquid quod de
278 2415 980 2461 bet scire: tamen omittendo solum peccat venia¬
276 2450 985 2505 liter non impedit caritatem. et per consequens
265 2499 986 2545 nec actum meritorium circa quodcunque obiectum.
273 2537 976 2597 ⁋ Tertio dico quod actus rectus in voluntate stat
271 2581 983 2652 cum errore inuincibili in intellectu eiusdem ob¬
1081 223 1784 284 iecti. hoc patet per exemplum. ponatur aliquis
1071 271 1774 318 habens istam rationem vniuersalem rectam omni
1075 315 1778 363 indigenti in extrema necessitate est benefaci
1074 359 1783 403 endum ne pereat que est euidens ex notitia termi¬
1071 407 1772 457 norum. occurrente igitur aliquo paupere qui ap
1081 447 1774 499 paret indigere in extrema necessitate si volun
1075 491 1774 537 tas imperet intellectui vt inquirat si talis sic
1073 535 1771 580 indigeat: sicut apparet indigere facta inuesti
1074 578 1787 627 gatione per omnem viam possibilem poni si ex a¬
1077 622 1780 674 liquo latente quod non est in potestate sua scire
1074 663 1778 714 intellectus assentiat quod talis indigeat sicut ap
1068 709 1787 763 paret indigere: licet non sic indigeat secundum veri¬
1072 754 1769 807 tatem euidenter intellectus dictabit quod tali quae
1068 794 1784 841 sic apparet indigere: licet non sic indigeat est
1078 839 1784 893 subueniendum tanquam existenti in extrema neces
1074 884 1774 928 sitate. hic igitur secundum istam conclusionem errat
1081 927 1781 977 intellectus: quia iudicat illum existere in extre¬
1072 966 1781 1029 ma necessitate qui non sic indiget et iudicat quod
1069 1010 1790 1061 sibi est subueniendum: cui secundum veritatem non est
1069 1055 1793 1107 sic subueniendum. et tamen voluntas volens ef
1071 1103 1783 1151 ficaciter sic ei subuenire: habet actum rectum
1081 1144 1795 1196 et virtuosum et meritorium si hoc velit pro amo¬
1073 1189 1784 1241 re dei. et per consequens actus rectus volunta¬
1068 1230 1783 1279 tis: et error intellectus stant simul respectu eius¬
1069 1273 1790 1323 dem obiecti. et tota ratio est: quia ille error non
1074 1324 1796 1372 est in potestate errantis ex quo posuit diligen¬
1074 1362 1780 1415 tiam quam debuit ad sciendum veritatem. et per
1074 1404 1793 1454 consequens ille error omne peccatum excusat. et
1074 1450 1790 1497 ideo voluntas eliciens actum conformiter ta
1074 1492 1777 1544 li rationi erronee virtuose et meritorie agit: in
1072 1537 1787 1586 mo stante tali errore si nollet sibi bene facere
1075 1582 1781 1634 haberet actum viciosum et demeritorium: quia
1074 1627 1793 1680 talis actus eliceretur contra conscientiam et
1074 1668 1783 1716 rationem non culpabilem. et hoc scienter: quia
1083 1707 1793 1759 posito casu predicto nescit se errare: sed credit
1083 1756 1783 1800 se habere rationem rectam. et per consequens
1074 1800 1793 1848 contemnendo eam peccat mortaliter. simili¬
1079 1839 1780 1890 ter non volendo sibi efficaciter subuenire est
1074 1882 1778 1941 peccatum omnissionis: quia tenetur velle illud
1089 1934 1783 1982 quod ratio non viciosa dictat esse volendum.
1074 1980 1777 2021 et per consequens omittendo illud peccat mor
1080 2019 1793 2071 taliter: sed licet hic sitratio particularis errans
1086 2059 1787 2108 circa minorem et conclusionem: tamen ratio vni¬
1083 2102 1783 2154 uersalis est recta. ista scilicet quod omni indigenti
1078 2147 1787 2199 in extrema necessitate est subueniendum. igi¬
1087 2190 1783 2237 tur etc. et hec ratio recta concurrit cum ratio¬
1086 2241 1777 2284 ne erronea immediate formaliter ad causan
1077 2274 1786 2325 dum illum actum voluntatis rectum. quodisi
1083 2324 1786 2371 non esset in intellectu talis ratio recta: nullo
1086 2369 1783 2416 modo esset actus voluntatis virtuosus. et ideo
1083 2406 1781 2457 qui non assentiret huic propositioni. omni indi
1079 2454 1783 2505 genti in extrema necessitate etc. vel dissentiret
1080 2501 1793 2549 propter aliquam deceptionem: et tamen erraret circa
1083 2535 1786 2587 conclusionem modo praedicto nullo modo potest elicere
1077 2580 1802 2649 actum rectum voluntatis: sic aliquis fatuus forte
