2281 3097
247 207 980 267 missionis: et dimittendo actum diligendi deum pec¬
256 257 979 311 cet peccato omissionis. igitur potest peccare pec¬
252 300 976 354 cato omnissionis non peccando peccato commissio
251 347 974 401 nis. ⁋ Si detur secundum igitur eliciendo illum actum
258 388 974 446 non peccabit. quia nullus peccabit in eo quod vi¬
249 430 967 484 tare non potest. Nam peccatum adeo est voluntarium quod
259 479 974 531 si non sit voluntarium non est peccatum secundum Augu
246 524 975 575 stiuum. Si igitur ille actus non sit in potestate
261 573 977 618 voluntatis modo predicto: sed necessario vo¬
252 605 968 663 luntas eliciat illum actum. voluntas in eliciendo illum
255 660 976 710 actum non peccabit. et per consequens siue sit in po¬
245 699 970 745 testate voluntatis siue non: potest peccare pecca
247 748 967 793 to omnissionis: non peccando peccato commissionis
261 787 971 838 Si dicas quod ille actus comissionis absolute
246 831 970 887 est in potestate voluntatis: tamen supposito illo ante
247 877 977 930 cedente quod peccat peccato commissionis. tunc non est
239 918 980 973 in ptante voluntatis: cum hoc non stat quod peccet il¬
251 966 974 1015 lo actu: sicut ebrius occidens hominem in ebrieta¬
253 1013 970 1060 te facit actum qui non est in ptante sua. quia pro tunc
243 1058 979 1104 non habet vsum rationis: et tamen tunc peccet commit
249 1102 979 1147 tendo homicidium. eodem modo est in proposito.
248 1141 971 1199 ⁋ Respondeo. si talis non habet vsum rationis.
253 1191 971 1237 nec actum voluntatis: tunc nullo modo peccet fa¬
241 1234 983 1282 ciendo illud homicidium non plus quam si non faceret
243 1271 965 1329 et tamen talis meretur duplicem increpationem apud
246 1318 964 1366 homines qui habent iudicare de malefactis ma
247 1362 970 1412 nifestis et non de occultis. et hoc ne euertatur res¬
249 1405 967 1462 publica: sed coram deo non meretur aliquam incre
258 1448 976 1503 pationem: nisi pro primo actu quo voluntarie se
247 1501 974 1550 inebriauit. hoc clarum est. tenedo illam opinio¬
252 1538 970 1589 nem quod solum actus voluntatis est virtuosus vel vi¬
258 1580 958 1629 ciosus et non actus exterior. sic igitur patet quod pec
250 1624 971 1672 catum omnissionis potest esse sine peccato comissio¬
252 1668 974 1721 nis. Similiter peccatum commissionis potest esse si
254 1719 965 1767 ne peccato omnissionis. Quod sit distinctum pecca¬
253 1757 973 1814 tum patet. Nam aliquis obligatur ad non elicien¬
250 1801 974 1853 dum actum contrarium actui alicuius precepti pro
248 1843 973 1895 aliquo tempore pro quo tamen non obligatur ad elicien
253 1892 962 1945 dum affirmationem et positiuum illius precepti.
265 1932 974 1986 Exemplum. aliquis obligatur ad non odiendum
258 1975 966 2028 deum: quando non tenetur positiue diligere deum talis
258 2024 971 2074 igitur potest odire deum. et per consequens peccare
255 2068 964 2124 peccato commissionis: et tamen ille non necessario peo
253 2118 962 2159 cet peccato omnissionis. quia si sic. hoc non esset
253 2157 964 2208 nisi omittendo actum dilectionis oppositum actui
258 2204 977 2249 odii. sed omittendo hanc dilectionem non peccat
255 2244 974 2304 quia regularetur: sicut nullus peccat peccato
259 2288 970 2336 commissionis nisi eliciendo actum quem tenetur
250 2330 971 2379 non elicere. ita nullus peccat peccato omnissio¬
249 2373 975 2427 nis nisi omittendo actum quem tenetur elicere. nunc
257 2418 980 2469 autem per positum quando elicit actum odiendi non te¬
251 2464 977 2512 netur deum pro tunc diligere. igitur etc. Nec obli
255 2512 980 2566 gatur pro tunc ad actum affirmatiuum alicuius pre¬
259 2556 974 2606 cepti: saltem hoc est possibile. igitur potest aliquis
258 2597 977 2659 peccare peccato commissionis: non peccando pec¬
1066 205 1786 266 cato omnissionis. Si loquimur de peccato omnis¬
1069 255 1781 304 sionis: quod est distinctum peccatum a peccato con¬
1062 303 1783 354 missionis sic semper qui peccat peccato commis
1063 346 1790 396 sionis peccat etiam peccato omnissionis. quia qui¬
1066 390 1792 443 cunque peccat peccato commissionis non omittit
1063 432 1796 486 actu quem tenetur omnittere. et per consequens non omnit¬
1069 481 1790 529 tendo illum actum peccat peccato omnissionis. sed
1066 521 1781 568 aliter capitur in precedentibus casibus. et hoc
1074 563 1795 619 quia in illis diciturpeccatum omnissionis: quando ali
1074 616 1789 661 quis omittit actum quem tenetur elicere. hic autem
1072 657 1793 709 quia non omittit actum quem tenetur omittere. et
1062 696 1789 758 ita in primo casu est peccatum omnissionis proprie
1068 741 1784 788 in secundo est peccatum non omnissionis ⁋ Quod autem
1068 788 1789 836 quando aliquis peccat peccato commissionis: non peo
1069 836 1790 876 cat peccato omnissionis tanquam distincto pecca
1065 875 1790 927 to. probatur sicut conclusio precedens de separabi
1060 915 1793 968 litate omnissionis a commissione. quia auti est in
1065 962 1798 1013 ptante omnittentis omittere illum actum: aut non. si
1066 1009 1796 1054 sic. igitur potest illud peccatum omittere libere vel
1057 1057 1781 1103 non omnittere: sicut patet. et per consequens potest non omit
1063 1092 1805 1143 tere. et per consequens non peccare peccato omnissionis
1071 1138 1792 1190 quod est propositum. quia sicut arguitur de vno inta¬
1063 1182 1790 1227 de quolibet si non est in ptante eius non omittere
1065 1223 1795 1278 illum actum. igitur necessario omittit illum. igitur non
1065 1270 1789 1325 peccet. probatur sicut conclusio precedens. ideo di¬
1065 1315 1800 1360 co quod vnum peccatum potest separari ab alio et econ¬
1062 1360 1801 1408 tra. ⁋ Ad ratione pro illo dubio dico ad primam
1062 1402 1808 1449 quod nunquam est peccatum omnissionis: nisi quando quas
1071 1445 1792 1494 facit quod tenetur non facere vel tenetur elicere
1074 1491 1802 1539 actum oppositum etc. et ideo concedo quod talis semper¬
1068 1538 1792 1581 omittit illud ad quod obligatur. sed non semper
1081 1580 1796 1632 permittit distinctum actum ab actu ad quem elicien¬
1068 1621 1795 1678 dum pro tunc obligatur. quia non semper obligatur
1067 1667 1792 1715 ad talem actum: sed omittit istum actum comissionis
1071 1711 1789 1764 quem tenetur non committere. quia istum actum tene¬
1066 1755 1798 1803 tur non elicere. et ideo talis omnissio semper sequi¬
1063 1804 1789 1858 tur peccatum comissionis: sed istud non est pecca
1072 1842 1790 1892 tum distinctum a commissione. ⁋ Si dicas quod omissio
1068 1892 1793 1937 semper necessario sequitur peccatum commissionis
1067 1932 1783 1985 quia talis omissio non est semper peccatum secundum prin
1074 1981 1789 2027 cipia tua. ⁋ Respondeo. verum est quod non est pec¬
1075 2019 1805 2078 catum distinctum a commissione. et dico quod libere
1066 2062 1793 2116 omittit sicut libere committit. quia vtrumque tam
1077 2109 1792 2155 omissio quam commissio est in ptante voluntatis. licet
1075 2151 1808 2199 vnum necessario inferat aliud sicut antecedens
1075 2196 1798 2245 infert consequens. sed sic non est de peccato omnis¬
1074 2240 1790 2289 sionis distincto. quia illud est immediate in ptam
1074 2290 1796 2334 te voluntatis: etiam quocumque peccato comissionis
1068 2327 1798 2386 posito: et aliter non esset peccatum distinctum: sicut
1082 2371 1789 2427 probat argumentum. ⁋ Ad aliud nego assumptum.
1086 2420 1798 2475 quia sicut prius satis efficaciter probatum est ali
1089 2464 1799 2519 quis potest peccare peccato omnissionis: nullum actum
1071 2514 1789 2561 penitus eliciendo: saltem nullum actum peccati: nec
1086 2557 1798 2600 velle contrarium actui illi quem tenetur elicere: nec
1068 2599 1798 2651 nolle illum actum quem tenetur elicere. quia potest de tali
