2250 3082
443 169 1178 237 tionatur agenti. et ideo aliter est ponenda in
457 230 1177 285 principali et aliter in instrumentali quia principa
450 271 1174 328 le agit per exigentiam sue forme. et ideo est talis
462 319 1171 373 virtus qualitas habens suum esse completum. instru
451 358 1159 416 mentale agit inquantum mouetur. et ideo virtus eius
450 408 1166 465 proportionatur motui qui est quoddam ens incom¬
452 442 1175 510 pletum et diminutum. ⁋ Pro ista opinione adducum
463 490 1163 541 tur multe auctoritates et rationes. ⁋ Prima est
469 539 1162 586 Augustini super gene. qui dicit quod tanta est virtus
449 576 1171 632 aque baptismi quod corpus tangit et cor abluit.
465 615 1166 682 Item beda super Tucam. pres tactu mundissi¬
465 674 1174 719 me carnis sue vim generatiuam contulit aquis
453 704 1165 767 ⁋ Preterea. et hec est ratio fundamentalis opi
456 754 1178 810 nionis secundum omnes sacramenta noue legis efficiunt
462 796 1165 848 quod figurant: sacramenta veteris legis non. et
459 847 1177 902 hec est differentia inter illa etc. ⁋ Preterea. ma
467 880 1185 945 gister in littera. homo non querit salutem in sa¬
457 934 1174 980 cramentis quasi in eis: sed per illa a deo. hec
461 971 1169 1033 prepositio a: denotat principale agens: et hec
455 1022 1177 1074 prepositio per causam instrumentalem. ⁋ Item lex
463 1064 1171 1113 noua est nobilissima: igitur habet nobilissima
457 1108 1175 1158 sacramenta: sed nobilius est habere virtutem
471 1147 1178 1203 talem quam non habere. igitur etc. ⁋ Preterea. simi¬
471 1201 1187 1251 litudo debet esse inter generationem humanam
475 1243 1172 1294 est suam regenerationem: et ibi natura disponit. igi
471 1287 1183 1332 tur et hic ⁋ Contra istam opinionem probo quod ra
470 1327 1176 1379 tiones sue contra aliam opinionem non concludunt
477 1370 1178 1426 Prima non: quia causa sine qua non: aliquid plus
468 1417 1184 1465 dicit quam causa per accidens secundum eundem. Sed me¬
462 1454 1182 1513 ritum non est nisi causa sine qua non respectu primii
472 1494 1184 1557 et gratie: quia nec est principalis nec instrume
477 1543 1177 1602 talis. sicut etiam modo passio christi est causa sine
477 1581 1189 1654 qua non respectu gratie: et tamen neutrum est cau¬
462 1630 1187 1682 sa per accidens respectu gratie. Preterea cau¬
470 1672 1183 1733 sa per accidens est illa qua amota nihilominus
480 1727 1180 1783 ponitur effectus. Exemplum de albo quod est cau
471 1757 1186 1816 sa per accidens respectu actus edificandi. sed
469 1815 1193 1859 amotis sacramentis non sequitur aliquid in anima:
474 1845 1190 1904 nec confertur gratia. igitur etc. Secunda ratio com
473 1897 1192 1947 cludit: quia differunt per alium modum: quia illa
474 1930 1177 1988 non significabant ita efficaciter sicut ista. Con
473 1976 1180 2028 tra secundum. gratiam non causat aliquid tale in anima
468 2032 1180 2080 quia illud vel est forma naturalis vel superna
480 2064 1184 2119 turalis. non naturalis: quia tunc quilibet potest
477 2110 1186 2169 eam habere naturaliter. non supernaturalis: quia
481 2162 1196 2204 tunc crearetur. et per consequens sacramentum ni¬
483 2194 1183 2250 hil facit quantum ad istud impressum. ⁋ Preterea
493 2247 1186 2304 quero quomodo illud impraessum erit necessitans
480 2295 1186 2345 respectu gratie aut tantum ex pactione diuina
481 2326 1187 2388 aut est dispositio aliqua actiua vel passiua. non
486 2386 1181 2430 primo modo: quia eque potest dici quod sacramenta
486 2417 1192 2472 sunt necessitas respectu gratie ex pactione di¬
487 2461 1202 2518 uina. nec secundo et tertio modo: quia gratia crea
489 2503 1192 2557 tur et anima est passiuum sufficienter dispositum. Con¬
486 2542 1202 2616 tra tertium quod non sit talis virtus in sacramentis
1284 168 1988 231 arguo per argumenta istius. Primo quia in nul
1285 222 2006 273 lo genere potest poni: quod non in genere substantie.
1278 271 1987 324 certum est nec accidentis. patet discurrendo per
1272 310 1985 361 singula praedicamenta ⁋ Ad istud dicitur quod ens
1274 351 1996 403 incompletum quod est in anima diuiditur contia
1275 401 1990 441 ens distinctum et completum per nouem genera. et
1267 441 1994 494 ideo tale ens non est in genere nisi per reductio
1272 485 1981 541 nem sicut motus. et ideo hec virtus reducitur
1278 538 1994 591 ad idem genus in quo est virtus completa prin ¬
1283 570 2000 626 cipalis agentis: que est qualitas in quo esset si
1282 614 1987 663 esset in genere. quia virtus increata non est in
1272 661 1987 715 genere. ⁋ Contra. nihil est in genere per redu¬
1272 715 1997 762 ctionem: nisi quod est intrinsecum illi quod est in gene
1275 754 1988 801 re per se sine quo non potest esse. patet de materia
1279 797 1990 843 et forma. igitur cum ista virtus non sit aliquid ali
1272 835 1996 896 cui intrinsecum: quod est per se in genere non erit:
1278 881 1997 944 in genere per reductionem ⁋ Preterea. accipit.
1281 922 1997 977 falsum. quod ista virtus est in eodem genere cum for
1274 966 1987 1017 ma principali. quia virtus influxa calori non est
1278 1008 1993 1065 in eodem genere cum anima vegetatiua. igitur
1278 1055 1999 1104 similiter nec in proposito. quia aliter esset illa
1277 1098 1996 1148 virtus in eodem genere modo in quo est deus
1288 1143 2011 1197 cum ipse sit agens principale. Similiter si deus
1288 1188 2011 1246 esset in genere: esset in genere substantie. et ita¬
1287 1225 2011 1284 ista virtus esset in genere substantie per redu
1287 1279 2009 1332 ctionem. ⁋ Preterea. illa virtus aut computatur
1290 1315 1996 1367 inter dona maxima: aut minima aut media. Non
1294 1368 1993 1414 inter maxima vel minima vt certum est ergo inter me¬
1287 1412 1999 1466 dia. et tunc esset potentia vel habitus. Si dicitur quod sicut
1281 1460 2012 1504 ista virtus non potest poni in genere nisi per redu
1293 1495 2002 1548 ctionem: ita nec constitui in aliquo gradu boni
1284 1547 2005 1593 nisi per reductionem. reducitur autem ad bona
1284 1576 2005 1633 maxima cuiusmodi est gratia: que quodammo¬
1296 1627 2005 1678 do est completum istius virtutis et finis eius.
1272 1672 2009 1731 ⁋ Contra. reductum ad gradum bonitatis alterius
1284 1707 2008 1771 est in eodem genere cum illo ad quod reducitur
1294 1752 2002 1811 sed virtus non est in eodem genere cum gratia.
1287 1809 1996 1857 quia prius dixit quod esset in illo genere per redi
1296 1839 2014 1894 ctionem in quo esset forma principalis agentis.
1289 1883 2014 1946 igitur non est in eodem genere cum gratia. ⁋ Pre
1296 1939 2002 1980 terea. si sic. tunc omnes actiones nostre natura¬
1300 1976 2005 2028 les ordinate ad beatitudinem essent bona maxi
1290 2019 2015 2077 ma et qualitates ordinate ad animam intellecti
1296 2062 2015 2113 uam essent in eodem genere cum anima intelle
1293 2110 2009 2164 ctiua per reductionem ⁋ Preterea. virtus spi¬
1287 2147 2007 2208 ritualis non potest esse subiectiue in re corporali
1303 2193 2011 2251 gitur non est in sacramentis ⁋ Dicitur quod verum
1297 2233 2018 2292 est secundum suum esse completum. tamen secundum suum esse
1296 2277 2012 2333 incomplentum potest per modum intetionis sicut in
1297 2328 2012 2386 instrumentis motis ab artifice est virtus artifi
1297 2369 2016 2420 cis et sermo audibilis existens causa discipline.
1296 2419 2011 2475 ita de sensu et sensato que continent intentiones
1308 2454 2005 2509 anime quodam modo: et in motu est virtus substantime
1301 2502 1999 2559 separate mouentis secundum philosophos: et semen agit in vi¬
1297 2533 2020 2612 tute anime. ⁋ Contra. quero. an ista virtus dicatur
