2242 3080
458 192 1163 276 sita quod oppositum includit contradictionem est realiter idem cum
453 255 1159 329 illo subiecto. dico quod illa propositio est distinguenda: quia
453 301 1167 363 esse vno modo idem est quod inherere realiter sicut accidens ines
462 348 1169 410 subiecto et formamaterie. Alio modo idem est quod prae¬
459 390 1172 460 dicari. primo modo est propositio impossibils propter falsam implica
459 440 1170 495 tone quia implicat aliquod tale inese sic alicui subiecto
455 476 1177 537 neccessario et tamen quod sit idem realiter: quae formaliter repugnant
464 520 1165 590 qui ex hoc quod sic inest distinguitur realiter ab illo. secundo
458 568 1163 631 modo dico quod potest esse talis praedicatio ita quod vtque terminus
459 609 1180 677 supponat pro se: et tunc propositio pria est vera. sed mi¬
458 656 1173 721 nor tunc est falsa: quia illo modo passio numquam inem subie
476 703 1166 762 cto. Si enim in ista propositione. omnis homo est risibilis vtrquo
478 742 1184 801 terminus supponeret pro se ipsa esset simpliciter impossi¬
476 786 1176 848 bilis: quia tunc denotaretur quod iste conceptus esset ille.
474 830 1169 899 et quod passio esset subiectum: quod est impossibile. Aliter potes
471 873 1189 945 vterque terminus supponeren pro se sed prore. et tunc est
472 916 1184 982 minor va: et maior falsa: quia tunc nooportet quod illud quod
474 961 1180 1034 praedicatur necario de aliquo sit illud realiter nec for¬
474 1004 1166 1076 maliter. et quando dicitur quod prius naturaliter alio potest esse samn ess
471 1049 1178 1120 absque contradictione. de ista propositione dico quod est vera dierebus
470 1093 1172 1160 ex animam: sed siue sit vera siue falsa de entibus in anima non est
483 1140 1174 1199 ad propositum: quia ad conclusionis demonstrationem sus
476 1181 1178 1249 ficit cum aliis conditionibus quod illa conclusio sit necca¬
474 1226 1172 1287 ria: ita quod nullo modo possit esse falsa. sed si propositio
477 1272 1172 1331 sit: quod ipsa sit necsario vera: siue autem subiectum pos
479 1315 1175 1382 sit esse. sine praedicato vel econuerso siue non nihil ad
473 1357 1183 1425 propositum. ⁋ Ad aliud quod innuitur quod risibilitas non
480 1411 1183 1461 distinguitur realiter ab homine nec formaliter: nec dicit re
471 1456 1177 1516 spectum rationis nec realem: et tamen est passio. Respondeo quod
485 1488 1192 1559 risibilitas dicit aliquam rem distinctam realiter ab homine.
477 1538 1189 1604 qui risibilitas: ridere: risus: risibile et huiusmodi habent
473 1577 1183 1643 aliquod idem significatum quod primario vel secundario
482 1621 1183 1687 per omnia ista importatur: et propter hoc potest esse passio. ⁋ Et
481 1667 1192 1724 si quaeratur de ipsa risibilitate quae est a parte rei: quo modo il
491 1709 1184 1768 la distinguitur ab homine: an realiter an formaliter. dico
486 1752 1208 1828 quod omnes tales propositiones de connotatiuis procedunt ex.
487 1797 1195 1854 ralsa ymaginatione qua ymaginantur quod talia habeant
488 1839 1189 1903 quid rei: cum tamen habeant quid nominis tantum: ymaginantur enim
496 1886 1192 1952 quod risibilitas sit aliquid vnum simpliciter a parte rei et ideo
491 1929 1189 1994 dicitur risibilitas realis sicut homo vel albedo est aliquid vnum
491 1972 1192 2030 a parte rei: ita ymaginantur de aliis connotatiuis: sed
486 2015 1192 2075 ista imaginatio est falsa: non enim risibilitas nrec ap
488 2060 1193 2127 titudo: nec aliquid tale dicit aliquid vnum a parte rei:
495 2105 1186 2171 nec per se: nec per accidens: nisi forte ex consequenti: sed
488 2148 1192 2209 dicit multa simpliciter aliquo modo equiualenter complexo
486 2185 1201 2249 composito ex illis: quia equiualent alicui complexo: vt
489 2236 1193 2296 risibile equiualet isti aliquo modo: aliquid potens ri¬
485 2275 1194 2336 dere: itam dealbabile: aliquo modo equiualet isti ali
492 2323 1204 2388 quid potens albari: ita quod quicquid importatur per hoc comple¬
483 2368 1201 2426 xum importatur etiam aliquo modo per illud incomplexum: et quia
487 2423 1193 2468 in talibus quicquid importatur per concretum importatur est per ab¬
490 2456 1199 2515 stractum: ideo tale complexum et quicquid importatur per quan
492 2499 1192 2562 cunque parte illius complexi: aliquo modo importatur per il¬
503 2544 1195 2598 lud abstractum: et ideo non debet plus quari quid rei de illo
501 2586 1208 2658 abstracto quam de illo complexo: sed tantum quarendum est quid
1280 175 1984 266 nominis: et ideo non quaerendum est quid est risibilitas a parte rei sed
1272 242 1982 302 tantum quid risibilitas significat. etest respondendu quod signi¬
1272 285 1978 347 ficat quod aliquid potest ridere. et ideo proprie loquendo de
1277 329 1975 400 virtute sermonis nihil quod precise significat aliquid
1284 385 1975 440 vnum: et non significat multa est de aliquo tali abstra
1285 418 1987 478 ctopraedicabile: sed tantum consimilia abstracta sicut est de
1283 462 1975 522 cecitatode qua nihil praecise significans vnum potest
1278 506 1979 576 praedicari a quocumque emnm demonstrato. hoc est falsa. hoc est
1274 552 1987 617 cecitas. ⁋ Si dicitur quod hoc non est positiuum sed tantum praeuatio
1272 596 1984 662 respondeo quod puatio et vniuersaliter negatio dicit praecise
1272 637 1982 709 aliquas res vel rationes: et ita non est ymaginandu quod pri¬
1274 680 1984 753 uatio vel negatio sit aliquid conceptibile distinctum
1278 727 1984 787 a rebus positiuis vel rationibus: sed dicit illas: sicut non homo
1284 770 1981 833 dicit aliquid quod non est homo: eodem modo cecitas dicit ocu
1274 814 1978 882 lum non potentem videre. et ideo satius simile est de istis: et de
1279 858 1991 928 aliis. Potest tamen poni exemplum in aliis: quia creatiui¬
1278 903 1985 971 tas properie de nulla re vna praedicatur. non enim potest dici
1277 949 1989 1017 quod deus sit creatiuitas nec creatura: quia creatiui¬
1278 990 1971 1059 tas non dicit aliquid vnum: sed dicit hoc totum quod est aliquo
1274 1032 1982 1101 quod potest de nihilo aliquid producere. eodem modo est de po
1280 1078 1982 1144 tentialitate materie: quia potentialitas materie non
1276 1122 1985 1180 dicit aliquid vnum: quia nec rem absolutam nec respecti¬
1286 1164 1996 1235 uam realem: nec respectum rationis: quia vere materia est in
1286 1220 1984 1274 potentia omni actu intellectus circumscripto: et per consequens
1284 1256 1999 1329 sni omni respectu rationis: Qic quod materia potest habere for¬
1281 1302 1994 1360 mam quam modo non habet. et ideo in multi argumenter est falla¬
1283 1348 1987 1402 cia figure dictonis sub nomine simpliciter absoluto ad
1281 1386 1984 1449 cipiendo nomen connotatiuum: sicut sic arguendo. quie
1287 1433 1985 1491 quid potest deus mediante causa secunda potest immediate per se
1292 1478 1988 1534 sed actum meritorium potest producere mediante actu vo
1286 1518 1996 1585 luntatis: ergo sine eo. et sic de aliis multis in quibus semper est fal
1290 1563 1994 1630 lacia figure dictionis: quia comutatur quid in aliquid se
1292 1614 1993 1664 cundum vnum modum loquendi vel in connotatiuum secundum a¬
1286 1653 2003 1713 lium modum loquendi. ⁋ Tame sciendum quod risibilitas.
1294 1705 1997 1759 aptitudo: et huiusmodi abstracta multa apud philosophum
1286 1750 1991 1802 equiuoce accipiuntur. nam aliquando accipiuntur et suppo¬
1287 1789 1993 1841 nunt pro eodem: pro quo supponunt sua concreta: et sic
1298 1832 1994 1889 esset concedendum quod risibilitas est homo. aliquando suppo¬
1296 1870 1994 1937 nunt pro vno aggregato ex omnibus quae importantur siue pri¬
1301 1927 1994 1970 mo siue secundario per ipsum id est aliquando supponunt praeci
1293 1956 1994 2022 se pro ipsis concretur. ⁋ Ex istis patet consequentur quod conceptus
1299 2002 1997 2069 talis denominatiuus praedicabilis secundomodo non causatur pri¬
1281 2053 1991 2114 cise a re de qua praedicatur ante omnem conceptum alterius. est
1303 2079 1988 2155 praesupponit conceptu cuiumscuque quod importatur per ips
1296 2138 2003 2186 et ideo iste conceptus creatiuum non potest haberi nisi cogni¬
1299 2176 1996 2235 to aliquo quod non est deus. patet etiam quam non est dicendum quam
1292 2228 1992 2278 eadem res sub vno conceptu est subiectum: sub alio
1292 2268 1997 2331 conceptu est passio: quia ipsa res nec sub vno conceptu
1300 2308 2005 2366 nec sub alio est passio: sed ipse conceptus est passio. Con¬
1286 2356 1993 2419 tra tamen praedicta vivetur esse aristoteles id est thopri. quia per eum pro
1307 2402 2007 2452 orium distiguitur a diffinitione per hoc quod diffinitio dicit
1302 2442 1996 2502 quid et proprium accidens. Similiter secundum linconiensem id est poste
1297 2499 2009 2549 ca. de per se in primo modo quidditas subiecti egredie
1302 2533 2000 2586 tur a quidditate praedicati in secundo econuerso: ergo
1295 2572 2012 2639 in primo modo subiectum distinguitur realiter a praedicato
