2259 3093
284 210 988 284 soluta quam respectus non quin ille predicte con
278 270 986 327 ditiones possent competere relationi: sed pre
273 325 988 380 pter aliquas rationes alias a predictis. quarum
275 366 986 427 prima est quod nunquam potest talis respectus nouus
276 409 997 460 acquiri sine motu locali vel mutatione alteri¬
278 451 994 504 us extremi. Exemplum. de vbi quod non potest ad
284 494 983 556 quiri sine motu locali vel mutatione: nec respe
291 545 982 596 ctus actionis et passionis sine locali: non sic quod
276 587 989 645 posita approximatione necessario sequatur acto
287 635 987 684 quia deus potest suspendere actionem ignis ap
281 675 997 733 proximati per tempus et postea coagere ipsi igni¬
280 719 989 772 et tunc ignis agit qui prius non agebat: et erit
281 761 988 818 respectus actonis nouus sine omni approxima
275 810 998 859 tione noua. et per consequens sine omni motu
276 847 989 904 locali: sed caracter potest imprimi in animam sine
280 895 997 946 omni mutatione in anima vel in sacramentis ter¬
285 936 1001 991 minata ad caracterem et sine omni mutatione
279 980 1004 1036 locali et sine omni mutatione noua. igitur vide¬
280 1031 997 1080 tur quod sit aliquid absolutum. Si propositio ad
284 1068 1007 1126 cepta de respectu videtur habere instantias
279 1114 1000 1167 aliquas. vna est de vnione materie et forme. nam
289 1157 1000 1217 materia et forma sunt in eodem situ existentes si
286 1203 1003 1259 ne omni mutatione locali et motu potest forma
289 1249 1001 1301 que prius non informabat modo informare per
288 1296 1007 1353 potentiam diuinam. Secundo de vnione nature
285 1339 997 1388 assumpte ad verbum que sine aliqua mutatio
295 1377 1000 1438 ne alia vel in situ vel in aliquo alio potest esse
282 1433 1006 1483 prius non vnita et post vnita. ergo respectus
289 1473 1009 1522 nouus potest acquiri sine omni mutatione alte
283 1511 1001 1569 rius extremi. Sed licet propositio predicta ha¬
291 1559 1013 1611 beat plures instantias tales: quia tamen in ca¬
279 1597 997 1658 ractere non habent ille instantie locum. ideo
285 1650 1009 1701 propositio videturratio efficax. Preterea que
292 1693 1013 1745 libet relatio actualis realis habet duo extre¬
285 1728 998 1786 ma in actu. quaero igitur que sunt extrema istius
286 1785 1000 1834 respectus non potest dari nisi anima rationalis et
285 1818 1003 1868 deus vel aliquod accidens absolutum in anima: quia
297 1867 997 1920 anima rationalis per hoc quod recipit caractere noe
292 1916 997 1963 habet respectum nouum extra se ad aliquod corpe
297 1962 1006 2006 rale vel spirituale manifestum est quod excepto deo
299 1999 1008 2052 non potest poni alterum extremum esse accidens
298 2044 1015 2096 absolutum in anima: quia illud si poneretur maxi¬
291 2084 1012 2138 me esset gratia: sed hoc non. probatur: quia ca
292 2135 1014 2183 racter potest esse sine gratia sicut patet per pre¬
298 2183 1007 2233 dictam decretalem. nec deus potest esse alter
294 2215 1006 2272 rum extremum: quia non videtur quod sint plures
292 2262 1007 2313 respectus creature ad deum quam respectus cau
297 2308 1012 2360 salitatis in quocumque genere respectu vnionis
297 2360 1006 2407 spiritualis quorum nullus ponitur caracter. ig: i
303 2400 1021 2447 conuenientius potest dici quod si aliquid tale im¬
310 2439 1012 2502 primatur quod sit absolutum quam respectiuum ⁋ Quant
303 2487 1012 2543 to dico quod si potentie anime non distinguntur ab
297 2529 1022 2584 anima nec inter se quod tunc caracter ponitur in es¬
301 2571 1024 2634 sentia subiectiue et non in potentia: quia intel
300 2620 1027 2683 lectus et voluntas non differunt secundum istam viam
1093 211 1805 286 nisi quia intellectus connotat actum intelligen¬
1098 274 1814 324 di et voluutas connotat actum volendi. sed es¬
1096 319 1810 371 sentia anime non connotat aliquem actum: et ideo si
1098 362 1808 411 caracter esset in intellectu propter intellectio
1095 405 1805 455 nem quam connotat. hoc esset: quia esset principi
1101 453 1805 498 um actus intelligendi. quod non est verum: quia
1096 496 1808 545 credo quod nullus actus est principium nec ad ali
1096 538 1817 589 quem actum inclinat. et ideo melius dicitur secundum
1096 583 1808 628 istam viam quod est in essentia anime subiectiue que
1099 624 1823 682 nullum actum connotat quam in potentia que con
1098 672 1817 717 notat actum et tunc esset simile. de illo caracte
1095 714 1811 763 re et habitu religiosi per quem distinguitur a com¬
1102 763 1819 811 muni populo et alligatur ad certas obseruan¬
1101 804 1817 852 tias qui tamen habitus non est principium cu
1096 847 1823 894 iuscumque actus: quia ad nullum actum inclinat
1101 894 1817 943 sic in proposito caracter est signum obligato¬
1102 937 1817 982 rium anime ad deum quale signum et obligationem
1092 988 1817 1032 non habent alie anime. si tamen potentie distin¬
1102 1025 1814 1074 guerentur realiter sicut dicit alius opinans ad
1098 1068 1823 1121 huc conuenientius poneretur caracter in volun¬
1104 1114 1816 1163 tate quam in intellectu. Cuius ratio est: quia cara
1101 1158 1826 1202 cter maxime ponitur in illo quod est principium
1102 1197 1829 1245 merendi huiusmodi autem est voluntas non in
1095 1242 1816 1294 tellectus secundum istam viam. igitur etc. Et etiam tunc
1101 1294 1825 1338 voluntas esset potentia nobilior quam intellectus
1101 1329 1835 1379 et per consequens tunc conuenientius est pone¬
1098 1376 1819 1423 re caracterem in voluntate quam in intellectu.
1107 1421 1819 1470 ⁋ Quinto dico quod caracter conuenientius debui
1116 1465 1832 1519 prioni in prima vel in tertia specie qualitatis quam
1101 1505 1834 1563 in secunda: quia potentia naturalis que est in se¬
1113 1549 1835 1604 cunda specie dicitur in respectu ad actum acti¬
1117 1595 1834 1644 ue vel passiue quorum neutrum conuenit caracte
1107 1647 1828 1686 ri. non enim dicitur caracter potentia naturalis
1115 1682 1831 1739 actiua respectu actuum naturalium: quia ad omnes
1116 1733 1841 1784 actus naturales sufficiunt habitus naturales
1114 1773 1838 1816 et infusi. nec est potentia naturalis actiua re¬
1116 1817 1832 1867 spectu actuum supernaturalium: quia tales actus
1111 1860 1829 1906 sunt immediate a deo. nec potest esse potentia
1116 1903 1829 1959 passiua quia anima rationalis est passiuum suffici
1116 1956 1832 2002 ens respectu omnium actuum. Sexto dico quod cara¬
1119 1993 1830 2043 cter non est simpliciter indelebilis: quia aut est ali
1122 2037 1825 2089 quid absolutum aut respectiuum. si est aliquio
1123 2082 1835 2131 absolutum et est posterius subiecto potest deus
1113 2130 1826 2177 separare subiectum ab illo accidente absoluto
1107 2170 1829 2222 et conseruare. hoc patet: quia deus potest face¬
1113 2213 1828 2261 re subiectum sine caractere certum est. igitur
1113 2256 1837 2313 potest caracterem impressum destruere et sub¬
1119 2304 1834 2354 iectum conseruare. ex quo nullam contradicti
1120 2344 1841 2394 onem implicat. si sit respectus adhuc potest de¬
1119 2394 1841 2438 leri: quia nulla relatio distincta realiter a cre¬
1119 2435 1828 2484 atura est simpliciter indelebilis ab ea nisi illa quae
1122 2478 1845 2530 est creature ad deum in ratione cause si ipse sit
1114 2521 1832 2583 indebilis. igitur etc. Septimo dico quod iste con¬
1123 2567 1843 2618 ditiones attribuuntur caracteri: ita scilicet quod est
1119 2618 1846 2676 significatiuum gratie dispositiuum rationis me¬
