2214 3083
421 206 1132 273 moratiuum distinctiuum configuratiuum et obli
432 275 1138 327 gatiuum ⁋ Quantum ad primam conditionem
433 321 1136 367 dico quod est significatiuum gratie non ex natu¬
420 353 1132 406 ra rei et naturaliter: sed ex institutione diuina.
426 400 1138 458 quia sic ordinauit quod baptisatus ad hoc quod reci
424 453 1130 498 pit gratiam prius aliquo modo recipit caracte¬
424 489 1133 538 rem. et posito tali caractere recipiat gratiam ni¬
424 528 1132 585 si ponat obicem. Est etiam dispositiuum tanquam cau
421 578 1132 623 sa sine qua non. et hoc solum ex veroluntate et. or
420 621 1129 667 dinatione diuina et non ex natura rei: quia licet
420 662 1129 715 in naturalibus non ponatur causa sine qua non
416 704 1132 759 tamen in voluntariis potest poni sicut prius
417 753 1130 805 dictum est. et ideo caracter potest esse tale si¬
417 792 1129 850 gnum dispositiuum sine quo deus non vult infun¬
417 848 1126 894 dere gratiam. Est etiam rememoratiuum et re
426 884 1126 930 cordatiuum suscepti sacramenti. tamen ex or¬
420 931 1133 975 dinatione diuina in voluntate que vult cara¬
418 969 1136 1022 cterem sic ducere in noticiam sacramenti susce
435 1015 1142 1066 parti et non est tale signum ex natura rei. Est simi
418 1058 1130 1107 liter signum distinctiuum. et hoc competit sibi na
427 1101 1139 1158 turaliter sicut cuilibet alteri forme. Est nihilo
414 1145 1139 1197 minus assimilatiuum. et hoc naturaliter: quia non
417 1189 1130 1249 assimilat nisi sicut alie res. Est tandem signum
420 1233 1126 1286 obligatiuum sicut habitus in viro religioso et hoc
423 1281 1135 1332 solum habet ex institutione diuina et non ex na¬
418 1323 1133 1384 tura rei. ⁋ Sed contra predicta sunt aliqua du
426 1369 1129 1414 bia. ⁋ Primum est vtrum aliquis adultus recipi
420 1412 1142 1457 at baptismum si nec dissentiat nec consentiat. vi¬
423 1454 1132 1510 detur quod sic: quia paruulus nec dissentiens nec
408 1506 1129 1547 consentiens recipit baptismum. igitur adultus
427 1544 1133 1594 consequentia patet: quia adultus non est peioris
427 1587 1129 1635 conditionis quam paruulus. igitur etc. ⁋ Secudum est
424 1631 1142 1675 de caractere: quia non videtur quod sit forma ab¬
420 1673 1142 1725 soluta: quia secundum philosophum secundo ethieorum et alibi in anima
421 1721 1142 1772 sunt tantum quattuor: scilicet potentia et habitus
426 1760 1132 1818 actus et passio. sed caracter non est aliquod illorum
423 1810 1138 1860 patet per predicta. Preterea res absoluta po
420 1854 1132 1904 nitur propter operationem: sed caracter non per
432 1892 1126 1946 te igitur ⁋ Tertium est. quia non videtur quod aliqua
419 1944 1139 1985 qualitas sit in tertia specie qualitatis: nisi tam¬
423 1979 1133 2024 tum sensibilis: quia sicut omne spirituale est in¬
426 2022 1135 2072 telligibile ab intellectu: ita omne corporale est
433 2061 1138 2122 ensibile a sensu ⁋ Quartum est vtrum isti cara¬
420 2113 1136 2161 cteres impressi in diuersis sacramentis sunt eius
429 2157 1139 2202 dem speciei vel alterius. ⁋ Ad primum istorum dico
428 2201 1133 2255 quod de intentione eclilaiae raomane et de mente san¬
420 2239 1135 2293 ctorum est quod in adulto requiritur assensus de pre¬
424 2287 1148 2334 senti vel de preterito sicut patet in illa decre¬
426 2333 1138 2385 tali extra de baptismo et eius effectu. maiores.
426 2378 1133 2426 vbi dicit quod contradicentes et dissentientes non
426 2422 1136 2475 recipiunt baptismum nec caracterem: tamen in
433 2472 1134 2520 adulto non requiritur consensus actualis de pre
423 2511 1142 2564 senti nec virtualis. non actualis: quia furiosi pos¬
423 2549 1136 2600 sunt recipere baptismum et eius effectum si sint
415 2595 1142 2664 dispositi: licet. tunc non consentiant actualiter
1248 196 1982 275 puta si prius consentianti et non dissentiant an¬
1251 266 1971 320 te furiam. nec requiritur cosensus habitualis
1245 315 1981 358 quia habitus generatur ex actibus. ponamus
1248 354 1976 400 ergo quod adultus primo consentiat et post habi¬
1251 396 1973 452 tus generatus ex vno actu corrumpatur per ces
1236 441 1966 492 sationem actus: et quod non dissentiat postea. iste
1255 483 1970 534 potest baptisari: et tamen nullum assensum ha¬
1239 528 1957 579 bitualem vel virtualem habet. et per consequens
1248 574 1966 627 videtur sufficere ad recipiendum baptismum
1236 616 1957 670 et effectum semel in preteritum consentire. et
1242 664 1961 711 post non dissentire. postea quantumcunque nec con¬
1234 710 1967 758 sentiat actualiter nec habitualiter. Et quando
1243 751 1955 795 dicitur quod non est peioris conditionis etc. dico
1236 791 1957 850 quod adultus propter multa peccata que commisit
1251 837 1951 895 que non potest committere paruulus est peioris
1239 880 1952 928 conditionis intantum quod non recipit rem facra
1243 924 1957 976 menti nisi peniteat. et si ante penitentiam effice
1248 970 1970 1022 retur furiosus et tunc baptisaretur: tunc non reci
1245 1017 1967 1067 pit rem neque effectum baptismi. et talis adultus
1236 1060 1967 1105 est peioris conditionis quam paruulus. tamen adul
1243 1101 1961 1152 tus sine omni peccato existens non est peioris con
1242 1148 1976 1193 ditionis quam paruulus quantum ad susceptionem
1236 1187 1969 1247 sacramenti: et statim potest recipere baptismum
1251 1237 1955 1283 et effectum baptismi dummodo consentiat vel con
1239 1275 1970 1324 senserit de preterito et post non dissentiat ⁋ Ad
1237 1322 1961 1376 aliud dico quod licet non sint plura in anima ad quo
1237 1369 1967 1421 rum cognitionem possumus deuenire per co¬
1236 1416 1966 1465 gnitionem intuitiuam vel abstractiuam sicut
1246 1453 1964 1507 operationes delectabiles et tristicie cognoscum
1236 1501 1975 1556 tur intuitiue et habitus abstractiue et arguiti¬
1242 1547 1966 1594 ue propter hoc tamen non sequitur quod non sunt
1236 1584 1976 1643 plura in anima: quia sicut sunt aliqua accidentia
1241 1630 1964 1677 corporalia que tamen per sensus non potest co¬
1241 1672 1966 1731 gnoscere vt qualitas in herbis et venenis. quia
1248 1724 1963 1774 visus et quilibet sensus determinatur ad certa
1239 1764 1964 1822 obiecta in que potest ita quod non in plura. eodem
1254 1813 1975 1859 modo possunt esse aliqua accidentia spiritualia
1245 1850 1972 1897 que tamen intellectus non potest cognoscere
1245 1896 1966 1946 quia intellectus determinatur pro isto statu ad
1239 1936 1963 1986 certa obiecta et non vltra. de quorum numero vide
1245 1988 1966 2036 tur esse caracter. Ad secundum pro illo dubio nego
1239 2032 1963 2078 assumptum: quia quantitas est forma absoluta et ta
1240 2074 1970 2127 men non est de potentiis actiuis sed passiuis
1242 2119 1967 2170 secundum commentatorem quarto phisicorum. caplso de
1247 2162 1970 2211 vacuo. eodem modo est de qualitatibus de quar
1242 2204 1964 2256 ta specie qualitatis. Aliter potest dici quod licet quan¬
1242 2243 1979 2294 titas et omnis forma absoluta sit actiua respe¬
1248 2287 1967 2342 ctu intellectus nostri saltem quasi obiectum hoc
1242 2335 1967 2388 tamen non est concedendum de caractere: quia
1240 2379 1970 2432 nullam actiuitatem habet respectu nostri in¬
1239 2420 1967 2476 tellectus in via. quod forte est ex defectu intelle
1249 2464 1958 2514 ctus nostri vel ex ordinatione diuina. Ad ali
1242 2508 1961 2565 ud dico quod sicut non est inconueniens quod sit aliquo
1243 2559 1970 2609 materia naturalis extensa: et tamen quod non pos¬
1243 2602 1964 2656 sit apprehendi ab aliquo sensu vel intellectu
