2276 3078
432 223 1138 293 frigidam nisi prius expellat frigiditatem. Ideo
431 280 1148 345 primo videndum est de expulsione culpe: et quia
425 322 1150 392 pena non debetur nisi culpe. Ideo secundo viden
441 367 1151 434 dum est de remissione pene et de collatione gra¬
429 421 1147 472 tie ⁋ Quantum ad primum articulum dicitur quod
432 451 1142 529 in generatione qualibet per inductionem for
436 498 1142 561 me omnis forma contraria expellitur et etiam dis¬
431 542 1154 614 positio ad formam contrariam. sed baptismus
438 585 1153 652 est generatio in vitam spiritualem sed gratia et culpa sunt
429 634 1148 688 contraria. igitur in baptismo infusio gratie tol
432 674 1152 740 lit culpam actualem originalem et venialem quam¬
425 729 1143 777 tum est de se. Licet hec conclusio sit vera vt supr
429 764 1141 833 pono. tamen ratio non valet quia supponit quod
439 805 1150 867 omne peccatum est contrarium gratie. quod tamen
433 852 1145 921 est falsum loquendo de absoluto in gratia et in
429 905 1150 960 peccato. hoc patet primo de peccato origina¬
432 941 1153 999 li: quia quandocunque sunt due forme absolute
438 985 1159 1044 disparate possibiles creature rationali cum exi
436 1033 1162 1087 stentia vnius forme potest stare carentia alte
438 1071 1150 1133 rius forme que sibi non contrariatur et cum de
432 1115 1160 1176 bito habendi illam formam. sed gratia et iusti¬
441 1161 1150 1218 cia originalis sunt huiusmodi forme. igitur gra
442 1211 1154 1266 tia potest stare cum carentia iusticie origina¬
447 1249 1162 1305 lis et debito habendi. eandem. igitur gratia
449 1293 1150 1361 quantum ad esse absolutum in ea potest stare cum
438 1337 1167 1406 peccato originali. Sed tamen accipiendo gra¬
447 1390 1167 1439 tiam prout facit aliquem esse gratum deo siue
432 1423 1156 1485 hoc sit per aliquam formam infusam sine omni ta
450 1469 1162 1527 li forma. talis inquam gratia repugnat omni pec
439 1515 1165 1570 cato tam originali quam actuali: quia per gratiam
447 1559 1163 1615 sic acceptam fit aliquis gratus deo a per pec¬
444 1601 1169 1670 catum fit inimicus: et ideo non stant simul. Se
449 1651 1160 1709 cundo patet idem de peccato actuali: quia pec
445 1694 1163 1745 catum actuale non dicit aliud quam actum aliquem
447 1744 1162 1792 absolutum preteritum per quem quis obliga¬
438 1781 1166 1834 tur ad penam. nunc autem ille actus absolutus
453 1835 1162 1878 vel habitus derelictus ex eo et gratia primo mo
449 1867 1169 1920 do accepta non repugnant: quia forme abso¬
453 1909 1166 1969 lute disparate sunt. igitur possunt esse simul in
445 1960 1168 2012 eodem: nec illa obligatio ad penam repugnat
453 2007 1168 2061 gratie sic accepte: quia nulla pena repugnat
447 2050 1165 2103 gratie sic dicte: quia non est contradictio quin
456 2089 1174 2148 potest esse in diabolo. similiter illa obligatio
450 2135 1177 2190 non dicit aliquid absolutum in anima distinctum
460 2177 1172 2229 ab actu et habitu nec respectum realem: quia
459 2220 1181 2281 suus terminus non est. igitur tantum respe¬
462 2268 1168 2319 ctum rationis si sit aliquis respectus: sed talis
457 2317 1169 2365 respectus non repugnat forme absolute in gra¬
469 2363 1172 2412 tia primo modo dicta. tamen obligatio ad penam
455 2399 1174 2448 eternam bene repugnat gratie secundo modo dicte.
452 2440 1186 2499 ⁋ Ideo: dico quantum ad istum articulum quod tantum creditum
470 2482 1178 2540 est omnem culpam in baptismo remitti: nec potest hoc
464 2529 1180 2590 ostendi ratione naturali. quia non per repugnam
472 2578 1174 2626 tiam formalem peccati et gratie. quia licet pe
472 2620 1184 2674 na et gratia repugnant formaliter actui pecca¬
1253 214 1978 276 ti praesentis vel habitui vicioso: non tamen actui
1259 271 1968 330 preterito qui nullum habitum relinquit nunc. quia
1260 323 1978 373 prius forte corrumpitur nec repugnat obliga
1257 366 1979 410 tioni ad penam. et ideo potest deus de poten¬
1263 398 1972 452 tia sua absoluta remittere culpam sine omni in¬
1251 445 1963 491 iusticia. sicut potest aliquem punire sine omni
1251 487 1976 544 demerito absque hoc quod dicatur iniustus. licet il
1262 533 1975 588 la punitio non esset proprie pena. quia pena cor
1257 581 1979 627 respondet culpre: sed magis diceretur dolor. Und
1260 622 1979 673 de sicut deus semper potest continuare et deti
1260 668 1976 715 nere in brutis vnum brutum sine omni peccato
1269 708 1978 769 vel iniusticia a parte sui. ita eodem modo potest
1257 755 1975 820 facere cum homine. ⁋ Si dicatur quod deus est de
1262 796 1973 851 bitor primii pro meritis. ⁋ Tesposio: dico quod deus
1264 851 1972 896 nullius est debitor: nisi quia sic ordinauit. de po
1256 883 1975 947 tentia tamen absoluta potest facere contrarium
1260 928 1970 992 cum creatura sua sine omni iniuria. Creditur
1256 973 1975 1023 tamen quod omnis tulparemittatur in baptismo
1270 1019 1970 1075 ex eius ordinarionos nisivecipiens ponat obi¬
1265 1060 1975 1112 cem: puta si actualiter peccet. tunc non remit
1263 1111 1978 1161 titur illud peccatum virtute baptismi. siue sit
1253 1149 1982 1206 mortale siue veniale. et ides omne peccatum pre
1265 1199 1979 1247 texitum remittitur tam mortale quam veniale: et non
1262 1235 1979 1292 aliud. ⁋ Circa secundum dico quod duplex est pe¬
1264 1282 1978 1335 na eterna et temporalis. Prima remittitur in
1266 1325 1982 1380 baptismo ex ordinatione diuina: quia baptis¬
1266 1371 1990 1422 mus readitur dignus vita eterna: licet deus pos¬
1260 1416 1979 1468 sit non remittere de potentia sua absoluta. Se
1274 1454 1987 1512 cunda pena est duplex. vna voluntarie assum
1265 1510 1978 1563 pta. alia naturaliter inflicta. prima non remitt
1271 1545 1978 1604 tur in paruulo baptisato. quia ad nullam pena¬
1269 1588 1992 1645 obligatur: nec ante baptismum nec post. et quia
1272 1635 1987 1693 ad nullam penam tenetur nulla sibi remittitur
1269 1686 1990 1735 sed quia adultus obligatur ad penam ante ba¬
1263 1724 1984 1790 ptismum. quia obligatur ad displicentiam de pec
1269 1769 1982 1824 catis preteritis. ideo illa pena sibi remittitur
1266 1811 1990 1868 sic quod non obligatur ad illam displicentiam post
1267 1853 1982 1912 baptismum: nec tenetur satisfacere pro pecca
1279 1897 1994 1959 tis preteritis. Secunda pena naturaliter infli¬
1273 1934 1996 1996 cta que consequitur omnem hominem secundum communen
1279 1992 1984 2042 cursum nature. puta esurire et sitire et huiusmo
1278 2031 1987 2088 di non remittitur. et hoc solum est ex ordinatio
1284 2074 1985 2126 ne diuina. quia deus potest oppositum facere
1276 2122 1984 2176 si sibi placeret. sic igitur patet quomo remitt
1272 2169 1984 2216 tur pena et quomo non. ⁋ Circa tertium arti
1283 2205 1990 2267 culum sunt multe difficultates. ⁋ Prima est. vtrum
1278 2248 1993 2309 deus possit remittere culpam sine collatione
1275 2301 1990 2356 gratie. ⁋ Secunda. vtrum gratia posset infun¬
1275 2338 1987 2395 di sine virtutibus theologicis. ⁋ Tertia. vtri
1284 2382 1994 2448 possit infundi sine virtutibus moralibus. ⁋ Quat
1279 2425 2003 2484 ta. vtrum omnes iste virtutes infundantur. ⁋ Qui
1284 2471 1993 2527 ta. vtrum alique virtutes morales possint in¬
1286 2517 1993 2572 fundi distincte secundum speciem a virtutibus aliis naturalit
1280 2557 1996 2614 acquisitis. ⁋ De prima difficultate fuit tactum libro
1281 2609 2012 2672 primo distinctione. xvii. ideo dico breuiter intelli¬
