2273 3098
282 190 985 257 non sanat. et ideo remittit vtrunque peccatum
280 253 985 300 si vtrunque insit vel nihil remittit. Secunda ra
270 294 995 348 tio est quia peccato originali debetur earen¬
264 332 994 391 tia visionis diuine: peccato actuali debetur pena gehen
270 379 985 427 ne. si igitur pectatum originale deleretur sine deletione
273 425 983 483 peccati actualis per remissionem peccati origi¬
270 472 985 523 nalis aperitur ianua. ita quod potest deum vide
269 509 988 567 re visione beatifica: et si remaneat peccatum
268 563 976 612 actuale adhuc reseruatur sibi pena gehenne. et
276 606 985 658 per consequens talis decedens potest deum vide
270 645 992 699 re. et tamen cruciari pena gehene: quod ab omnibus
276 691 979 744 negatur. et ideo dico quod non remittitur vnum sine
276 738 982 786 alio ⁋ Ad argumentum in contrarium dico quod ve¬
271 782 979 837 rum concludit si non sit aliquod impedimentum spe
264 824 976 882 ciale: quale est in adulto propter peccatum actua
267 861 976 919 le commissum. in paruulo in quo non est tale impe
267 910 977 954 dimentum est verum. quia peccatum contractum sed
276 951 982 1007 ne consensu remittitur sine dissensu. ⁋ Ad aliud
280 1001 979 1053 dico quod nec ficte accedens ad baptismum nec pec
271 1044 985 1096 cans actualiter quando baptisatur est rebapti
262 1086 986 1141 sandus. quia tunc licet neuter accipiat effectum
273 1129 985 1178 baptismi. tamen potest post penitere et acceptare
280 1176 989 1226 baptismum. et tunc per penitentiam ablui tam ab
267 1212 988 1277 originali quam ab actuali. ⁋ Ad secundum dico quod
275 1264 979 1320 pena debetur. quia deus sic ordinauit. quia si
261 1307 988 1356 cut deus creat creaturam quanlibet ex mera vo¬
261 1347 988 1407 luntate sua. ita ex mera voluntate sua potest fa
268 1390 992 1449 cere de creatura quicquid sibi placet. sicut enim
260 1436 978 1486 si aliquis diligeret deum et faceret omnia opera
268 1484 979 1533 deo accepta: potest eum deus annihilare sine ali
270 1524 979 1577 qua iniuria. ita sibi post talia opera potest non
261 1571 982 1621 dare vitam eternam: sed penam eternam sine iniuria.
271 1617 979 1666 et ratio est quia deus nullius est debitor. et ideo
266 1656 988 1709 quicquid facit nobis ex mera gratia facit. et ideo
267 1703 992 1753 ex hoc ipso quod deus facit aliquid iuste factum est. Exem
285 1745 979 1804 plum. christus nunquam peccauit: et tamen fuit punitu
273 1799 982 1846 grauissime vsque ad mortem. ⁋ Ad tertium dico quod
278 1834 991 1882 nec potest probari per rationem nec per auctori
278 1871 991 1925 tate ecclesie quod virtutes theologice sufficienter
261 1923 980 1972 infundantur in baptismo. quia licet ecclesia re
273 1967 988 2022 putat illam probabiliorem que tenet quod ille vir¬
275 2008 991 2063 tutes infunduntur. tamen contrariam opinionem
276 2060 980 2104 non damnat. sicut patet extra de summa trinita¬
267 2095 996 2153 te et fide catholica capitulo multo. libe. vii. et extra
271 2143 989 2195 de baptismo et eius effectum. ⁋ Ad auctoritates
264 2183 992 2238 aliquas propter quas aliqui dixerunt baptismum
270 2229 980 2280 inutiliter conferri paruulis. quia non habent cha
269 2272 989 2329 ritatem. quia vt dicunt secundum apostolum. charitas
280 2315 994 2367 operit multitudinem peccatorum et de magdalena.
280 2367 985 2415 dixit christus dimissa sunt ei peccata multa: quo
269 2405 985 2458 niam dilexit multum que non possunt competere
271 2447 983 2500 nisi consentientibus quales non sunt paruuli
282 2497 994 2555 Respondit dominus papa. quod baptismus est vti
274 2539 988 2590 lis. quia per eum liberatur homo a culpa et ape¬
267 2580 997 2646 ritur sibi ianua etc. et postea subdit dominus pa¬
1098 189 1822 259 pa. Ceterum ex vi littere patet satis quod praedicte au¬
1096 251 1808 310 ctoritates christi et apostoli sunt intelligende
1095 293 1806 357 de adultis qui habent multitudinem peccatorum
1090 339 1804 386 tam est de paruulis non possunt intelligi qui tantum
1098 387 1805 437 peccato tenentur originali. Similiter et illa au
1096 429 1805 483 ctoritas est soluenda qui crediderit et baptisa
1089 472 1811 522 tus fuerit. cum non possent credere paruuli: sed
1086 519 1808 571 adulti et ad hoc tota illa auctoritas intelligen¬
1093 558 1817 606 da est de adultis vt ad alios et ad alios secunda
1093 607 1799 659 clausula referatur quanuis aliqui concedant quod
1102 649 1814 694 paruuli credunt non per vsum sed per habitum
1096 690 1808 741 fidei quem suscipiunt in baptismo sicut et alia
1092 731 1813 786 multa verba secundum vsum communem loquendi non
1090 779 1811 827 ad actum sed ad aptitudinem referntur: et ideo
1093 825 1808 873 vtrum infundantur vel non: dimittitur docto¬
1084 864 1814 912 ribus disputandum et inuestigandum: sic igitur
1095 910 1810 966 patet quod non apparet necessitas ponendi istas
1096 958 1814 1011 virtutes theologicas infundi in baptismo: quia
1099 1000 1813 1047 tamen auctoritates sanctorum videntur hic sona
1090 1043 1808 1098 re et maxime augustini super canonica Ioh. quod
1092 1086 1802 1141 sola caritas diuidit inter filios dei et filios per
1089 1133 1811 1180 ditionis: et multe alie sunt ad hoc. et etiam do¬
1093 1181 1802 1228 ctores tenent hoc communiter. igitur teneo cum eis
1095 1221 1808 1270 quod iste virtutes infunduntur in baptismo. Sed
1095 1260 1805 1308 ad quid ponuntur in paruulo ex quo nullum actum
1092 1305 1804 1358 potest elicere mediantibus illis. Respondee
1095 1349 1819 1403 quod licet non valeant quantum ad electionem actuum
1098 1396 1810 1449 tempore infantie: valebunt tamen quando erit:
1098 1439 1808 1492 adultus: et per illos habitus tunc potest in ope
1090 1480 1804 1536 ra meritoria cum aliis acquisitis et valent sibi
1101 1527 1808 1576 quocunque tempore vt ostendatur diuisus a fi¬
1095 1568 1801 1617 liis perditionis et compulatus filiis regni. Ad
1096 1613 1811 1662 quartum dico quod praeter virtutes aequisitas non sunt
1101 1661 1820 1709 alie virtutes infu se necessarie quod caritas suffi¬
1092 1703 1816 1758 cit cum virtutibus acquisitis: quia caritas in
1096 1749 1817 1798 clinat immediate ad actum cuiuslibet virtu¬
1095 1794 1816 1846 tis: et ideo dicit Mregorius quod omnia precepta
1093 1832 1808 1891 sunt vnum in radice caritatis. et isto modo omns
1101 1881 1801 1928 virtutes sunt connexe in caritate. vnde caritas
1093 1923 1808 1973 inclinat ad actum cuiuscunque virtutis: licet non
1090 1966 1813 2015 ita prompte et expedite sicut cum aliis virtu¬
1093 2009 1817 2059 tibus. et ideo nullus actus est virtuosus perfe¬
1101 2050 1813 2110 cte vel meritorius sine actu caritatis. Et quan¬
1089 2095 1807 2156 do dicitur quod non dirigunt in finem dico quod me
1099 2145 1817 2190 diante caritate satis dirigunt in finem vltimum
1098 2188 1804 2235 Et quando dicitur quod virtutes philosophorum fuerunt
1089 2236 1807 2281 eiusdem rationis cum virtutibus nostris. Ne
1093 2277 1817 2327 go et dico quod virtutes morales distinguntur secundum
1095 2317 1811 2364 distinctionem obiectorum partialium: nunc
1098 2365 1804 2415 autem finis est obiectum partiale virtutis si
1098 2411 1802 2465 cut alias dictum est: nunc autem philosophi in acqui
1095 2453 1804 2500 rendo virtutes morales habuerunt alium fi¬
1095 2499 1810 2554 nem quam christum. verbi gratia abstinet christianus
1096 2541 1817 2601 ab actu fornicandi propter deum: et quia deus pre
1092 2585 1816 2647 cepit sibi abstinere. ita quod deus est hic causa fi
