2250 3094
264 190 970 262 rebus extrinsecis inter quas potest esse motus locab
248 254 961 310 si essent tales. tamen quod tota substantia vel qualitas
255 303 964 352 coexistit toti corpori extrinseco. vel toti loco et
260 332 965 406 pars vna substantie vni parti loci et alia alteri.
264 383 977 447 et sic deinceps. ita quod potest esse motus loca¬
258 424 967 484 lis inter vnam partem substantie sic coexistentem lo
249 477 970 525 co et aliam coexntem alteri parti loci. et quando substantia
258 510 958 573 vel qualitas sic coexistit loco. quod totum conexistit
250 557 961 616 toti et pars parti ita vni quod non alteri. tunc dicitur sub
247 606 970 660 stantia vel qualitas quantitas. hoc est tunc deno¬
249 643 973 704 minatur ab illo conceptum vel voce quo vocatur
255 688 973 753 quantitas. quando aut sic coexistit loco quod totum
257 733 970 793 coexistit toti et totum cuilibet parti. tunc non dicitur
258 779 968 839 quantitas vel quanta. Pro ista opinione arguitur mul¬
249 827 973 878 tipliciter primo sic. quod non dicit formam absolutam super
240 863 967 924 substantiam et qualitatem formaliter inherentem substantie
246 912 973 973 qui si sic tunc haberet aliquod subiectum sed non mate¬
239 956 967 1011 riam nec formam. quia non est maior ratio de vno quam de
249 1006 973 1057 alio nec vtrumque. quia quodlibet subiectum imme¬
244 1041 961 1095 diatum cuiuslibet accidentis est ita simplex sicut
246 1083 965 1144 ipsum accidens. hoc nunc suppono post probabitur et prius
249 1138 961 1195 fuit probatum in tertio. Secundo sic. illud quod potest
250 1171 970 1227 esse sine omni alio extrinseco et habere distinctionem
249 1214 970 1277 realem partium situ et loco diftinctarum potest esse
245 1260 961 1320 quantum et extensum sine omni extrinseco. sic est
243 1304 964 1382 in proposito de materia et forma et qualitate. igitur
243 1356 967 1416 Maior patet de se.  Diuor probatur quo ad vtraque
249 1400 959 1455 partem. Primo quod materia habet partes distinctas
245 1436 969 1500 sine omni extrinseco. quia sicut sepre dictum est di¬
244 1481 967 1540 stinctiones non praedicantur de aliquo nisi de illo cui
254 1522 961 1587 primo competunt. quia vnumquodque est idem alicui vel
254 1567 971 1624 distinctum ab eo per aliquod sibi intrinsecum. sed secundum
249 1611 973 1667 omns materia existens sub vna forma substantiali
251 1653 973 1716 habet partes distinctas. quia vna pars sine alia potest
255 1708 962 1756 aua nihilari. igitur circumscripta quacumque forma de
252 1745 967 1802 mundo. adhuc vna pars materie distinguitur ab alia
253 1793 967 1848 qui seipsa et per aliquid sibi intrinsecum Secunda pars
245 1833 968 1890 scilicet quod iste partes distinguuntur loco et situ. Pro
249 1887 958 1935 hatur. quia cuicumque indiuiduo non repugnat esse in
252 1919 962 1974 loco quando non facit vnum cum alio indiuiduo. nec quando
254 1965 958 2023 facit vnum cum alio indiuiduo et non repugnatisti
254 2008 964 2075 parti materie quando non facit idem cum altera parte
251 2055 963 2108 materie esse in loco distincto a loco alterius pertir.
254 2096 970 2151 sicut manifestum est. igitur sibi non repugnat esse in
255 2149 967 2199 loco distincto a loco alterius partis quando facit
261 2195 961 2241 vnum cum alia parte. et per consequens medietas illarum pat
252 2227 967 2292 tium materie est in medietate loci et alia medie¬
246 2278 958 2326 tas partium in alia medietate. Item deus de
261 2316 960 2380 potentia sua absoluta potest facere omne abso
258 2359 955 2414 luntum prius alio per se nulla facta mutatione circa
258 2402 965 2468 primum absolutum nisi illa solum que est ab esse secum
256 2446 955 2503 di absoluti ad suum non esse. Exemplum. si homo
257 2495 964 2553 sit subiectum sub aliquo accidente informante
249 2537 959 2598 potest deus facere illud subiectum et destruere
258 2583 964 2647 solum illud accidens informans subiectum. quia
1061 184 1778 258 natura potest hoc facere. et hic nulla est muta
1056 241 1775 293 tio circa illud subiectum nisi illa que est ab esse
1066 282 1786 340 accidentis ad eius non esse. igitur si quantitas sit res
1068 326 1780 382 absoluta distincta a materia: et materia est prior
1077 368 1790 426 quantitate certum est quod potest deus materiam facere
1077 422 1775 479 destruendo solam quantitatem. ita quod nulla mutatio
1073 460 1790 514 erit circa materiam nisi illa que est ab esse quanti
1068 501 1778 555 tatis ad eius non esse. et per consequens potest facere ma¬
1065 557 1774 603 teriam sine quantitate absque motu locali partium ma
1072 590 1772 649 terie. igitur potest facere quod tota materia et omnes eius
1071 640 1781 689 partes maneant in eodem situ in quo prius fuerunt
1062 688 1778 738 sub quantitate. et per consequens materia sic ma
1065 729 1787 777 nens habet partes distinctas loco et situ et tota cor
1068 764 1771 828 respondet toti loco et pars parti: sicut prius sub
1068 810 1774 868 quantitate. sed illud ego voco extensum. et quantur
1065 848 1771 914 quod sic se habet quod totum correspondet toti et parum
1065 903 1780 962 parti et sic est circumscriptiue in loco. ⁋ Si dicas
1062 941 1789 1000 quod quando materia priuatur aliquo accidente: priua
1064 987 1775 1038 tur omni accidente recepto in illo accidente. et sic
1066 1033 1778 1086 de quocumque subiecto et suo accidente. sed vbi est
1065 1078 1778 1133 accidens receptum et fundatum in quantitate. igitur
1071 1118 1783 1172 quando materia priuatur quantitate: priuatur vbi
1075 1163 1784 1219 gitur non est in loco ⁋ Contra. saltem. igitur hoc
1068 1207 1786 1262 non obstante potest per potentiam dei remanere pre¬
1062 1248 1784 1306 sentia totius materie ad totum locum et partium ad per
1069 1297 1782 1348 tes. sed omne tale est circumscriptiue in loco et ex
1071 1342 1780 1388 tensum vt prius. igitur etc. ⁋ Item alia est praesentia
1074 1386 1777 1442 ipsius substantie ad locum et ipsius quantitatis. patet
1067 1426 1789 1478 quia vna potest esse sine alia. igitur praesentialitas
1067 1468 1780 1529 substantie in loco fundatur in substantia: sicut pri
1074 1516 1791 1575 sentialitas quanritatis fundatur in quantitate.
1067 1554 1790 1605 Nunc autem ad variationem fundamenti sequitur va
1074 1603 1786 1657 riatio respectus. igitur potest manere prior respe¬
1062 1647 1792 1697 ctus. puta presentialitas materie ad locum sine
1067 1687 1790 1747 posteriori respectu: puta sine praesentialitate quan¬
1065 1737 1787 1788 titatis ad locum. et tunc totum correspondet toti et
1066 1779 1775 1834 pars parti. ⁋ Preterea non magis conuenit substantie
1068 1821 1780 1876 habenti partes distinctas realiter quod secundum vnam parten
1074 1865 1784 1928 sit presens vni parti loci. et secundum aliam alteri quam sub¬
1062 1909 1786 1967 stantie non habenti partes esse presens secundum se to
1068 1959 1783 2008 tam cuilibet parti loci. sed substantia immaterialis.
1071 1997 1780 2053 puta angelus secundum se totum potest esse presens toti
1069 2037 1784 2096 loco alicui et cuilibet parti sine omni accidente
1065 2081 1787 2140 absoluto medio: et potest fundare respectum praesen¬
1068 2128 1780 2185 tialitatis ad locum immediate ponendo illum respe¬
1070 2169 1780 2232 ctum. igitur eodem modo potest substantia materia¬
1070 2213 1780 2269 lis sine omni alio absoluto. ⁋ Ex hoc arguitur
1063 2263 1771 2313 omne quod est circumscriptiue in loco est quantitas
1062 2298 1784 2356 sed materia sine omni alio per hoc precise quod ha
1062 2343 1783 2410 bet partes. quarum vna est in vna parte loci. et
1054 2384 1787 2443 alia pars circumscriptiue in alia parte loci est cir¬
1072 2436 1781 2486 cumscriptiue. igitur talis materia est quantitas.
1044 2476 1785 2537 ⁋ Confirmatur. quia non magis repugnat substam
1072 2526 1784 2585 tie corporee fundare immediate respectu ad lo¬
1067 2563 1789 2631 cum quam substantie incorporee: et substatie incorpo¬
