2275 3077
289 178 1003 248 aliare. quia secundum omnes substantia est indiuisi
294 237 997 299 bilis. igitur habet indiuisionem partium. Item
288 283 1004 338 si sic tunc ex materia et forma nunquam fieret vnum
287 325 1010 382 vel duo quanta occuparent eundem locum. con¬
285 377 988 431 sequentia patet. quia materia habet propriam
288 419 996 473 extensionem et forma similiter per te. quia to
285 464 998 517 tum correspondet toti et pars parti et sunt in
282 508 985 566 eodem loco adequate. quia faciunt vnum. igit
275 551 988 602 vel ex istis non potest fieri vnum: vel duo quan
283 597 989 648 ta habebunt vnum et eundem locum. Si dicis
285 642 998 697 quod non est inconueniens duo quanta occupare
286 690 998 744 euundem locum quando faciunt per se vnum.
292 727 989 784 ⁋ Contra. due partes aque non magis possunt
283 777 995 826 esse in eodem loco quando faciunt per se vnum
285 822 991 875 quam quando non faciunt per se vnum. sicut patet
285 864 1000 916 ad sensum. igitur etc. ⁋ Item qualitas habet
279 905 988 962 propriam extensionem. igitur sequitur quod vel qua
273 953 995 1006 litas non informat substantiam vel duo quanta
276 994 985 1043 extensa per se in genere. licet non in eodem sini
280 1038 986 1091 in eodem loco. sed non est maior ratio vt vide¬
278 1085 995 1136 tur quare duo quanta quorum vnum est de ge¬
270 1129 997 1179 nere substantie per se. et aliud de genere quali
279 1171 990 1221 tatis sint in eodem loco quam duo extensa per se
270 1216 998 1269 in genere substantie. sed secunda duo non pos¬
277 1263 998 1314 sunt esse in eodem loco. ergo nec duo prima.¬
270 1313 983 1357 et per consequens qualitas non potest informa¬
273 1351 997 1403 re substantiam compositam. sed tantum mareriam
274 1398 983 1445 vel formam. quod est falsum. ⁋ Quartum est de
270 1439 989 1485 hoc quod ponitur quod corpus christi continetur in
264 1476 985 1541 hostia sic quod totum in toto et totum in qualibet
264 1529 994 1583 parte. quia extensio est accidens quod potest
268 1565 989 1618 euenire alicui et recedere ab eo sine destructi
276 1611 994 1668 one subiecti. sed vbicunque est subiectum ibi est
270 1657 995 1711 accidens suum maxime denominans illud sub
277 1698 977 1750 iectum. igitur si corpus christi sit in eucharistia
269 1742 982 1796 ibi est sua extensio. et sic habebit partem. et per
273 1791 986 1835 consequens totum non erit in toto et in quali¬
265 1829 977 1882 bet parte. ⁋ Item quia quantum non potest esse
261 1875 974 1927 nisi positionem habeat que est differentia quan¬
270 1920 986 1972 titatis. et quicquid continetur sub genere conti
264 1961 974 2014 netur sub aliqua specie. si igitur corpus chri¬
265 2006 974 2057 sti erit quantum vbicunque erit habebit positio
262 2051 980 2102 nem. et per consequens ordinem partium extra
258 2092 983 2149 partem. ⁋ Preterea corpus christi habet figu¬
255 2139 986 2195 ram vbicunque est. quia non est corpus organi¬
267 2181 980 2241 cum quod non habet figuram. et per consequens
258 2218 979 2283 partes corporis distant. ⁋ Quintum dubium
265 2278 974 2322 est de illa propositione negatiua quecumque natu¬
259 2315 975 2361 ra contingenter etc. quia prius potest separari.
258 2359 970 2409 a posteriori. quia ab illo et ab illo. et per conse
254 2396 961 2453 quens potest esse sine illo genere ⁋ Similiter
259 2451 971 2499 volitio respicit omnem intellectionem contin¬
267 2489 968 2552 genter. quia tam intuitiuam quam abstractuam. quia
254 2533 967 2588 siue vna ponatur siue alia potest sequi volitio
1101 184 1820 247 Et tamen est dubium ⁋ Utrum volitio potest
1096 230 1820 282 fieri sine omni intellectione. ⁋ Sextum est vtrum
1105 278 1819 324 corpus christi sit in diuersis locis videtur quod sic
1108 322 1823 374 quia in celo et in altari. per hoc enim quod est in altari
1098 367 1817 412 non perdit locum quem habet in celo. igitur etc.
1101 412 1819 462 Sed contra locus sursum et locus deorsum sunt
1101 453 1813 504 contraria que non possunt simul eidem inesse
1111 497 1813 549 gitur etc ⁋ Ad primum istorum dico quod idem ar¬
1092 547 1814 596 gumentum fieri potest per omnia contra ponen¬
1101 592 1822 633 tes. relationem non esse realiter distinctam a fun¬
1111 630 1814 680 damento: nisi quod vnum concludit de absoluto: et
1098 674 1819 739 aliud de respectiuo. Ideo dico pro vtroque quod di¬
1104 720 1820 766 stinctio predicamentorum non est accipienda
1093 758 1808 811 in rebus: sed in conceptibus possunt assignari
1105 809 1819 858 diuersi ordines predicabilium: non pro se sed
1101 850 1820 905 pro rebus. et sic potest dici predicamentum distin
1099 898 1813 952 ctum. non quia res distincta a substantia et qua
1096 940 1817 989 litate sibi correspondet. sed quia est conceptus
1096 987 1813 1040 quidam significans substantiam realem et quali
1093 1028 1802 1074 tatem non absolute: sed extensas. et sic intell
1095 1073 1811 1127 git philosophus ⁋ Ad aliud dico quod aliquando potest
1098 1116 1813 1169 esse transitus de contradictorio in contradicto
1096 1159 1810 1211 rium propter solam transitionem temporis actua
1095 1203 1811 1250 lem vel potentionalem: vel propter motum lo¬
1096 1249 1811 1294 calem. Exemplum primi. si enim deus ordina¬
1095 1290 1814 1345 ret quod quicunque inueniretur hodie in tali loco
1083 1331 1813 1390 damnaretur. et si aliquis quicunque sit inuenire
1086 1378 1808 1424 tur cras in tali loco saluaretur. Si tunc aliquis
1089 1423 1810 1477 existens hodie in illo loco remaneret vsque in diem
1080 1471 1802 1514 crastinum sine omni mutatione iste transit de
1080 1510 1801 1559 contradictorio in contradictorium. quia primo
1089 1557 1813 1605 non est acceptus deo. puta hodie et cras est acce¬
1092 1598 1803 1649 ptus deo. et sic est transitus de contradictorio
1080 1645 1807 1700 in contradictorium propter solam transitionem
1089 1688 1814 1744 temporis. Exemplum secundi. angelus crea¬
1083 1730 1799 1780 tur. angelus non creatur: vt negationem conno
1081 1774 1811 1826 tat creatio immediate precedentem. si nulla
1080 1822 1795 1867 sit mutatio in angelo: nec motus nec tempus
1092 1858 1805 1915 sit in actu. tamen angelus transit de contradi¬
1084 1908 1793 1956 ctorio in contradictorium per solam transitionem
1081 1949 1802 1999 temporis in potentia. quia scilicet ista contra
1075 1998 1790 2049 dictio coexisteret diuersis partibus: si tempus
1080 2038 1802 2091 esset. Exemplum tertii. de motu locali sicut quan
1089 2083 1796 2131 do de non approximato fit approximatum. de
1081 2125 1786 2178 quibus alias dictum est. Similiter si celum mo
1077 2167 1796 2216 uetur localiter et non habeat aliquem locum cir
1083 2208 1801 2260 cunscribentem extra: nec per motum suum acqui¬
1077 2260 1793 2308 rit respectum ad centrum nec absolutum. tunc
1071 2299 1787 2350 transit de contradictorio in contradictorium
1077 2349 1793 2401 quia tunc modo est in isto situ. modo non. et ta
1076 2391 1784 2440 men non acquiritur sibi aliquid de nouo: nec ab
1075 2433 1796 2479 solutum nec respectiuum nec nouus locus cir¬
1068 2476 1787 2532 cumstans. quia talis non est: sed transitus iste est
1063 2518 1793 2591 propter solam mutationem in extrinseco. quia si
