2262 3088
258 216 976 277 ex se retenta illa positione potest solum esse in
258 272 962 322 loco diffinitiue. et si sit circunscriptiue in loco
259 319 964 368 hoc solum est per quantitatem. ⁋ Ad primum
259 362 965 413 principale tenendo primam opinionem. dico
246 408 968 458 quod non oportet quod illa que equalem locum occu
246 450 964 501 pant equalia sint: nisi naturaliter et eodem mo
243 495 962 548 do occupant locum. ita quod si vnum sit circunscri¬
246 540 952 589 ptiue et aliud: et econuerso. et si vnum sit in loco
256 586 951 629 diffinitiue: et aliud circunscriptiue. tunc non
246 627 959 674 oportet. potest enim angelus et alia substantia
243 673 950 722 materialis existere in loco puncti et in alio ma
240 715 964 769 gno loco. ita quod si totum in toto et totum in qua
247 760 955 809 libet parte. et tamen punctus et illa substantia
241 798 962 854 non sunt equales: sic est in proposito. ille spe¬
234 841 965 903 cies sunt in loco circunscriptiue: sed corpus chri
235 888 950 939 sti diffinitiue. ideo in proposito non habet pro
237 933 956 994 positio accepta veritatem. ⁋ Ad aliud quomo¬
240 977 896 1032 do respondendum sit satis patet ex dictis.
463 1020 725 1091 Questio quinta.
381 1067 949 1169 Trum actio et pas
418 1154 953 1202 sio et omne accidens possint inesse
430 1198 947 1246 corpori christi existenti in euchari
414 1240 949 1292 stia que insunt sibi localiter existen
228 1295 946 1336 ti in celo. quod non probatur. quia in hostia non
241 1333 950 1386 possunt videri nec audiri: et ista competunt si¬
241 1373 950 1431 bi in celo. igitur etc. ⁋ Item actiuum et passiuum
234 1419 950 1464 non possunt agere nec pati nisi habeant mo¬
232 1464 956 1511 dum quantitatiuum. sed corpus christi in alta
231 1509 947 1555 ri non habet modum quantitatiuum. igitur etc.
222 1550 953 1600 ⁋ Ad oppositum actiuo sufficienter approxima
231 1595 947 1649 to passiuo potest sequi actio: sed in eucharistia
240 1647 944 1699 orimne actiuum est sufficienter approximatum
225 1685 940 1736 passiuo: sicut patet. igitur etc. ⁋ hic primo distin
240 1728 946 1780 guo de actione et passione. quia quedam est cuius
223 1769 941 1825 principium est substantia quanta vel nata esse quanta
217 1825 944 1869 Et quedam est cuius principium est natura pu¬
216 1859 950 1914 re spiritualis. Alia est distinctio. quia quedam
222 1903 937 1951 est actio que terminatur ad formam absolutam
220 1945 943 1998 formaliter inherentem alicui passo: quadam est actio
228 1990 943 2040 quem terminatur ad vbi secundum aliquos. vel ad lo¬
228 2040 951 2086 cum secundum alios. ⁋ Ideo primo videndum est an
229 2082 934 2127 christus in hostia possit habere actionem om
220 2124 944 2165 nem et passionem terminatam ad formam ab¬
223 2167 944 2215 solutam inherentem cuius principium esti na¬
225 2209 947 2261 tura corporalis. ⁋ Secundo. vtrum possit omnem
228 2255 941 2307 actionem et passionem habere terminatam ad
223 2300 937 2344 vbi: cuius principium est natura corporalis.
218 2344 931 2398 Tertio. vtrum possit habere omnem actionem
223 2387 942 2443 et passionem: cuius principium est natura pure
216 2429 935 2477 spiritualis. ⁋ Quantum ad primum est vna opi¬
222 2474 932 2521 nio quod christus in hostia non potest videri: nec
220 2518 932 2574 videre calefieri nec calefacere. et sic de aliis
226 2557 938 2626 quod probatur. quia nihil videtur oculo corpora
1081 206 1778 283 li: nisi per hoc quod oculus mouetur ab obiecto secundum
1069 274 1775 329 similitudinem in obiecto existentem. et pri¬
1074 314 1787 365 mo est in medio post in sensu. sed similitudo
1068 367 1781 414 corporis christi non potest esse in medio. Tum
1083 407 1793 458 quia actio corporalis christi requirit contactum
1071 447 1786 496 quia nihil aliud est quam coniunctio terminorum
1067 497 1777 551 duarum quantitatum. ⁋ hoc enim modo cor
1065 540 1764 589 pus christi non tangit medium certum est.
1068 584 1784 626 Tum quia color immediate consequitur quan¬
1066 624 1780 674 titatem tanquam subiectum immediatum ipsius.
1066 671 1788 719 sed corpus christi non habet ordinem ad hunc
1065 713 1776 768 locum ratione sue quantitatis. quia non est in
1059 754 1773 812 hostia nisi mediante sua substantia nec ratio¬
1063 806 1765 854 ne corporis christi. ⁋ Quantum ad secundum
1056 850 1762 898 dicit quod mouetur per accidens. quia per mo
1063 890 1742 937 tum hostie. sicut est in loco per accidens
1066 934 1766 985 ⁋ Quantum adtertium dicit quod non potest
1068 981 1766 1029 videri naturaliter nec ab intellectu angelico
1064 1025 1769 1079 nec humano. Probatur quia corpus christi vt
1062 1066 1768 1129 ibi est obiectum fidei. igitur non potest cogno
1065 1110 1771 1173 sci naturaliter. ⁋ Sed quantum ad primum di
1066 1157 1766 1204 cit Iohannes quod non. quia organum sensus cor¬
1057 1196 1778 1251 poris christi vt est in eucharistia non est isto mo
1062 1241 1774 1302 do quo requiritur ad hoc quod immutetur ab ob¬
1066 1285 1775 1339 iecto. quia ad hoc requiritur quod habeat mo¬
1066 1330 1765 1385 dum quantitatiuum. et sit localiter et circum
1068 1372 1781 1427 scriptiue in loco. ideo non est ibi presens pre¬
1057 1425 1762 1471 sentia que requiritur ad rationem obiecti mo
1059 1464 1782 1512 uentis visum quere ibi. ⁋ Quantum ad secum
1063 1505 1766 1556 dum dicit primo quod mouetur motu extensiuo.
1056 1555 1778 1600 dicto quod patet quia vbicunque est hostia ibi
1062 1599 1774 1641 est corpus christi. sed hostia mouetur locali¬
1063 1638 1760 1691 ter. igitur etc. Secundo dicit quod isto motu mo¬
1065 1687 1766 1738 uetur immediate a deo. quod patet quia quan¬
1062 1730 1766 1778 do aliqua coniunguntur precise per actum vo¬
1059 1772 1766 1818 luntatis contingenter se habent ad illam con¬
1056 1809 1777 1866 iunctionem si vnnm illorum secundum se sit mobi¬
1056 1860 1765 1911 le omnino improportionatum ipsi mouenti et
1056 1905 1760 1953 reliquum proportionatum non eadem motio
1047 1947 1762 2001 ne potest mouere vtrunque coniunctorum. Ex¬
1053 1993 1768 2041 emplum posito quod angelus per actum volun¬
1057 2038 1772 2081 tatis sue coniungatur lapidi et lapis est mo¬
1050 2080 1774 2125 bile proportionatum homini portanti et an¬
1050 2134 1760 2178 gelus non. tunc certum est quod tunc eadem mo
1047 2167 1769 2216 tione non potest homo mouere lapidem et an¬
1050 2212 1756 2268 gelum. sed corpus christi etc. quere Iohannem
1060 2251 1760 2305 ⁋ Quantum ad tertium principale dicit Io¬
1047 2299 1748 2349 hannes quod christus potest vti quacunque poten¬
1045 2342 1751 2393 tentia actiua spirituali. quia non requiritur ad
1047 2385 1756 2433 actionem quod habeat esse localiter. quere Io¬
1039 2433 1757 2484 hannem. in quarto ⁋ Contra istas opiniones
1035 2477 1751 2529 posset multipliciter argui. ⁋ Et primo con¬
1048 2529 1736 2575 tra primum doctorem quo ad eius primum
1026 2566 1745 2621 articulum posset argui: probando videlicet
