2264 3094
297 194 997 250 cuius potentia possit talis quantitas educi. igitur
294 240 1006 299 etc. Quod autem adueniat noua quantitas. patet. quia si
288 294 997 342 esset hostia: tunc rarefacta esset equalis priori
300 324 1006 384 postie ⁋ Item accidentia coniuncta possunt corrupi. se
288 377 1006 427 parata non. quia si sic possent annihilari. ⁋ Ad op¬
290 413 1003 469 positum patbet ad sensum. quia eadem et agunt et patiuntur
288 467 992 518 separata et coniuncta. quia aliter potest ad sensum cogno
287 510 999 553 sci ibi variatio que non ante. et per consequens potest natu¬
296 547 997 604 raliter percipi ibi esse corpus christi. ⁋ hic sunt tria fa
287 595 997 648 cienda. Primo videndum est vtrum accidens sit se¬
297 635 1000 693 paratum et quod. Secundo vtrum possit in omnem
297 686 995 736 actionem separatum sicut coniunctum. Tertio vtrum
301 718 1012 777 possit eodem modo pati et transmutari naturaliter
297 763 1009 826 ⁋ Quantum ad primum potest dici quod quantitas potest
291 812 1009 868 esse sine substantia. sed qualitas non sine quanti¬
294 855 998 910 tate. primo quia tunc albedo esset forma spiritualis
284 900 1006 953 qui sine materia et quantitate et extensione. quali
297 947 1009 994 tas autem corporea necessario est extensa. Contra
291 986 1006 1042 istam opinionem est prima opinio quam recitaui de
294 1027 1007 1085 quantitate. scilicet quod quantitas non distinguitur realiter
288 1074 1009 1133 a substantia. et per consequens si vnum potest esse sine subie¬
296 1114 997 1172 cto et aliud. ⁋ Item magis dependet quantitas a
291 1162 1015 1214 substantia quam qualitas ponendo quantitatem esse rem
297 1205 1009 1259 distinctam mediam inter substantiam et qualitatem. sed
305 1243 1004 1306 quantitas potest esse sine substantia. igitur etc ⁋ Da¬
292 1285 1007 1345 ior patet per eos. quia priorem influentiam et velociorem ha
293 1336 997 1393 bet causa prima super causatum quam causa secunda. ig
295 1384 1009 1438 potest deus conseruare quantitatem non conseruando sub
292 1432 1000 1481 stantiam: et idem argumentum potest fieri in proposito de
295 1467 1000 1521 quantitate et qualitate per omnia. ⁋ Confirmatur. quia quam
287 1506 1012 1565 litas est perfectior quantitate. igitur si quantitas potest
298 1555 1003 1609 esse sine substantia et qualitas sine quantitate. Ido
297 1600 1009 1661 dico tenendo primam opinionem de quantitate quod deus
294 1644 1014 1703 potest facere qualitatem sine substantia. et tunc habe
306 1686 1014 1739 ret partes distinctas loco et situ sicut materia vt
297 1731 1012 1785 supra patuit. Secundo dico quod si quantitas sit acci
298 1774 1008 1829 dens absolutum distinctum a substantia et qualitate
303 1823 1016 1878 quod deus potest facere qualitatem sine quantitate: si¬
297 1864 1009 1916 cut qualitatem sine substantia. probatur quia accidens
304 1907 1009 1963 depedet a subiecto sicut a causa extrinseca. sed deus
297 1958 1006 2009 potest suspendere et supplere omnem causalitatem cau
301 1992 1015 2051 se extrinsece: ita quod subiectum nullam causalitatem
306 2038 1011 2089 habeat super accidens. et per consequens qua ratione potest face¬
303 2082 1009 2139 re quantitatem sine substantia potest facere qualita¬
305 2130 1009 2177 tem sine quantitate. ⁋ Sed tunc sunt hic aliqua du
297 2172 1016 2227 bia. primo quia data ista opinione potest deus face
313 2222 1016 2274 re intentionem et volitionem sine subiecto. quia
307 2257 1010 2315 vtrumque est accidens absolutum. hoc autem est falsum
313 2303 1012 2360 igitur etc. ⁋ Item si sic. omnes rationes adducte ad pro¬
309 2347 1015 2400 bandum quod potest facere absolutum sine subiecto equa
300 2400 1015 2441 liter concludunt de respectiuo. quia subiectum non habet
306 2433 1022 2490 nisi rationem cause extrinsece respectu accidentis
306 2480 1004 2533 respectiui. et tunc potest facere relationem sine fun
306 2526 1016 2576 damento ⁋ Item si sic tunc potest facere eadem ratione sub
304 2571 1015 2641 stantiam sine omni accidente. et sic hominem sine quantitate
1107 174 1851 243 et colore ⁋ Ad primum istorum dico quod non est maius
1105 237 1832 297 inconuenies quod accidens absolutum spirituale sit sine
1106 284 1828 336 subiecto per potentiam dei quam corporale: et vnum non
1111 323 1817 382 dependet ad subiectum plusquam aliud: et ideo concedo
1113 373 1810 424 conclusionem prime rationis. ⁋ Ad secundum potest dici quo
1101 411 1826 462 non est simile: quia respectus neccessario dicit habitudinem
1101 460 1829 512 et ordinem ad subiectum suum: ideo non potest poni sine
1104 500 1813 558 subiecto sicut potest accidens absolutum: nec rationes
1108 541 1820 590 adducte equaliter probant de respectu sicut de
1113 587 1832 637 absoluto: quia respectus dicit ordinem ad suum sub¬
1110 633 1832 678 iectum ⁋ Ad tertium. vno modo quod substantia materia
1111 677 1823 729 lis non potest fieri sine omni accidente: quia talis substan¬
1114 725 1834 772 tia includit accidens in intellectu suo formali.
1111 763 1820 821 Contra. isti declarant vnum falsum per aliud: scilicet quod
1113 811 1829 856 substantia includat accidens: quia omne quod est de ratione
1114 849 1822 899 formali alicuius et includitur in eo. praedicatur de eo
1103 891 1823 944 in quid: sed substantia non praedicatur in quid de accidente
1113 942 1825 989 nec accidens de substantia. igitur etc. Item si sic: tunc
1110 983 1828 1028 substantia diffinitur per additamentum. quod est conclusophilosophum
1104 1026 1834 1082 et omnes logicos. ⁋ Aliter dicitur ab aliis ad hoc quod sicut
1110 1070 1836 1121 sunt aliqui accidentia deteriata circa substantiam
1101 1115 1822 1170 et aliqua non. et prima accidentia sunt inseparabilia
1107 1157 1828 1210 a subiectis suis: et secunda separabilia sic sunt ali¬
1116 1199 1829 1255 que substantie determinantes sibi certa acciden
1111 1242 1828 1297 tia et aliqua non. prime substantie non possunt esse sine ad
1113 1297 1832 1338 cidentibus secunde possunt. nunc autem substantia materia
1114 1330 1826 1388 lis determinat sibi quantitatem et aliqua alia acciden¬
1108 1378 1822 1426 tia: quia quantitas est effectus neccessario causatus ex sut
1114 1417 1834 1475 stantia. ⁋ Pro ista opinione arguitur multiplicitur
1119 1462 1841 1517 primo sic. corpus organicum est de esse hominis: quia
1116 1511 1840 1559 secundo de anima diffinitur anima quae est de essentia hominis
1110 1556 1837 1611 quod est actus philosophici organici etc. igitur anima non potest
1115 1592 1833 1652 fieri sine organo: nec organum sine quantitate. igitur
1117 1639 1834 1691 etc. ⁋ Item impossibile est formam esse in materia nu
1116 1681 1828 1733 da sine omni dispositione aptante eam ad formam: quia
1119 1724 1823 1783 actus actiuorum etc. secundo de anima. aliter enim quaelibe
1117 1766 1829 1829 forma potest informare quanlibet materiam. ⁋ Item
1120 1816 1832 1861 vii. metaphisice. homo non intelligitur sine car¬
1113 1860 1826 1913 ne et ossibus: et ista neccessario includunt quantitatem. igitur
1123 1899 1833 1956 etc. ⁋ Item cosideratio naturalis est de rebus quae non
1122 1948 1823 1995 sunt sine motu. motus autem non est sine quantitate
1116 1992 1819 2048 ⁋ Item homo non potest esse sine tactu: tactus aut
1116 2030 1831 2086 non potest esse sine quantitate. igitur etc ⁋ Contra istam
1119 2083 1837 2137 opinionem: quia quod aliqua accidentia determinant sibi
1123 2122 1834 2177 certa subiecta. si intelligat sic quod non possunt esse: in
1122 2161 1834 2223 aliquo alio subiecto. sic est verum: et hoc modo quanti
1120 2208 1835 2264 tas determinat sibi substantiam: quia non potest quanti¬
1123 2256 1840 2303 tas esse in angelo: nec intellectio in substantia
1116 2294 1829 2356 materiali. si intelligat quod determinat sibi subie
1125 2340 1847 2397 ctum sic quod non potest esse sine subiecto. falsum est: et
1125 2386 1838 2437 eodem modo falsum est quod substantia determinat
1118 2429 1838 2489 sibi accidens: ita quod non potest esse sine accidente.
1134 2475 1837 2536 Si dicas quod simitas determinat sibi nasum et
1117 2516 1834 2577 non potest per quamcunque potentiam fieri sine naso ⁋ Respon¬
1110 2563 1828 2629 deo si simitas diceret rem absolutam distinctam a
