2282 3077
433 233 1159 304 ignis successiue inducantur in terra manente ter¬
431 286 1154 344 ra. et tunc quod sicut successiue ille qualitates in¬
434 331 1144 386 ducuntur ita materia terre rarefiat successiue et
441 379 1154 431 in fine quando inducitur forma ignis: tunc illa
441 418 1148 482 forma inducta causat vltimum gradum et perfectum
432 466 1152 518 raritatis et gradus raritatis precedentes cau
441 505 1144 561 santur a qualitate ignis puta calore. Alio mo
441 544 1159 609 do potest poni et forte melius quod quando expelluntur
439 592 1166 655 qualitates terre et inducuntur qualitates ignis
450 635 1166 693 emper manet materia eque densa sicut prius: sed
437 682 1163 736 quando inducitur vltima forma ignis: tunc il¬
439 734 1159 783 la forma cum qualitate ignis causat raritatem
432 770 1162 824 competentem. igitur nunquam in eodem instanti: quia
438 812 1163 872 si sic motus localis esset in instanti: quia illa rare¬
431 858 1163 913 factio est quadam motus localis: sed in tempore immedi
436 897 1168 958 ate sequente instans inductonis ignis causatur rari.
439 941 1160 998 tas: sed illud tempus propter sui breuitatem est im¬
431 987 1161 1054 prceptibile. Si dicas quod inconueniens est quod for¬
432 1025 1172 1101 ma ignis recipiatur in materia ita densa sicut ma¬
439 1075 1168 1129 teria terre. Respondeo quod verum est quod maneat diuna¬
436 1118 1154 1175 turaliter in tali materia: sed quod in generatione sua
444 1160 1169 1229 ita recipiatur in materia sua prima ita densa mo¬
436 1205 1159 1267 do predicto non est nconueniens. licet autem dicatur
447 1243 1171 1313 quod forma non semper denominatur a raritate: tamen ali¬
438 1296 1153 1349 quando potest forma extensa rarefieri sicut materia. et
433 1344 1166 1397 hoc dico de forma siue sit coniuncta materie si¬
442 1381 1166 1437 ue separata. Ex predictis patet de raritate quo
435 1435 1169 1480 est dicendum etc. ⁋ Ad secundum dico quod illa rarefa¬
436 1474 1165 1524 ctio est quedam species motus localis et condensa
439 1516 1159 1570 tio: quia non est nisi motus de minori loco ad ma¬
438 1564 1163 1616 iorem: vel econtra. Sed ad commentatorem quando com¬
444 1601 1172 1660 parat augmentationem ad diminutionem in qua
450 1650 1163 1706 litate et rarefactionem et condensationem in quantita¬
446 1694 1164 1741 te. Respondeo quod in aliquo est simile de vno et de alio:
441 1741 1168 1794 et in aliquo non est simile. In hoc est simile: quia sicut
453 1782 1166 1830 in augmentatione et diminutione qualitatis dici
444 1826 1172 1870 tur aliquid magis vel minus calidum: sic per ra
441 1869 1157 1913 refactionem et condensationem dicitur aliquid mad
454 1906 1166 1959 extensum vel minus extensum. In alio est simile
444 1957 1177 2007 qui sicut in augmentatione qualitatis nihil de no¬
444 2002 1163 2056 uo causatur ab extrinseco sicut in augmenta¬
448 2045 1169 2092 tione aliorum. eodem modo quando de denso fit rarum ni¬
457 2088 1172 2135 hil produciturde nouo ab extrinseco. et hec est in
450 2132 1168 2182 tentio philosophi et commentatoris sicut alibi dictum est.
452 2176 1169 2231 Sed in hoc est dissimile: quia in augmentatione qua
450 2222 1179 2270 litatis est motus ad formam absolutam nouam di¬
454 2263 1181 2317 stinctam a subiecto in rarefactione autem non acqui¬
450 2309 1166 2355 ritur aliqua talis forma de nouo absoluta vel
457 2353 1169 2403 respectiua. hoc dico tenendo primam opinionem
471 2399 1177 2445 de quantitate: sed acquiritur tantum maior locus.
460 2442 1181 2487 Sed secundum communem opinionem acquiritur noua quanti¬
462 2484 1175 2533 tas: quia tota precedens corrumpitur. ⁋ Ad tertium
462 2527 1171 2573 dico quod qualitas accipitur vno modo pro quali
468 2573 1178 2627 tate de genere qualitatis ⁋ Alio modo accipitur
461 2613 1187 2681 pro conceptu connotatiuo quae predicatur denomina¬
1263 210 1984 280 tiue de subiecto quo loquitur philosophus de qualitate
1260 274 1994 335 in predicamentis dicens quod qualitas est secundum quan¬
1265 314 1991 379 quales esse dicimur et denominamur ita quod omne deno¬
1266 374 1997 420 minans secundum eum siue sit res siue conceptus potest di¬
1259 404 1990 460 ci qualitas primo modo loquendo de qualitate si¬
1257 452 1984 503 cut potest rarefactio esse sine qualitate et conden
1255 499 1986 545 satio similiter per potentiam diuinam: sed non per poten¬
1260 538 1988 593 tiam creatam: quia sicut rarefactio naturaliter non
1260 593 1981 642 potest esse nisi concurrente causa sua actiua: nunc au
1254 638 1985 684 tem qualitas inducta per agens extrinsecum con
1255 672 1985 725 currens cum substantiali forma inducta in eadem
1256 717 1985 773 materia est causa raritatis et densitatis et ipsum a¬
1269 764 1979 818 gens extrinsecum est tantum causa cause sicut prius
1260 806 1990 859 probatum est. igitur creatura non potest aliquam ma¬
1260 849 1990 899 teriam rarefacere nisi inducendo primam qualita
1254 900 1981 945 tem. Sed accipiendo secundo modo sic nec virtus
1253 936 1985 992 creata nec increata potest rarefacere aliquam ma¬
1269 984 1997 1028 teriam sine qualitate: quia quando de denso fit rarum
1257 1025 1982 1078 deus non potest facere quin denominetur magis exten
1269 1068 1981 1119 sum et rarum quod prius fuit densum: licet non sit hic
1254 1113 1999 1161 aliqua qualitas de nouo producta: sed tantum par¬
1261 1159 1996 1212 tes prius coexistentes paucioribus partibus lo¬
1266 1198 1987 1251 ci nunc coexistunt pluribus et magis nunc exten
1266 1243 1982 1299 ditur sine omni accidente positiuo. et hoc per po
1272 1294 2003 1344 tentiam diuinam. ⁋ Ad quartum dico quod augmenta¬
1267 1336 1981 1384 tio proprie dicta quae est animatorum distinguitur ab
1272 1385 1996 1432 aliis motibus: quia illa augmentatio includit mu¬
1269 1421 1991 1472 tationem et motum ad substantiam: quia tam partes ma¬
1267 1461 1990 1513 terie quam forme nunc per augmentationem acquirum
1261 1517 1997 1558 tur et prius non suerunt. et sic distinguitur a motu
1270 1553 2000 1608 locali et rarefactione: quia neuter includit mutatio
1264 1595 2000 1646 nem ad substantiam: quia per neutrum acquiritur ali¬
1275 1637 1993 1701 qua pars substantie. et per idem distinguitur ab alte¬
1271 1685 2000 1738 ratione. ⁋ Ad quintum dico quod accidens separatum
1264 1728 1992 1789 potest variari modo supra dicto. et tunc quando dicitur quod
1261 1781 1993 1827 tunc desinit ibi esse corpus christi. Negatur: quia christus
1275 1823 1997 1871 instituit quod quam diu manent eadem accidentia quae fuerunt
1271 1861 1988 1921 primo in hostia consecrata vel alia quae possunt natu¬
1275 1913 1996 1957 raliter eandem substantiam panis perficere quod quandiu ma
1276 1949 2003 1999 nent tandiu manet ibi corpus christi sub illis acciden¬
1276 1997 1991 2042 tibus. Sed substantia panis potest ita manere et
1273 2037 2003 2093 perfici nigredine sicut albedine: ideo non obstante quod
1269 2091 1990 2132 hostia ab albedine ad nigredinem mutaretur nihi
1273 2124 2000 2174 lominus potest ibi corpus xpi manere. Et quando dicit
1281 2164 1996 2224 quod tunc deus semper faceret nonuum miraculum: conce¬
1281 2212 1992 2268 do conclusionem. Si dicas eadem voluntate antiqua
1282 2266 2006 2313 creat rem et conseruat. Respondeo. aut intelligis per vo
1282 2300 1997 2356 luntatem antiquam aliquid a parte dei: sic omnia quae sunt a
1281 2340 2009 2397 deo per antiquam voluntatem fiunt. et sic deus numquam facit
1279 2391 2009 2438 nouum miraculum: sed quicquid facit per antiquam volunta
1276 2433 2006 2481 tem a parte sui facit. si autem per voluntatem antiquam intelli
1278 2475 2006 2534 gis aliquid a parte dei connotando tamen effectum productum
1273 2520 2003 2572 de nouo sic potest esse variatio in voluntate: quia isto modo
1289 2561 2009 2614 sicut effectus est nouus: ita potest dici volitio noua. et sic
1275 2614 2011 2675 potest deus continue facere nonuum miraculum: quia producit
