2314 3095
333 201 1048 273 recte et actus sunt ita boni quod non possunt esse mali.
330 262 1036 318 ⁋ Si queras an iste habitus est virtus moralis an
324 316 1049 363 theologica. ⁋ Respodeo quod potest esse theologica¬
327 352 1045 405 et moralis: ita quod potest habere diuersas denominati
324 394 1043 455 ones extrinsecas propter diuersa obiecta partia¬
324 438 1039 491 lia. Et dicitur theologica: quia habet deum pro obie
327 481 1040 532 cto partiali sicut amicitia acquisita respectu dei. non
330 533 1030 577 autem dicitur sic theologica: quia infunditur a solo deo
324 575 1045 627 Et potest dici moralis: quia habet pectatum pro obiecto per¬
316 613 1046 663 tiali et est habitus acquisitus ex actibus: et sic potest habere
327 654 1031 706 diuersas denominationes. Si quaeras vtrum virtus ista
327 699 1040 749 sit iusticia vel amicitia vel qualis virtus. Re
330 747 1046 803 spondeo. quod quando vnus actus causatur ex alio: qui actus
321 787 1046 848 pertineret ad distinctas virtutes si sit aliquis actus
323 829 1041 881 includens equiualentur vtrumque illorum actuum: ille actus
315 883 1036 929 magis denominatur absolute a virtute elicitiua
324 921 1039 974 secundi actus quam primi. Exemplum. respectu principii
330 963 1033 1014 est vnus actus: et respectu conclusionis est alius
324 1007 1039 1060 quae natus est causari ab actu respectu principii. et
333 1058 1039 1111 vnus actus potest esse tam respectu principii quam conclu¬
327 1095 1039 1147 sionis qui vtrumque includat equiualenter. ideo ille actus
330 1147 1045 1192 vel habitus magis dicitur scientia respectu conclusionis
324 1182 1040 1240 quam respectu principii. et ratio est propter communitatem cau¬
325 1235 1045 1279 salitatis actus respectu principii: qui natus est cau
327 1276 1046 1324 sare distinctos actus respectu distinctarum conclu¬
324 1316 1049 1367 sionum: sicut vnum principium est causa distinctarum
333 1368 1051 1413 conclusionum. et ideo si ille actus tertius includens
318 1407 1051 1462 duos primos equiualenter denominaretur ab habitu prin
330 1456 1045 1502 aipii: ille actus haberet totam communitatem causalita
327 1490 1040 1544 tis sicut primus actus qui est principii tantum: quod falsum
327 1543 1045 1592 est. Eode modo de actu quo intelligo subiectum
336 1579 1045 1640 per se: et de actu quo intelligo praedicatum per se: et de
328 1625 1051 1680 actu quo intelligo vtrumque coniuncti. quia iste tertius
330 1670 1048 1724 actus potius capiet denominationem ab eodem praedi¬
331 1713 1046 1768 cato quam a subiecto propter eandem causam. patet igitur
327 1760 1040 1807 maior. Accipio minorem. respectu dei habeo vnum
321 1804 1036 1863 actum diligendi propter se: et respectu peccati habeo
333 1844 1046 1903 alium actum detestandi qui causatur ex primo actu. igitur si
326 1886 1043 1948 per aliquem detestor pecctatum et diligo deum quae est actus
339 1932 1044 1984 equiualens vtrique. iste tertius actus magis ca¬
333 1977 1052 2036 piet denominationem ab habitu secundi actus quam primi. et per
327 2030 1048 2077 consequens si primus actus dicatur amicitia et secundus iusticia
333 2074 1046 2122 aste actus tertius magis iusticia quam amicitia numcu¬
331 2105 1046 2167 pabitur. et ratio est: quia iste primus inclinat sicut causa per¬
331 2151 1046 2202 tialis ad plures actus quam secundus quae tamen inclinat ad
343 2199 1043 2250 actum detestandi peccatum. et propter hoc ad alios actus
340 2240 1054 2295 causatandi: orandi: laudandi: et similes. et etiam eodem modo il
331 2292 1043 2335 le tertius actus ad omnia illa inclinaret: si reduce¬
339 2332 1043 2381 retur ad habitum primi habitus: quod ficltum est. Si dicas quod
340 2375 1044 2434 primus actus est principalior et perfectior. igitur ab eo
334 2417 1049 2471 recipiet denominationem. Respondeo. equiualenter conti¬
333 2469 1048 2518 net tam amicitiam quam iusticiam. tamen potius debet deno¬
334 2512 1045 2557 minari a iusticia quam ab amicitia propter causas dictas
334 2556 1043 2607 Etemplum. qui vellet punire malefactorem propter dile
338 2602 1052 2666 ctionem principis quiuste praecipit malefactorem pu¬
1150 190 1862 268 nire iste actus includit equiualenter tam dilectio
1150 263 1874 315 nem principis quam velle punitionis. et tamen iste debet ma¬
1155 307 1858 358 gis dici iustus quam amicus. et virtus illa generata ex
1150 352 1865 394 illo actu dicitur magis iusticia quam amicitia sic est in
1149 399 1871 448 proposito. Si quaeras an ille actus detestandi suffi¬
1153 440 1862 498 ciat ad expulsionem culpe et infusionem gratie. Respon¬
1153 481 1862 533 deo. ille actus est solus sufficiens ad meritum de con¬
1143 522 1859 582 gruo. nam habito isto actu deus statim infundit gratiam et
1143 572 1864 621 de potentia dei ordinata non potest non infundere. Si
1152 614 1864 667 dicas quod nullus actus potest esse meritorius de po
1147 661 1865 714 tentia dei ordinata sine gratia. et per consequens praesupponit
1143 702 1858 757 gratiam et expulsionem culpe. igitur propter eum non expelli
1143 745 1864 799 tur culpa. Respondeo quod propter istu actum confertur gratia
1149 789 1865 845 non prius tempore sed simul. et dico quod rectum gratie nullus actus
1147 833 1868 884 est meritorius de condigno nisi ille quae est rectum eter
1141 878 1868 927 ne beatitudinis. si enim duo equaliter habeant talem
1141 922 1871 966 actum detestandi: non oportet quod deus equaliter vtrique in¬
1143 964 1859 1018 fundat gratiam: quia potest vni infundere et alteri non
1143 1015 1877 1063 infundere. et isti actus solum sunt meritorii respe¬
1150 1060 1868 1108 ctu proprie gratie de congruo non de condigno. si sint
1137 1097 1873 1150 aliqua equaliter dispositi in omnibus actibus et equalem
1147 1142 1862 1192 habeant gratiam non potest deus de potentia sua ordi¬
1149 1185 1862 1238 nata permittere quin vterque habeat talem graiam ce¬
1143 1229 1873 1282 teris paribus. et ideo rectum gratiae non est aliquas actus me¬
1146 1272 1858 1327 ritorius de condigno: sed rectum beatitudinis potest. es
1153 1315 1862 1372 sic patet quod multi sunt actus meritorii de cogruo
1143 1360 1862 1407 et non de condigno ⁋ Ad quintum dubium dico quod neu
1149 1403 1871 1461 tra pars probari potest: tamen videtur esse magis consonum
1141 1450 1877 1493 dictis sanctorum quod peccata non redeant. et ad hoc est con¬
1136 1491 1865 1549 gruentia quod deus non iudicabit bis in idipsum. Sed
1149 1539 1870 1592 tamen possunt dici redire: quia possunt imputari ad tam
1149 1580 1867 1637 tam penam ad quantam prius imputabantur. Sed tunc est
1149 1622 1868 1669 dubium quantum ad aliquas circumstantias aggrauan
1140 1669 1858 1717 tes an pectatum postea commissum sit grauius. et videtur
1143 1721 1865 1761 quod sic: quia quanto aliquis recipit plura beneficia tan¬
1139 1752 1880 1814 to magis obligatur. sed iste cui dimittitur pectatum est hu¬
1144 1799 1874 1848 iusmodi quam si non peccasset. et per consequens iterum peccan
1155 1840 1871 1897 do grauius peccat quam si prius non peccasset. et hoc
1149 1890 1873 1938 concedo quod magis peccat quam si numquam fuisset sibi cul
1155 1934 1861 1986 pa remissa non tamen obligatur ad tantam penam ad quan
1142 1976 1862 2023 tam fuisset obligatus si nunquam penituisset. et ideo non
1150 2014 1874 2071 redeunt. et hoc est verum si prius fuit totum satiffactum pro¬
1149 2062 1864 2117 peccato: sicut prius dictum est. Si dicas aut peccatum
1149 2111 1864 2161 secundum est omnino idem cum primo aut non. si sic: tunc nou
1152 2149 1874 2199 obligatur ad maiorem penam propter illud quod commi¬
1148 2190 1867 2245 sit post prsiam quam propter illud quod commisit ante.
1154 2237 1869 2296 si non: tunc secundum peccatum esset duo pecctam: vel nunquam
1148 2278 1877 2341 posset aliquis peccare eodem peccato quo peccat an
1149 2323 1862 2383 praeseniam. confirmatur: quia prius dictum est quod circumstam
1152 2366 1869 2424 tie sunt obiecta partialia actus: sed possibile est quod pec¬
1149 2424 1865 2468 cans secundo non cogitet de peccato primo: nec de cir¬
1152 2461 1870 2516 cumstantiis illius peccati. igitur non oportet pectatum redire
1150 2504 1876 2564 quantum ad circumstantias aggrauantes. Ad primum
1154 2546 1864 2603 dico quod accipiendo pectatum pro actu peccati: sic est idem
1152 2594 1879 2656 actus secundum speciem: et potest esse idem secundum numerum per¬
