2233 3086
429 172 1147 258 et ita semper esset vna dies et vnum tempus: et non esset
431 243 1153 296 tempus in infinitum contra philosophum et commentatorem. Item. v.
440 288 1150 350 phisicorum sanitas corrupta non redit eadem nume
435 339 1144 387 ro. et contra idem faciunt autoritates reliquae supra po
432 376 1156 429 site. ⁋ Sextum dubium est an eadem actio numero potest
434 425 1152 475 redire videtur quod non: quia actio interrupta. similiter. v.
432 465 1152 528 phisicorum ad vnitatem motus requiritur vnitas tem
434 506 1157 568 poris: tempus autem non potest redire. ⁋ Septimum dubium
437 552 1159 606 est an possit probari resurrectio naturali ratione vi¬
436 592 1145 650 detur quod sic: quia desiderium est naturale respectu be
431 639 1150 692 atitudinis: sed non possumus perfecte beatificari nisi¬
444 683 1145 739 post resurrectionem. igitur etc. ⁋ Ad primum istorum dico
435 731 1159 787 quod ratio conuincit: quia quamuis non respiciat infinita
441 772 1159 834 producibilia in eadem materia. tamen in diuersis ma
432 820 1157 869 teriis infinitis respicit infinita producibilia: quia
434 857 1153 910 cum equaliter se habeat omnino ad omnes illas materi
438 900 1153 959 as produceret infinitos effectus vel nullum. et eodem
436 946 1160 1000 modo si potest creare cum equaliter se habeat ad omnes ef¬
438 987 1151 1043 fectus creabiles: quia infiniti sunt vel crearet in
431 1033 1153 1087 finita: vel nihil crearet. sed in proposito non est simile
437 1080 1149 1131 qui licet agens in diuersis materiis non determinet
432 1122 1159 1171 certum numerum: quia saltem potest facere infinitas ma
438 1164 1165 1215 terias equaliter approximatas agenti: tamen in eadem
439 1207 1162 1262 materia bene potest agens naturale sibi determina
433 1257 1159 1310 re certum effectum. ⁋ Ad secundum dico quod forte possunt
435 1294 1171 1346 esse due causae finales totales eiusdem rei sicut alias dictum
445 1348 1172 1394 est. et due cause agentes successiue totales: pu¬
441 1384 1168 1439 ta si vna causa totalis producat effectum et illa causa de
441 1427 1154 1484 struatur et ponatur alia causa eiusdem speciei et virtutis per
443 1474 1172 1524 omnia: tunc illa causa conseruaret eundem effectum: sicut si
452 1515 1168 1565 iste sol destrueretur et poneretur alius sol eiusdem
454 1561 1162 1613 virtutis per omnia: tunc iste secundus conseruaret illud idem
451 1603 1162 1655 lumen numero in medio quod producit primus sol: nunc
452 1645 1168 1701 autem conseruatio non differt a creatione quantum ad prin
445 1700 1169 1745 cipale significatum: sed solum penes connotatiua.
454 1737 1159 1794 Alio modo potest dici quod sunt due cause totales agen
450 1779 1168 1837 tes rectum vnius effectus simul et semel producti quarum
454 1820 1171 1878 vna sit deus et alia causa secunda cum deo. Exemplum. si
456 1868 1159 1924 esset hoc calor vnus sufficiens ad producendum alium
450 1905 1156 1961 calorem in isto gradu ita quod non requireret aliam causa
448 1954 1160 2008 secundam ad producendum istum calore: tunc calor potest
457 2001 1169 2060 simul et semel produci a calore sicut a causa totali et a
463 2053 1174 2093 deo similiter. quod autem deus concurrat cum calore sicut cau
450 2089 1169 2143 sa totalis vel partialis hoc est in voluntate sua: quia di¬
448 2133 1174 2185 mittit creaturam habere actionem et potest ipse nihilomi
459 2184 1174 2226 nus concurrere sicut placet sibi. quod autem creatura
456 2219 1174 2276 non potest esse causa totalis ratio est: quia semper concurrit
457 2269 1175 2317 deus: sed quod respectu eiusdem effectus sint due cau
461 2309 1175 2356 se totales naturales est impossibile. nec hoc vn¬
460 2351 1177 2417 quam dixi nisi secundum opinionem Ioh. Contra quam arguo
457 2395 1175 2447 in eo quod ponit quod idem homo possit produci a pluri
456 2441 1181 2495 bus patribus: quia non videtur inconueniens secundum eum qui
456 2481 1183 2535 dicit quod ad variationem cause non variatur effectus
457 2527 1171 2581 qui due cause totales possunt idem producere: quia secundum
450 2563 1171 2636 Ioh. duo patres sunt cause naturales: quia eadem
1260 176 1988 247 ratione posset vnus effectus produci a duabus causis
1264 244 1972 290 totalibus naturalibus: puta ignis. et tunc cum ista
1256 282 1983 336 agentia possint simul approximari alicui passo dis¬
1257 327 1975 386 posito: ipse habet dicere quod idem effectus potest produ
1259 368 1981 428 ci a duabus causis naturalibus totalibus: quod tamen
1254 419 1978 470 ego nego. sed hoc non est contra me: quia non pono hoc
1267 463 1978 509 vel si teneretur quod duo calefactiua approximata
1257 511 1984 560 aliquid producerent in passo: quod non videtur ratio quare
1258 552 1982 606 vnum magis produceret in passo quam aliud. potest di¬
1250 590 1978 644 ci quod non essent cause totales: quia produceret alium
1255 633 1990 681 effectum numero distinctum ab illo qui produceretur ab
1269 676 1985 723 vno tantum. et ille effectus sic esset a duobus quod non pos¬
1254 717 1991 772 set esse ab vno solo. et per consequens respectu illius effe
1263 768 1969 820 ctus sunt iste cause partiales: licet respectu alio
1257 809 1985 861 rum effectuum possint esse causae totales. ⁋ Ad aliud
1257 858 1979 906 dubium dico quod non videtur ratio quare in augmenta
1265 897 1970 958 tione prius producitur vna pars quam alia: nisi quia deus
1261 939 1982 999 concurrit ad producendum istam partem et non aliam. ⁋ Con
1261 984 1972 1033 tra. eadem ratione posset deus determinare agens ad
1267 1034 1976 1081 eundem effectum: quod tamen respiceret infinita produci
1266 1075 1978 1123 bilia in eadem materia. ⁋ Preterea. tunc eadem ratione
1270 1117 1982 1170 potest creare: quia deus potest concurrere ad productionem
1270 1160 1978 1212 vnius et non alterius. ⁋ Ad primum istorum et ad aliud
1269 1202 1991 1256 dico quod non est simile de tempore et approximatione.
1269 1248 1985 1306 qui non dependet effectus a tempore sicut a causa nisi per
1260 1290 1994 1343 accidens. quia si deus crearet actiuum sine omni tempo¬
1260 1337 1984 1385 re adhuc produceret effectum. et per consequens quaelibet effe
1271 1377 1984 1428 ctus produci potest in quolibet tempore: nec semper di¬
1262 1429 1988 1479 uersitas approximationis facit ad diuersitatem
1269 1469 1991 1518 effectuum: dummodo agens eandem habeat virtutem.
1274 1512 1993 1563 ⁋ Ad aliud de motu dico quod philosophus dicit vel intel¬
1267 1558 1997 1608 ligit quod ad variationem termini variatur motus. quia
1271 1595 1988 1651 in vno tempore motus connotat aliquas partes contradi¬
1266 1636 1997 1695 ctionis: quas non connotat in alio. tamen quantum ad
1276 1689 1988 1740 omne positiuum et affirmatiuum. secundum quod differt a rebus
1273 1731 1997 1791 permanentibus bene potest esse et redire motus per po¬
1275 1774 1999 1826 tentiam diuinam et forte per naturam in motu locali
1278 1827 2000 1872 quo fit super spacium: potest omne intrinsecum motui re¬
1272 1860 1995 1912 dire idem numero. quia eedem sunt partes magnitudi¬
1269 1916 2000 1960 nis siue spacii: et eedem negationes illarum partium: et
1271 1946 1990 2010 plura non sunt de ratione intrinseca motus: sed mo
1273 1988 2006 2048 tus semper connotat aliquid quod redire non potest. et pro¬
1271 2034 1991 2095 pter hoc non semper est idem dies vel hora. quia primus
1278 2090 2000 2133 dies connotat quod partes magnitudinis mote non
1284 2122 1994 2176 coexistant partibus magnitudinis super quam est mo¬
1276 2170 1999 2220 tus. ita quod non ante. secunda dies quae connotat quod eedem
1277 2210 2005 2272 partes conexistant praedictis partibus semel. tertia dies
1282 2254 2002 2311 connotat quod coexistant bis. et quantum ad ista conno¬
1281 2304 2005 2354 tata non potest semper esse eadem dies per naturam nec
1284 2349 1999 2410 per aliquam potentiam. licet semper sit eadem dies quantum
1279 2390 2000 2444 ad omne intrinsecum diei: siue sit affirmatiuum si¬
1281 2430 1999 2486 ue negatiuum. Ad philosophum dico quod sanitas potest
1285 2480 2009 2530 redire eadem numero. sed sanitas quantum ad conno¬
1279 2530 2008 2578 tatum non potest redire. quia sanitas prima connotat
1284 2574 2008 2624 coexistentiam alicuius partis temporis quae non potest coexistere
