2222 3080
405 174 1118 238 euacuatur leuiter ista difficultas. Sed ista opi¬
403 221 1106 279 nio falsa est intelligendo per quidditatem omne illud quod
396 274 1111 321 est de esentia vel pars essentialis rei. quoniam si materis
400 310 1106 361 non esset de esentia vel de quidditate rei nihil esset
405 356 1106 415 per se compositum ex materia et forma. Preterea. quod est
402 397 1102 454 in genere per reductionem est de quidditate illius quod
396 451 1115 497 est in genere per se. sed materia est huiusmodi. igitur est pars
408 487 1107 542 quidditatis. Preterea. quandocunque aliquid est in gene¬
405 528 1118 580 re per se. vtrumque est pars essentialis et de quidditate il
394 577 1118 630 lius existentis per se in genere: sed tam materia quam for
402 618 1114 682 ma est huiusmodi. igitur etc. ⁋ Item alii tenentes quod mate
402 661 1112 715 ria est de quidditate rei. dicunt quod erit idem homo post
405 712 1112 760 resurrectionem quae ante et habebit easdem partes mate
393 757 1114 807 rie secundum speciem: licet non secundum materiam et numerum. et
396 799 1114 845 eodem modo dicunt quod quandiu homo viuit manet idem nu¬
407 834 1118 887 mero propter identitatem partium secundum speciem: sicut in au
397 885 1118 940 gmentatione materia adueniens cum forma praece¬
397 929 1112 979 dente. et per consequens secundum opinionem istam inducitur per genera¬
406 970 1108 1023 tionem forma substantialis quae semper manet eadem i
405 1015 1115 1067 augmentatione: quamuis non maneat eadem secundum nume¬
396 1061 1112 1111 rum: sed solum secundum speciem ⁋ Pro ista opinione sic an
409 1096 1109 1157 guitur. si adueniret noua forma in augmentatione
399 1140 1109 1202 esset vera generatio. ⁋ Aliter sequeretur quod esset iuxta
402 1193 1114 1244 positio: vel duo corpora essent simul in eodem lo¬
411 1231 1115 1285 co. scilicet corpus auctum et corpus augens. et ita quaelibet pars
408 1274 1123 1325 aucti non esset aucta. ⁋ Preterea. non maneret ali
401 1317 1123 1376 quid idem numero in augmentatione: et maxime in di¬
399 1372 1114 1417 minutione: si semper gnaretur et corrumperetur pars
405 1413 1123 1464 materie et forme simul. Contra philosophum in primo de
404 1453 1112 1507 generatione. materia fluit et refluit. non autem species
399 1498 1111 1548 aut forma. ⁋ Sed hec opinio non videt difficul
406 1545 1121 1588 tatem quaestionis. quia si materia secundum eos est de essen
403 1579 1112 1636 tia compositi ad variationem materie sequitur va¬
408 1631 1117 1682 riatio compositi. et per consequens cum non redeat eadem ma¬
412 1669 1124 1717 teria numero in resurgente non resurget idem homo.
411 1717 1118 1765 quia non est idem totum cuius non sunt eedem partes. patet. di¬
409 1757 1127 1810 stinctio maior realis est inter compositum ex a et b. et con¬
402 1812 1120 1857 positum ex a et c. quam inter compositum ex a et b. et inter
402 1850 1120 1896 compositum ex a b. accipiedo a pro forma. et b et c
405 1891 1121 1945 pro materiis diuersis. quia compositum ex a et be: et ex
411 1931 1115 1984 a ba. est compositum ex eadem materia et eadem forma
411 1978 1114 2026 compositum ex a et b. et compositum ex a et c non sunt ex
412 2020 1114 2069 eadem materia. sed ista distinctio est materialis. et
409 2063 1120 2117 hoc solum propter diuersitatem materie. igitur ad di¬
405 2103 1120 2153 uersitatem materie sequitur variatio compositi. Pre
411 2154 1117 2210 terea. ista opinio non videt difficultatem de au¬
417 2203 1127 2250 gmentatione et concedit quod idem est animal postquam pes
417 2250 1121 2296 abscinderetur ab eo quod an. et tamen in illa abscisione
411 2284 1123 2334 aliqua pars forme deperditur cum forma sit extensa. et per
414 2334 1126 2381 consequens saluatur identitas animalis materialis per solam
423 2372 1121 2426 dentitatem forme secundum speciem non obstante variatione
420 2415 1117 2473 materie secundum numerum: sicut saluatur identitas nume¬
418 2461 1127 2512 ralis eius suppositi per identitatem specificam mate¬
420 2502 1121 2554 rie non obstante diuersitate numerali. Et eodem
411 2545 1129 2614 modo arguitur quod aliquod animal augetur cuius forma est ex.
1215 151 1949 228 tensa et in talibus sicut est augmentatio et varia
1237 222 1946 270 tio in materia ita in forma extensa. hoc probatur: quia
1228 265 1949 316 forma extensa non transit de nouo ad aliquam mate
1227 313 1936 363 riam quae prius non informabat sicut alibi patet. vbi pro¬
1221 353 1934 407 batur quod subiectum cuiuscumque forme est ita simplex
1218 401 1936 451 sicut ipsa forma. patet etiam: quia forma quaelibet deter¬
1224 442 1930 490 minat sibi certam materiam sicut dictum est in quaone
1212 483 1937 542 precedente: quia effectus determinat sibi certum a¬
1218 530 1946 583 gens: et certam materiam. igitur in augmentatione sicut
1221 570 1940 625 est augmentatio materie ita erit forme vel rema
1221 624 1936 670 nebit illa mater sine forma. Preterea. tunc
1212 662 1949 723 augmentatio quantum ad formam non esset nisi quadam ra¬
1221 704 1943 752 refactio: quia quando aliquid manens idem et in secundo adue
1216 750 1937 799 niente aliquo extrinseco occupat maiorem locum
1218 791 1930 847 quam prius illud solum rarefit. sic autem est in augmenta
1227 836 1936 884 tione si forma non varietur: sed solum materia. consequens est fal
1225 882 1935 937 sum et contra philosophum. ⁋ Ad primum istorum dico quod aug
1218 929 1936 976 mentatio differt a generatione: quia pars illa de
1224 969 1937 1015 nouo producta quantum ad materiam et formam vnitur to
1228 1012 1946 1067 ti precedenti cum quo facit vnum sicut pars aquae fa¬
1221 1057 1952 1117 cit cum tota aqua. sic autem non potest esse in genera¬
1225 1100 1940 1160 tione: quia potest generare aliquid ex se existens.
1218 1146 1966 1199 ⁋ Ad aliud dico quod augmentatio non est iuxta po
1218 1189 1952 1238 sitio simpliciter loquendo: sed bene concedo quod iuxta
1224 1234 1945 1285 quamlibet partem formalem quae scilicet potest agere acti
1222 1278 1949 1326 one propria conuertendo alimentum in sui naturam et
1227 1324 1936 1366 vnire sibi iam conuersam fit et generatur alia pars no
1224 1363 1942 1417 subintrans eam: sed faciens vnum cum illa sicut pars aqu
1218 1407 1952 1465 cum aqua. et illud sic plus occupat de loco quam prius
1231 1450 1943 1505 et hoc sufficit ad vitandum iuxta positionem. et per hoc
1218 1497 1945 1551 patet quod duo corpora non sunt simul sicut nec in aug¬
1224 1547 1940 1597 mentatione aqua. et quod quaelibet pars secundum speciem est aucta
1236 1585 1952 1632 vel quaelibet pars potens agere actione propria: quia sibi est
1225 1627 1941 1677 aliquid vnitum modo quod prius non fuit. Ad aliud patet
1221 1668 1949 1721 in responsione questionis. ⁋ Ad aliud dico quod philosophus
1224 1716 1948 1761 intelligit per partes materiales non materiam siue
1231 1759 1949 1809 formam: sed per partes materiales intelligit partes quibus
1218 1807 1948 1859 non competit agere. per partes secundum speciem intelligit
1227 1851 1948 1899 partes quibus competit agere. prime partes fluunt
1220 1891 1948 1943 et refluunt. secunde non. ⁋ Et ideo aliter dico ad quaonem
1224 1944 1952 1989 et primo praemitto quandam distinctionem de quiddita¬
1228 1984 1946 2034 te. nam quidditas vno modo accipitur pro omnibus quae sunt
1224 2021 1952 2073 de essentia rei quae faciunt vnum per se. et isto modo quid¬
1218 2071 1945 2120 ditas est vnum compositum precise ex materia et for
1234 2110 1957 2165 ma: et materia erit de quidditate et essentia com
1237 2158 1954 2205 positi sicut forma: nec est aliqua differentia inter
1233 2195 1952 2247 hanc humanitatem et hunc hominem: vel humanitatem et
1227 2238 1958 2293 hominem. nisi quia humanitas includit aliquod sincathe
1230 2284 1940 2337 goreuma ex vsu loquendi equiualent vel virtua
1237 2335 1949 2387 liter: propter quam inclusionem potest aliquid predica¬
1234 2375 1952 2425 ri de homine quod non de humanitate. Alio modo accipit
1233 2415 1955 2468 tur quidditas pro forma vltima quae aliquid differt ab
1230 2468 1948 2516 alio. quod non est idem cum illo. et de quidditate sic ac¬
1230 2507 1948 2554 cepta est verum quod quidditas differt ab eo: cuius est
1228 2546 1967 2610 quidditas. et quod in separatis est idem quidditas cum eo:
