2255 3080
446 168 1174 246 resurget in eo si viuat vsque ad statum hominis. ⁋ Non
441 237 1156 284 num est in quo materia carnium ex quibus honio toto
456 278 1156 330 epere vite sue nutritur resurget an in nutrito an
447 325 1157 373 illis quorum carnes ille fuerunt. ⁋ Ad primum istorum
450 364 1159 419 potest dici quod forte est impossibile saltem de princi
444 407 1154 465 palibus et spacialibus menbris quod totum scilicet deperdatur
447 445 1166 497 et totum de nouo adueniat. Et propter hoc in vita¬
441 493 1160 541 animalis semper remanet aliquid de partibus spalibus
452 535 1158 597 et principalibus saltem: et propter hoc non dicitur aliud
450 590 1156 636 animal saltem partialiter: sicut patet de corde quod totum
450 628 1166 679 vel aliqua eius pars manet non aucta nec diminu
435 670 1162 720 ta. et communiter dicitur quod si cor tangeretur statim animal
442 709 1162 765 moreretur. et per consequens in illa parte non posset dimi
434 760 1161 809 nui nec augeri aliquo. Eodem modo modo est dicendum
453 803 1166 853 de aliis partibus et principalioribus menbris et spe
446 845 1156 901 cialioribus. ⁋ Ad secundum dicendum est de corpore
444 885 1169 948 homoinis quantum ad partes materiales et formales for
444 939 1163 992 me sensitiue si extendantur in homine sicut de corpo¬
450 978 1156 1031 re bruti. quia quantumcunque fieret nouum corpus per aug
454 1026 1169 1075 mentationem et diminutionem: quia tamen partes spales
453 1066 1157 1119 et principales manent cedem sicut cor etc. propter
441 1108 1163 1159 identitatem illarum partium potest dici idem corpus sicut
450 1155 1162 1209 prius in bruto et aliter no: nec est hoc hereticum
445 1188 1159 1252 dicere sicut non est hereticum dicere quod per augmen¬
453 1245 1168 1292 tationem hominis aduenit noua pars materie: et similiter
451 1283 1168 1331 forme praexistentis. et quando dicitur quod anima praemiatur in eo¬
441 1327 1160 1378 dem corpore in quo merebatur: dico quod anima praemiatur
447 1376 1168 1427 omnino eadem quae prius fuit: quia ipsa scilicet voluntas est prin¬
441 1417 1166 1472 cipium principale operationum meritoriarum. corpus
440 1463 1156 1511 aut nec potentie sensitiue sunt principium talium
454 1513 1160 1559 operationum nisi quatenus conformantur in actibus
444 1546 1169 1598 suis: et regulantur ab intellectu et voluntate: et ideo
452 1590 1159 1646 de se non faciunt ad meritum: sed potius ad demeri.
451 1637 1163 1689 tum: quia caro concupiscit aduersus spictum et praimium es¬
438 1686 1157 1731 sentiale primo et principaliter est ipsa sola fruitio de
447 1730 1171 1775 cum delectatione sequente quae est in sola voluntate et
451 1769 1166 1824 visio dei et dotes anime et corporis sunt praemia ipsius
450 1816 1157 1867 voluntatis: quia omnia ista dantur toti composito tanquam
447 1859 1159 1912 premium propter solum actum meritorium ipsius volun
451 1910 1169 1959 tatis ad modum quo rex dat alicui castrum propter
450 1945 1162 1996 aliquem actum militarem sibi acceptum. et tamen castrum
450 1989 1160 2032 non est in milite: nec semper secum: sed vbicumque fue
447 2034 1159 2085 rit semper castrum dicitur esse eius primium. et non alicuius
456 2074 1160 2128 puta famuli custodientis castrum ad modum quo
453 2120 1171 2167 aliquid confertur filiis propter bonum opus patris.
456 2164 1168 2216 quod collatum non dicitur premium silii sed patris. seodem
463 2209 1169 2261 modo visio dei et dotes corporales et gelificatio
465 2254 1172 2307 corporis nullo modo est nec debet dici premium
466 2299 1169 2350 corporis: sed solius voluntatis: quia conferuntur sibi tam
459 2339 1169 2391 quam praemia pro actu voluntatis quie solus est meritorius
462 2384 1169 2440 et tamen visio dei potest dici beatitudo essentialis qua¬
458 2426 1181 2479 tenus est in eodem subiecto omnino indistincto cum
469 2464 1184 2525 fruitione: quia in eadem anima simplici et indistincta. et
468 2511 1181 2567 ideo illi qui ponunt intellectum et voluntatem poten¬
447 2558 1181 2618 tias realiter distinctas habent dicere quod ita be.
1264 172 1991 231 nem potest deus conferre voluntati visionem dei in alis
1269 231 1988 276 intellectu tanquam premium sicut in intellectu pro
1257 270 1988 329 prio. quia potest separare intellectum absque alio et po
1270 313 1997 362 nere in isto: et econuerso. et sic secundum vnam viam potest anima
1272 360 1982 405 intellectiua premiari in alio intellectu quam ha¬
1260 399 1993 445 buit ante resurrectionem. et ideo dotes corporis.
1254 444 1985 489 sunt verissime premium voluntatis et siue sint in
1267 489 1997 541 eodem corpore siue in alio nihil refert. est tamen
1267 535 1985 584 idem corpus secundum identitatem principalium menbrorum
1263 577 1991 631 ⁋ Ad tertium dico quod non intellexi quod anima intelle¬
1270 622 2003 675 ctiua determinaret certam materiam: quia ipsa crea¬
1263 665 1996 717 tur. et ideo informat quacumque materiam secundum benepla¬
1260 709 1984 759 citum creantis: sed de forma inducta in materia
1269 756 1981 807 per agens naturale est bene verum quod determinat
1263 794 1987 849 sibi certam materiam de aliis non. ⁋ Ad quartum dubium
1260 841 1987 894 dico quod cuilibet parti secundum speciem oportet dare certam
1266 885 1984 942 periodum in qua possit conuertere in se partem nutriti.
1272 935 1994 984 et ideo illa pars est impurior. quod probat: quia omne agens
1275 970 1985 1026 philosophice in agendo patitur. et sic tantum in fine debili¬
1257 1022 1984 1070 tatur quod non poterit conuertere nutrimmentum. et sic
1263 1067 1991 1112 tandem animal corrumperetur. nec potest animal semper conti¬
1266 1104 1984 1155 nuari. Confirmatur: quia virtus conuersiua non potest con
1269 1148 1997 1200 fqtari per aliquod nisi conuertatur in ipsum: sed illud com¬
1269 1196 1994 1247 uersum non poest plus fortificare quam conuertens: quia
1262 1235 1988 1296 productum non est perfectius producente. igitir etc. Sed
1263 1277 1993 1333 ista responsio non videtur habere apparentiam nisi per hoc
1265 1326 1991 1380 quod caro non potest confortari nisi per conuersionem alicu¬
1269 1367 1982 1420 ius in ipsam. quod non videtur verum: quia virtus illa quae
1259 1407 1994 1468 confortatur est accidens: quia confortari et similia non con¬
1263 1458 1978 1513 petunt forme substantiali quae non suscipit magis est
1266 1505 1990 1559 minus. igitur illa confortatio videtur posse esse per
1272 1555 1985 1597 augmentationem aliarum qualitatum: sed ille qua¬
1260 1594 1993 1637 litates possunt confortari augeri et conserua¬
1264 1637 1981 1685 ri per qualitates extrinsecas absque aliqua conuer
1255 1676 1985 1723 sione et postea virtus conuertens remanebit ita
1271 1719 1990 1776 pura post conuersionem sicut anete. Unde sensibiliter
1262 1764 1984 1818 videmus quod ante omnem conuersionem aliquis confortatur
1266 1809 1994 1859 ad faciendum opera vite quae prius facere non poterat
1265 1854 1988 1908 puta statim post comestionem cibi. et sic non opor¬
1275 1886 1996 1943 tet quod agens philosophicum semper in agendo patiatur quando
1266 1943 1997 1994 in multo excedit passum et per consequens virtus
1272 1985 1975 2038 potest confortari absque hoc quod agens philosophicum semi
1263 2031 1993 2086 ita repatiatur quod in fine deficiat: quia semper potest
1264 2071 1987 2125 aliquid habere confortans suam virtute et aliquid
1275 2119 1984 2174 coadiuuans. Exemplum. aliter sequeretur quod ignis
1268 2157 1999 2211 quod est agens naturale semper diminueretur secundum
1271 2208 1994 2256 substantiam suam. et sic semper esset minor. et per conse¬
1269 2249 1996 2302 quens finaliter totaliter deficeret cum sit agens
1272 2291 1985 2349 philosophicum quod in agendo patitur. Et preterea
1273 2338 1984 2390 quamuis primum conuertens fiat debilius tamen
1272 2380 1994 2424 totum resultans postea ex conuertente et conuer¬
1275 2423 1997 2478 so est fortius et perfectius. et sic postea facere
1276 2466 1994 2516 carnem puriorem poterit. Ideo potest dici quod non po
1285 2508 2002 2561 test probari sufficienter per rationem naturalem
1281 2550 2008 2621 quin animal imperpetuum per causas naturales potest conser
