2227 3133
419 206 1135 283 ille actus est complexus et est intellectus poten
420 267 1125 325 tis fabricare aliquid in esse obiectiue: sed illud quod
416 315 1123 373 est preteritum vt preteritum est huiusmodi obiectum
411 354 1126 419 recordationis: quia inter partes complexi istius est aliqua
411 396 1129 464 distinctio: licet non in re. igitur in intellectu fabricante
408 443 1123 499 talem distinctionem. Preterea. preteritio nihil di
419 488 1121 546 cit vltra illud quod praeteritum est: quia nec rem absolu
414 531 1126 593 tam nec respectiuam: patet inductiue. Preterea. ten¬
413 572 1130 646 pus dicit affirmationes et negationes quae non possunt
418 618 1132 683 apprehendi ab aliquo sensu: sed tempus appreheditur
415 663 1136 724 ab intellectu recordante. igitur actus recordandi
408 714 1132 762 non est actus potentie sensitiue. Preterea iste a¬
413 750 1127 814 ctus recordandi non est actus sensus exterioris
426 796 1126 853 certum est nec interioris: quia non potest esse nisi illius
419 841 1134 897 qui habet actum intuitiuum quae actus non videtur competere
423 883 1139 946 sensui interiori. igitur etc. ⁋ Secundum istum modum po¬
426 926 1139 986 nendi potest saluari quod sensus non est reflexiuus: quia
422 970 1131 1033 si potest habere actum recordatiuum potest tunc se reflecte¬
414 1014 1136 1073 re super actum suum. potest etiam saluari secundum istam viam quod
424 1060 1136 1115 nihil estobiectum sensus interioris nisi quod est
416 1100 1130 1168 obiectum sensus exterioris. cuius oppositum est ve¬
423 1149 1129 1202 rum si sensitiua haberet noticiam recordatiuam.
413 1191 1133 1250 ⁋ Sed conclusio predicta sunt aliqua dubia. Primum est de
428 1238 1142 1298 corruptibilitate habitus: quia videtur quod alio modo cor¬
420 1283 1135 1339 rumpitur quam per corruptionem sui subiecti vel inductio¬
420 1325 1139 1384 nem contrari vel substractionem cause conseruantur: quia potest
422 1371 1130 1432 corrumpi per cessationem actuum longo tempore sicut aliquos
425 1411 1129 1471 obliuiscitur demonstrationem alicuius conclusionis quan
414 1455 1132 1518 iam prius sciuit propter defectum exercicii ⁋ Secundum
431 1499 1143 1561 dubium est quorum cognitionem potest anima separata
429 1542 1139 1601 acquirere vtrum omnium naturalium materialium et imma¬
426 1583 1148 1646 terialium vel immaterialium tantum. ⁋ Tertium est de hoc quod
429 1632 1147 1689 icitur quod de virtute noticie intuitine potest haberi noti¬
423 1674 1135 1737 cia abstractiua. quia tunc sequeretur quod essent duo
426 1718 1145 1779 actus intelligendi in intellectu simul. consequens est falsum
418 1769 1132 1825 falsitas consequentis patet: primo quia quandocunque sub aliquo
428 1812 1144 1876 genere plures species sunt incompossibiles vel
433 1852 1139 1908 contrarie omnes species illius generis sunt incompos¬
429 1895 1147 1962 sibiles. sed opiniones contradictoriorum continentur sub
428 1940 1138 2010 genere noticie et sunt contrarie secundum omnes. igitur omnes
438 1985 1147 2045 noticie distincte sunt contrarie. Preterea secundo tho¬
437 2026 1145 2091 picorum. Contingit plura scire tantum vnum intellige¬
432 2080 1147 2131 re. Si dicis quod intelligit quod possibile est plura sci
433 2119 1144 2173 re et tantum vnum intelligere. Contra. intellectus est
431 2160 1144 2220 simplex. igitur vbi couertitur totaliter conuertitur. igitur
432 2206 1149 2262 si totaliter conuertatur ad eliciendum vnum actu non
435 2250 1148 2311 potest simul conuerti ad eliciendum alium. Preterea intel
447 2292 1154 2352 lectio vnius impeditur per intellectionem alterius. ergo non
440 2339 1148 2404 possunt simul stare ⁋ Quartum dubium est an actus recor¬
441 2380 1165 2435 dandi respectu alicuius actus praeteriti possit sim¬
456 2427 1156 2483 plicitur esse primus vel neccessario praesupponat alium a¬
444 2470 1169 2531 ctum ⁋ Quintum dubium est non videtur quod habitus geni
443 2520 1156 2571 tus ex illo actu qui est obiectum partiale actus re
444 2561 1156 2612 cordandi possit esse principium elicitiuum illius actus
449 2599 1161 2662 recordandi: quia omnis habitus generatur ex actibus illis simili
1221 205 1958 274 bus ad quos inclinat: sed habitus generatus ex actu
1224 270 1954 317 recordandi inclinat ad actum complexum. igitur non ge
1233 301 1955 361 neratur ex habitum nec ex actu incomplexo. Preterea
1233 349 1952 405 primus actus recordandi non generatur ab habitu comple¬
1233 400 1943 453 xo: quia nullus est primus. nec ab habitu incomplexo
1229 429 1954 491 qui habitus incomplexus non inclinat immediate in actum
1224 478 1952 537 complexum. igitur a nullo generatur. Preterea omns rationes
1226 523 1963 590 probantes quod species non potest esse causa actus recordandi
1233 576 1954 622 equaliter probant de habitu: quia habitus equaliter respicit
1227 614 1943 666 omnem differentiam temporis sicut species. igitur etc. Preterea
1233 655 1949 710 istum habitum potest deus causare ante omnem actum intelligen¬
1230 696 1949 750 di sicut speciem. igitur non inclinat ad aliquem actum
1229 744 1961 800 praeteritum. Sextum dubium est an actus recordandi
1230 784 1971 841 sit intuitiuus vel abstractiuus. ⁋ Septimum dubium
1235 832 1951 883 qui videtur quod actus recordandi non sit complexus: quia si
1230 874 1955 931 sic cum actus recordandi sit eiudens sequeretur quod illud
1239 915 1963 971 complexum esset euidenter notum. sed euidens complexum cau
1231 962 1949 1015 satur ex noticia terminorum intuitiua sicut in propo¬
1232 1006 1960 1061 sitione contingenti euidenter nota: sed obiectum recor¬
1229 1055 1954 1109 dationis non est euidenter notum vno modo vel alio
1230 1107 1960 1156 modo. igitur etc. Preterea. preteritum vt preteritum
1238 1140 1951 1195 non est complexum sicut nec homo inquantum animal. igitur
1244 1183 1954 1241 propter tale obiectum non debet actus dici complexus
1236 1237 1967 1283 Sctauum dubium est. quia videtur quod memoria proprie
1242 1270 1966 1326 dicta sit in parte sensitiua probo per philosophum secundo poste¬
1246 1312 1957 1368 riorum in fine. vbi dicit quod in quabusdam animalibus est
1244 1368 1958 1414 memoria et in quibusdam non. hoc etiam dicit primo me
1242 1403 1951 1457 taphisice. quia cum sensibus quibusdam ipsorum memoria
1239 1453 1969 1505 non insit quaebusdam vero insit. et propter hoc quadam animalia
1244 1489 1963 1557 prudentia sunt alia vero indisciplinabilia non
1248 1533 1960 1599 potentia memorari. Item de menoria et reminiscem
1248 1578 1966 1636 tia est manifestum quod in primo sensitiuo horum cogni¬
1243 1625 1961 1685 tio sit. Item per experientiam patet de brutis quie habent
1248 1671 1954 1724 actum prudentie: quia certo tempore operantur et certo lo
1259 1715 1958 1765 co vt formice. similiter patet de vidicta et ira sicut patet
1248 1755 1963 1814 in symea vel cane. similiter patet de furiosis quae dicunt
1250 1800 1966 1856 se audiuisse quod modo non audiunt: et tamen non habent
1251 1841 1970 1907 vsum rationis. igitur habent memoriam sensitiuam. Pre
1247 1889 1965 1945 terea rationes videntur ad oppositum. Preterea. vi¬
1242 1928 1971 1980 detur quod sensatio potest esse obiectum sensus secundum philosophum
1248 1972 1964 2032 secundo de anima. quia sentimus: quia videmus et audimus
1249 2021 1966 2078 similiter sensus habet iudicium quo differt ab actu appre
1251 2062 1966 2119 hensiuo. similiter habet memoriam recipiendi indiuisibi¬
1257 2103 1963 2164 lia. Preterea secunda ratio non valet: quia sensus potest con
1256 2149 1973 2221 prehendere aliquod complexum. videtur enim canis sillo¬
1251 2193 1975 2262 gisare et discurrere etc. similiter potest apprehendere ali
1265 2239 1964 2302 quod complexum quod potest fingere montem aureum patet de
1260 2279 1975 2345 ymaginatiua. Preterea. accipit quod nihil est semn¬
1263 2322 1970 2382 sibile nisi res in actu vel in potentia. Contra. pri
1254 2377 1978 2427 mo de anima rectum est iudex sui et obliqui. Et se¬
1261 2417 1973 2477 cundo. visu discernimus lumen et tenebram. Preterea
1263 2458 1976 2527 quod dicitur quod brutum non potest apprehendere tempus non
1271 2503 1972 2561 videtur verum: quia de memoria et reminiscentia. quaecum
1262 2546 1981 2615 que animalium tempus sentiunt et in qua. hoc sola animalia memo
1263 2593 1979 2651 rantur et in quo sentiunt. Item post. omnibus animalibus
