2250 3083
288 144 1000 227 non est memoria. ⁋ Ad primum istorum potest dici quod
301 221 1003 264 deus non conseruat quando deficit exercitium actus diu
291 256 1003 308 et tunc corrumpitur. Aliter potest dici quod ex actibus
297 296 997 353 intellectus frequenter elicitis causatur aliqua qua¬
284 344 1010 402 litas in corpore et voluntate. similiter sicut videmus
294 390 994 456 quod actus concupiscentie siue passiones appetitus
285 433 1000 486 sensitiui moderantur per actus intelligendi et volen¬
280 486 994 529 di per hoc quod voluntas suspendit actu intellectus
285 522 997 575 respectu talium: et conuertit se ad alia et voluntas
288 561 1010 615 vult deum vel aliquid tale: ita quod ex frequenti intel¬
288 609 1006 658 lectione et volitione potest generari et augeri aliqua
297 656 1004 706 qualitas corporalis quae est conseruans habitum in
288 693 997 747 intellectu et voluntate siue quia frequenter secundum alte
282 736 1003 788 rationem anime sequitur alteratio corporis. et ideo ad
293 782 998 840 corruptionem illius qualitatis corporalis conser
288 825 997 886 uantis sequitur corruptio habitus in anima. Illa autem
288 877 1007 924 qualitas corporalis corrumpitur per actionem extrin¬
290 916 1012 967 secorum agentium. quae continue agunt in corpus alte¬
282 959 1012 1011 rando diuersimode. cuiusmodi sunt elementa et
288 999 1009 1054 alia corpora multa propter quorum actionem corrum¬
299 1043 1004 1096 pitur qualitas illa corporalis quando non augetur per fre¬
288 1084 998 1145 quentationem actuum intellectus et voluntatis. et hoc
301 1139 1001 1180 videtur esse ratio quare corrumpitur habitus in intelle
293 1174 990 1229 ctu et voluntate per cessationem actuum: et dicitur esse
292 1224 991 1273 corruptio per obliuionem. ⁋ Ad secundum dubium dico
288 1259 1006 1323 quod anima separata potest acquirere tam notitiam materialium
287 1309 1010 1367 quam immaterialium. et hoc naturaliter sicut angelus. et dicen¬
286 1353 1004 1405 dum est idem de anima separata per omnia: sicut dictum est de
294 1393 1003 1458 angelo. in secundo tamen cognitionem dei imprticulari non potest
296 1438 991 1495 naturaliter acquirere: quia illum actum videndi potest solus
285 1483 1004 1536 deus causare. Si dicas quod deus se ostendat tamquam ob¬
288 1529 1007 1580 iectum intellectui separato sicut albedo modo se osten¬
294 1567 997 1625 dit: tunc videtur quod intellectus talis possit acquire¬
286 1619 1000 1667 re aliquem actum circa deum et naturaliter elicere. Re
286 1654 1004 1719 spondeo quod omnino eodem modo ostendit se deus intellectui
297 1700 1004 1756 coniuncto sicut separato per sui scilicet praesentiam: quia non aliter
299 1743 1000 1801 est praesens vni quam alteri. Unde non est imaginandum de
285 1787 1004 1836 ostensione dei sicut de aliis obiectis: quia alia ob¬
294 1834 1007 1892 iecta si fuerint presentia potentie cognitiue et
292 1884 1007 1929 non sit impedimentum possunt naturaliter cogno¬
289 1919 1000 1973 sci: siue sint materialia siue immaterialia: quia non
297 1967 993 2025 est in ptante eorum cognosci vel non cognosci: sed
295 2017 991 2067 quantumcunque deus sit praesens alicui potentie non impedite
300 2049 1006 2110 non est in ptante sua videre et non videre: quia si vult
303 2099 1010 2147 videri videtur: et si non vult videri no videtur. et to¬
285 2135 998 2194 ta causa est: quia deum ostendi voluntati non est nisi
293 2181 1007 2233 deum videri a voluntate et visio dei totaliter causa
299 2231 1007 2280 tur a deo. nec potest aliqua creatura in visionem hanc
291 2270 1006 2322 nec naturaliter nec aliquo modo ⁋ Ad tertium dico
294 2320 1009 2381 quod duo actus intelligendi possunt simul esse in intelle¬
300 2362 1000 2416 ctu. Et ad probationem dico quod quando aliqua species extre
293 2403 1004 2457 me sunt incompossibiles omnes intermedie proprie
292 2454 997 2503 sunt incompossibiles sicut patet. quia omnes species inter
299 2490 999 2543 album et nigrum sunt incompossibiles: sed notitia in¬
296 2534 1003 2593 tuitiua et abstractiua non sunt proprie species me¬
1102 149 1820 216 die inter notitias duarum opinionum contrariarum. et
1108 209 1822 255 ideo non est ad propositum. Ad aliud patet alibi quod philosophus
1101 252 1826 315 ponit differentiam inter actum sciendi et intelligendi: quia plu¬
1108 296 1825 350 ra possum scire et intelligere tantum vnum. igitur etc. Ad
1110 340 1823 395 probationem dico quod assumptum est falsum: sed intelle
1107 386 1822 437 xit quod hec consequentia bona est. possum plura scire: et tantum
1113 431 1823 485 vnum intelligere. igitur intelligere et scire distingum
1107 471 1826 521 tur: et econtra contingit plura intelligere et tantum vnum
1111 518 1820 567 scire. igitur distinguntur. Ad aliud dico quod intelle¬
1111 559 1808 609 ctum totaliter conuerti potest duplicitur intelligi. Uno
1111 604 1810 661 modo quod totaliter conuertitur sic quod nulla pars illius sit non
1105 645 1826 695 conuersa: et sic est verum quod simplex est non habens
1107 688 1825 750 partem. ⁋ Alio modo quod conuertitur eliciendo vnum quod non potest
1111 744 1826 788 elicere alium: et sic non totaliter conuertitur. quia si sic
1107 777 1822 832 concluderet quod deus non potest simul producere plures
1111 828 1817 871 creaturas et quod anima non potest siml habere actum vo¬
1116 865 1814 916 lendi et intelligendi: quod falsum est. igitir etc. Ad aliud
1103 910 1823 960 dico quod aliquando intellectio vnius impedit intellectio¬
1101 956 1819 1003 nem alterius sicut intellectus vnius disparati impedit
1108 995 1817 1048 intellectionem alterius. aliquando non: sicut quando in
1099 1049 1817 1095 tellecta ordinantur et intellectiones. sicut intelle¬
1108 1083 1820 1132 ctio incomplexi ordinatur ad complexum. tunc possunt si¬
1105 1130 1823 1179 mul esse: nec vna impedit aliam. ⁋ Ad quartum du¬
1113 1170 1824 1222 bium dico quod naturaliter loquendo actus recordandi
1102 1216 1814 1270 neccessario praesupponit actum recordantur praeteriti: licet aliter
1100 1256 1829 1307 fieri possit per potentiam diuinam: quia actus recordandi
1111 1308 1820 1349 est respectu actus recordantis praeteriti sicut ob¬
1093 1348 1823 1394 iecti partialis. et ideo actus recordantis non potest esse
1104 1383 1823 1447 naturaliter simplicitur sine actu praeuio. ⁋ Ad quantum
1112 1432 1822 1489 dubium dico quod habitus generatus ex actu recordantum
1098 1477 1829 1540 preterito cum multis aliis habitibus incomplexis in¬
1103 1520 1826 1574 clinat partialiter ad actum recordandi. et praeter hoc sunt ali
1108 1563 1817 1617 quie habitus complexi quae inclinant ad illum actum recordam
1110 1609 1820 1658 di immediate: nec habent alium actum: sicut postea spa
1098 1652 1813 1701 tebit. sed habitus incomplexi non inclinant ad actum con
1101 1693 1817 1751 plexum immediate: puta ad actum recordandi: sed tantum
1100 1741 1808 1799 mediante actu proprio. Et quando dicitur quod habitus inclinant
1104 1787 1808 1832 ad actus consimiles. igitir etc. verum est: sed non tantum ad illos
1104 1830 1817 1879 sed etiam ad alios dissimiles maxime mediate: sed for¬
1099 1871 1808 1929 te immediate non inclinant nisi ad actus consimiles. et ideo
1104 1914 1832 1965 habitus incomplexus non inclinat ad actu complexum:
1098 1958 1823 2016 sed ad actum incomplexum immediate et ad alium comple¬
1104 2005 1816 2058 xum mediate. Ad aliam rationem pro dubio dico quod pri¬
1111 2045 1825 2104 mus actus recordandi causatur ab habitu complexo in¬
1105 2092 1820 2140 mediate et ab habitum vel habitibus incomplexis mediate
1105 2133 1814 2179 tamen quando actus recordantur qui est obiectum partiale actus re
1117 2176 1805 2227 cordantis. sic non solum habuit recordans illum actum
1110 2218 1822 2270 incomnplexum generatiuum habitus incomplexi: sed etiam
1098 2261 1808 2313 actum complexum duplicem. vnum quo apprehendit il¬
1101 2305 1810 2369 lum actum esse: et alium quo euidenter assentit huic
1110 2351 1808 2401 complexo iste actus est. et ex isto actu generatur
1110 2398 1823 2448 habitus incomplexus inclinans immediate ad a¬
1113 2444 1820 2496 ctum recordandi similem sibi in specie saltem tanquam
1102 2484 1817 2543 ad principale obiectum qui est actus recordan¬
1110 2525 1819 2596 tis licet mutetur differentia temporis que non mu
