2261 3093
318 192 1028 259 nec creaturas in deo nec sicut in causa nec si¬
312 249 1022 302 cut in speculo praesentante nec sicut in efficiente. sed
313 294 1016 347 si naturaliter representaret: tunc non videtur ra
312 335 1019 387 tio quare vna creatura esset magis visa quam alia
316 378 1019 435 et sic omnes vel nulle videretur: sed solum illas ere
309 424 1031 477 aturas: quarum visionem deus causat in tali intel¬
318 474 1019 522 lectu. et quia de communi lege deus tales visiones crea
310 512 1019 566 turarum non causat nisi videatur ipsa essentia. ideo
319 563 1022 613 talia dicuntur videri in tali essentia diuina. quia in¬
321 603 1031 653 tellectus recipit visionem ab essentia diuina: si¬
316 649 1025 697 cut a causa efficiente. non autem videt in essentia di¬
316 690 1019 746 uina sicut in libro vel in speculo secundum imagina¬
315 742 1024 783 tionem aliquorum. Quarto dico quod actus beatificus
316 781 1022 835 potest esse idem respectu essentie diuine et respe¬
315 824 1021 870 ctu creaturarum: et non primo respectu dei et post
322 862 1031 913 respectu creature secundum imaginationem Iohis. quia
308 909 1031 962 impossibile est quod sit idem actus propter rationem
313 955 1022 1008 iam dictam: et si semel videantur illo actu semper vi¬
316 995 1025 1052 debuntur actu ipso stante. Cuius oppositum vido
316 1039 1027 1090 tur Iohes dicere. et si ille actus semper continua¬
319 1082 1030 1139 retur ille actus non esset beatificus: quia esset praeci¬
316 1136 1025 1181 se respectu creaturarum nisi solum accidentaliter
312 1179 1025 1223 vel plures actus essent beatifici simul. Quinto
325 1220 1027 1269 dico quod potest poni quod iste actus sit interruptus et
318 1263 1025 1307 causetur nouus actus respectu omnium istorum prius
329 1303 1036 1354 visorum et respectu aliorum obiectorum et creaturarum
316 1351 1040 1403 et tunc secundum istos duos modos ponendi oportet pone¬
315 1391 1040 1441 re quod in eodem intellectu successiue possunt esse plu¬
321 1439 1027 1484 res actus beatifici: vel quod simul sunt tales actus
321 1481 1039 1530 et hoc videtur rationabile: quia nulla videtur repu
329 1523 1033 1581 gnantia. Circa quartum articulum dico quod praesup¬
331 1569 1037 1621 posita precedenti distinctione de comprehensione.
326 1608 1034 1663 quia vna creatura potest comprehendere aliam creatis
327 1654 1034 1708 ram. primo sic quod nihil eius lateat eidem. et sic secundo
322 1701 1031 1747 modo maxime quando videtur aliquod totum secundum omnes
337 1742 1043 1799 partes suas. tertio modo potest comprehendere: quia
326 1787 1034 1836 res potest cognosci perfectiori cognitione: quam sit cre¬
331 1833 1037 1884 ature cognitio: quia cognitione diuina et etiam potest
327 1873 1040 1925 deus causare perfectiorem cognitionem creatam omnt
322 1920 1046 1966 nunc creata. quarto modo non potest apprehendere
336 1961 1036 2012 creaturam: quia multa praedicata possunt conuenire
331 2009 1039 2057 rei create que nunquam omnia scientur ab intellectu
340 2053 1042 2099 creato. quinto modo potest comprehendere creaturam
340 2098 1039 2145 quia potest esse proportio recta ita perfecta inter in
346 2140 1054 2187 tellectiones sicut inter res. et ita erit aliqua in
348 2178 1055 2234 tellectio ita perfecta intellectione inter intelle
345 2227 1043 2282 ctiones: sicut est res perfecta inter alias res. ⁋ Sed
339 2264 1045 2329 contra praedicta sunt aliqua dubia. ⁋ Primum de
348 2319 1043 2368 visione diuine essentie. vtrum sit actus complexus
345 2354 1058 2411 vel incomplexus. et ratio dubitationis est: quia actus
352 2406 1054 2450 complexus videtur perfectior incomplexo: sed actus
354 2445 1052 2499 beatificus est perfectissimus. ⁋ Secudum est. vtrum
355 2489 1055 2548 actus beatificus sit actus rectus vel reflexus. quod
346 2530 1058 2581 reflexus probatur. quia nullus est perfecte beatus ni¬
351 2575 1066 2642 si sciat se esse beatum. et per consequens habeat secu
1125 183 1862 261 ritatem de hoc. ⁋ Tertium est. vtrum actus reflexus
1131 240 1863 306 sit idem actus numero cum actu recto. ⁋ Quartum
1125 291 1838 344 vtrum intellectus beatus potest simul videre infi
1125 337 1844 390 nita ⁋ Quintum est. an cognitio rerum in verbo et
1137 382 1837 437 cognitio earundem in genere proprio sint cogni¬
1135 425 1838 477 tiones distincte secundum speciem. ⁋ Sextum a quo cau
1138 471 1826 527 santur actus videndi. ⁋ Ad primum istorum dico quod
1129 520 1832 568 est actus incomplexus: quia intuitiuus. Ad pre
1135 558 1837 618 bationem dico quod notitia complexa est perfectior in
1135 607 1840 656 complexa quando sunt eiusdem generis. Preterea
1147 642 1852 693 vtraque existente abstractiua: si tamen vna notitia in¬
1130 688 1841 740 complexa sit intuitiua et complexa abstractiua
1125 728 1834 793 tunc non oportet sicut est in proposito. ⁋ Ad secundum d
1134 773 1841 829 co quod est actus rectus: quia sine omni actu reflexo potest ali¬
1139 821 1849 871 quis equaliter esse beatus. et quando dicitur quod nullus est perfecte
1140 865 1843 915 beatus etc. dico quod aliquis potest esse perfecte beatus beatitu
1138 908 1844 953 dine essentiali: licet nesciat se esse beatum. et hoc actu el
1137 946 1849 1001 cito. sed sufficit quod habeat principium sufficiens. vnde sta
1126 996 1853 1045 tim potest scire se esse beatum nifi deus impediat. Ad
1130 1037 1853 1088 aliud de securitate patet quod homo potest esse equaliter bea¬
1146 1087 1852 1131 tus sine illa securitate. et hoc si sit aliquod distinctum
1141 1123 1853 1177 a fruitione: quia securitas nihil aliud est quam euidens
1144 1168 1861 1221 vel certa cognitio de diuina ordinatione: quia ordi
1138 1213 1864 1265 nauit actum beatificum semper esse continuandum: sed si ille
1143 1260 1852 1312 actus idem esset cum visione dei: tunc non posset esse be
1142 1300 1855 1352 atus sine securitate si ponatur distinctus actus tota
1144 1341 1853 1397 liter causatus a deo. quod videtur esse verum: quia visio dei est
1146 1392 1861 1444 noticia inconplexa. hec autem noticia complexa: quia
1136 1435 1861 1488 terminatur ad istud complexum. deus ordinauit istum
1149 1474 1864 1526 actum beatificum semper continuandum: tunc differt realiter a vi¬
1141 1522 1861 1570 sione. et potest esse ta visio quam fruitio eius sine tali actu
1144 1565 1870 1618 creato: nisi ponatur quod idem actus potest esse complexus et in¬
1144 1599 1858 1663 complexus rectum diuersorum obiectorum. sicut actus ille quae
1152 1648 1871 1706 formatur propositio potest dici incomplexus quatenus ipso apprehe¬
1143 1694 1859 1745 ditur terminus propositionis. et potest esse complexus quatenus ipso ap
1145 1734 1857 1800 praeheditur tota propositio ⁋ Ad tertium patet quod non. sic alib
1156 1783 1852 1845 diffuse patet. ideo nunc pertranseo. ⁋ Ad quartum dico quod non
1162 1834 1870 1883 qui si sic: aut per vnum actum aut per infinitos terinatos
1155 1868 1862 1921 ad diuersa obiecta. siue sic siue sic semper argueret
1151 1911 1876 1963 infinitam perfectionem in actu terinato ad infinita obie
1155 1959 1877 2010 cta vel in actibus: quia quantumcumque multa possunt intelli¬
1161 2005 1865 2061 gi per vnum actum finitum et aliquando actus terinatus ad
1158 2049 1867 2096 multa potest esse imperfectior et remissior quam actus terina
1161 2092 1865 2143 tus ad vnum solum tamen actum terminari ad infinita
1160 2132 1870 2185 semper arguit excessum vltra finitatem vel infini
1161 2181 1867 2228 tate. ⁋ Ad quintum dico quod si cognitio creature
1155 2219 1861 2271 in verbo sit intuitiua et in genere proprio sit ab
1161 2263 1880 2316 stractiua. tunc distinguitur specie sicut alibi patet.
1161 2308 1881 2360 si autem vtraque sit intuitiua puta si deus causaret
1161 2349 1880 2402 cognitionem intuitiuam alicuius albedinis in in
1163 2396 1877 2446 tellectu beatifico: et ipse beatus corporaliter videret
1160 2437 1877 2496 eandem albedinem: tunc cognitio albedinis in verbo
1161 2477 1870 2534 et in genere proprio non sunt distincte cognitiones secundum
1171 2532 1880 2586 speciem: nec etiam secundum numerum loquendo de intui
1156 2569 1879 2627 tiua intellectiua. quod non secundum speciem: quia habent idem
