2273 3079
254 159 970 237 ideo non est simile hoc et ibi ⁋ Ad hoc posset dici quod secundum po
264 215 967 275 tentiam dei ordinatam non posset ille actus per aliquod
257 263 979 319 tempus conseruari sine caritate: quia deus sic ordinauit
254 302 965 367 quod quaecumque et quandocumque haberet talem actum statim infunderei
266 346 973 414 sibi caritatem: nec per potentiam dei ordinatam posset
264 398 970 451 caritas substrahi manente tali actu. et ideo assum
260 445 979 503 ptum est falsum scilicet quod potest naturaliter conseruari sine ca¬
261 479 980 539 ritate. et per consequens exempla adducta non sunt ad propo
262 534 968 582 situm. Sed quicquid est de potentia dei ordinata cer
252 572 970 621 tum est quod de potentia dei absoluta potest talis actus
267 620 982 670 naturaliter produci et in perpetuum conseruari natura¬
263 655 974 719 liter sine caritate. et etiam infusa caritate. et potest
264 709 976 766 per potentiam diuinam absolutam caritas annihilari
261 742 973 804 manifeste eodem actu quo prius naturaliter con
261 785 981 852 seruato. Ideo potest aliter responderi ad rationem posi¬
268 832 977 889 to casu praedicto quod caritas cum voluntate diligente
260 879 980 936 deum tali actu naturali causat aliquem gradu in¬
272 926 969 978 tensiorem et eiusdem rationis quem gradum non potest volu¬
261 966 979 1021 tas cum aliis causis naturaliter causare. Et quan
278 1019 985 1065 do dicitur quod talem actum non experimur in nobis. di¬
274 1057 977 1113 eo quod caritas infusa ponenda est in nobis non pro¬
272 1098 973 1164 pter experientiam aliquam: quia ad hoc nullam habem
264 1145 983 1199 experientiam: sed solum est ponenda propter auctorita
271 1185 985 1238 tem eccusie hoc determinantis sicut supra patuit.
273 1228 992 1290 Ex eadem auctoritate habemus rationabiliter po¬
280 1279 995 1330 nere quod caritas concurrit cum voluntate ad causan
276 1316 986 1380 dum aliquem gradum intensum dilectionis eiusdem ratio¬
279 1360 982 1418 nis quamuis ad hoc nullam habemus experientiam. Ex
274 1410 986 1462 istis patet quod actus naturalis et meritorius possunt
272 1450 979 1514 esse eiusdem speciei: quia ille gradus intensus causat
274 1503 985 1552 mediante caritate est eiusdem speciei cum actu natu
278 1539 985 1595 rali praecedente: quia distinctio specifica in causa non ap
279 1586 989 1645 guit distinctionem specificam in effectu. patet de mul
285 1628 992 1687 tis causis partialibus distinctis specie concurrentibus
283 1679 988 1729 ad effectum eundem. et ideo quamuis caritas distingua
277 1724 983 1776 tur specie ab aliis causis producentibus actum merito
273 1757 986 1825 rium non oportet tamen propter hoc quod ille gradus causat
275 1809 1003 1858 mediante caritate distinguatur specie ab alio gradu:
272 1852 997 1911 immo secundum istam viam actus pure naturalis et actus
281 1900 991 1949 meritorius faciunt vnum actum numero sicut duo gra
288 1942 998 1995 dus albedinis faciunt vnam albedinem numero
291 1977 997 2031 vnde quando actus naturales perfecte meritorii habent
287 2021 994 2083 idem obiectum specie: tunc possunt esse vnus actus spe
291 2076 1000 2127 et numero modo predicto quando autem non habent idem
284 2113 995 2168 obiectum specie: tunc necessario actus naturalis et
289 2161 998 2212 meritorius distinguntur specie: sicut si aliquis diligeret
304 2201 1003 2254 deum super omnia non secundum aliquam circumstantiam requisitam
296 2240 1000 2299 et iste idem primus diligeret deum super omnia secundum omns
294 2285 1012 2341 circumstantias: puta secundum rectam rationem quae est finis
287 2334 1000 2391 vltimus et sic de aliis. hoc actus pure naturalis et me
285 2374 1012 2437 ritorius neccessario distinguntur non solum numero: sed etiam specie
296 2417 1006 2480 propter diftinctionem specificam circumstantiarum quae sunt
291 2465 1009 2523 obiecta partialia actus meritorii. de hoc quare in quaone
303 2507 994 2564 de connexione virtutum moralium. Si dicas quod illa es
297 2547 1021 2622 non possunt habere effectum eiusdem rationis non possunt esse eiusdem
1077 154 1793 224 rationis: sed actus ille naturalis et gradus causatus medi
1083 211 1798 264 ante caritate non possunt habere effectum eiusdem rationis: quia
1081 265 1793 311 ille gradus facit aliquem acceptum deo actus natura
1087 298 1792 355 lis non potest hoc facere quantumcumque per causas naturales in
1078 345 1795 398 tendatur. igitir etc. Respondeo et dico quod quando effectus sequitur
1075 389 1793 443 causam naturali neccessate: tunc est propositio accepta vera. quando
1072 440 1786 489 autem sequitur contigentur ex mera libertate et voluntate
1078 478 1796 522 causae extrinsece in cuius libertate et ptante est quod talis ef¬
1090 518 1794 575 fectus sequatur talem actum vel non sequitur. similiter quod sequatur
1096 564 1799 618 vnum actu et non alium non oportet quod sit vra. sic est in proposi¬
1084 613 1802 662 to: quia quod actus cum illo gradu causato mediante caritate
1086 652 1795 708 sit acceptus a deo: et sine illo non sit acceptus. hoc so
1096 699 1795 747 lum est ex mera libertate et voluntate dei sic ordinam
1091 740 1796 798 te. Et ideo non sequitur quin illi gradus sint eiusdem specie
1083 795 1802 840 sed supposito quod caritas habeat actiuitatem rectum a¬
1096 830 1801 876 ctus meritorii modo praedicto: adhuc est dubium quo
1081 878 1807 931 ille auctoritates habeant intelligi quod voluntas est pedisse
1092 922 1799 971 qua caritatis: et quod caritas se habeat ad voluntatem
1093 964 1810 1012 sicut sessor ad equum: quia ex istis videtur sequi quod caritas
1084 1012 1795 1059 est causa principalior quam voluntas rectum actus meritori
1091 1051 1813 1102 quod non est verum. ⁋ Respondeo quod intelligende sunt quantum ad
1092 1100 1814 1150 rationem merendi. non quantum ad substantiam actus: quia rectum subseantie
1092 1143 1816 1190 actus voluntas est causa principalior. sed quantum ad accepta
1101 1176 1809 1228 tionem divinam siue rationem merendi est voluntas quasi pe
1099 1223 1804 1275 dissequa et famula et caritas quasi domina: quia sicut pedisse
1097 1267 1813 1318 qua non est domino accepta per se sed mediante dna cui
1096 1316 1808 1366 famulatur: ita voluntas cum nullo actu mere natur
1090 1353 1819 1408 rali deo est accepta sine caritate: sed ea mediante est
1103 1401 1823 1456 voluntas deo accepta et cara. et similiter actus non est sine
1088 1445 1817 1497 ea. et ideo dicitur pedisseqi. Eodem modo modo dicitur quasi sessor equi: quia
1089 1489 1805 1535 sicut sessor regit et gubnat equum: ita caritas voli
1090 1532 1816 1585 tatem quantum ad acceptationem divinam et vitam eternam:
1093 1580 1804 1628 quia quae plus habet de caritate plus est acceptus deo et e
1095 1618 1816 1676 minus minus. ⁋ Ad secundum dubium supposito quod illa
1104 1663 1819 1721 positio ibi facta sit possibilis sicut credo quod sit. di¬
1098 1711 1810 1769 co tunc quod talis transitus de contradictorio in contradictorium
1095 1752 1811 1804 saluari debet per transitionem temporis et ordinationem divinam
1107 1798 1822 1849 eternam de nouo factam: quia quod non habet saluari per solam
1097 1839 1819 1902 transitionem temporis nisi illud concurrat satis efficacitur
1108 1884 1829 1942 concludit illa ratio prius fcam. quod etiam non potest fieri per or¬
1101 1935 1810 1987 dinationem dei nouam. patet: quia si deus non ordinare
1101 1973 1821 2021 de nouo quod ille actus naturalis esset deo acceptus
1100 2018 1822 2066 quae tamen non esset acceptus deo secundum potentiam ordinatam
1105 2064 1829 2118 eternam: oportet hoc neccessario esse per nouum velle: quia hoc est deum
1112 2095 1819 2159 ordinare deum velle: sed hoc non potest aliquo modo fieri sii
1104 2147 1819 2202 mutatione quae non potest in deo ess. oportet igitur neccessario dicetur quod
1111 2187 1819 2254 talis ternsitus saluatur per ternitionem temporis actualem vel po¬
1117 2233 1820 2294 tentialem et per ordinationem divinam etnam. et per istum modum
1113 2285 1825 2334 qui deus ordinauit ab eteno et forte quod ille actus natu
1106 2325 1815 2381 ralis vno tempore non esset sibi acceptus sine caritate
1113 2365 1832 2416 alio tempore esset talis acceptus sine omni caritate si solum
1126 2409 1833 2459 empus transeat ille actus esset primo non acceptus sin omni
1110 2453 1835 2506 destructione vel positione cuiuscum positiui. Exemplum
1118 2500 1819 2552 si rex statueret quod quiecumque in a die inueniretur in aulo
1111 2541 1837 2610 sua. esset ei imimicus: et quicunque in b die esset ei
