2290 3090
290 191 1015 259 actionum corporalium siue actus intellectus. Sed quia ista
301 249 1019 301 opinio aliter reprobata est. nam probatum est ali¬
295 294 1019 349 bi quod solus actus voluntatis est meritorius et vir¬
294 334 1012 391 tuosus intrinsece et nullius alterius potentie
303 379 1022 428 actus est meritorius nisi quadam denominatione
303 422 1022 470 extrinseca: ideo est dicendum quod obiecta primo di¬
306 470 1021 520 cta. scilicet causa volitio et delectatio visio et do¬
295 512 1010 562 tes corporales sunt premium solius actus volun¬
304 558 1009 608 tatis qui fuit meritorius et nullo modo alterius
297 602 1012 653 actus a voluntate nisi quadam denominatione ex
301 643 1021 696 trinseca. Et exemplum est ad hoc de principe qui
304 686 1022 736 dat militi castrum propter bonum et strenuum actum
306 731 1025 778 in bello: ad quem actum exequendum iuuat equus
306 774 1013 827 suus et armiger. et tamen istud castrum nec est ar¬
307 821 1025 871 migeri nec equi: sed solius ipsius militis cau¬
300 859 1022 911 santis. et ideo absolute dicendum est quod predicta
300 904 1019 962 sunt praemia solius actus voluntatis. sicut ex alia
303 954 1016 1003 parte actio conueniens gehene est pena corre¬
297 999 1027 1048 spondens soli actui voluntatis damnati licet ad
313 1044 1013 1090 exequendum illum actum demeritorium concurrant
301 1084 1019 1140 actus corporales potentiarum executiuarum. ⁋ Ad
309 1128 1012 1179 sextum dubium dico quod proprie loquendo de securita
307 1173 1025 1217 te. securitas est notitia certa qua aliquis scit
309 1216 1009 1270 certitudinaliter quod deus vult beatitudinem suam
298 1262 1025 1314 continuari sine actu beatifico sine interruptio¬
304 1310 1016 1356 ne aliqua. et ideo securitas non est visio dei nec
298 1351 1013 1398 dilectio. sed est proprie loquendo quidam actus re¬
306 1394 1024 1447 flexus habens pro obiecto totali totum istud. deus
307 1438 1021 1491 vult tam visione beatificam quam fruitionem in perpe
297 1489 1024 1533 tuum conseruari. et per consequens tam fruitio quam visio
309 1528 1012 1572 est obiectum partiale illius actus qui vocatur
304 1564 1016 1619 securitas. Si queras a quo causatur ille actus
309 1613 1009 1664 tanquam a causa totali. dico quod a solo deo: quia si¬
307 1657 1019 1708 cut contingenter tanquam causa totalis causat vi¬
306 1703 1009 1749 sionem beatificam et fruitionem: ita contingenter cau¬
304 1746 1016 1798 sat illam securitatem per quamn contingenter in beato
303 1795 1009 1845 apparuit tales semper esse contingentes ⁋ hoc
304 1835 1022 1886 supposito dico quod secundum distinctionem prehabitam
307 1879 1019 1932 de beatitudine dico quod accipiendo beatitudinem
304 1929 1010 1975 pro illo actu quo immediate accipitur obiectum
307 1966 1013 2020 beatificum. sic securitas non est de essentia beati
303 2012 1018 2064 tudinis nec delectatio etc. sicut prius dictum est
304 2056 1027 2106 accipiendo tamen beatitudinem pro quodam statu
303 2106 1025 2153 omnium bonorum aggregatione perfecto sicut loquun¬
313 2142 1013 2200 tur sancti. sic securitas pertinet ad essentiam bea
310 2191 1019 2240 titudinis: licet forte complete et essentialiter pos
302 2226 1018 2283 set aliquis esse beatus sine tali securitate. ⁋ Sed
318 2273 1019 2327 hic sunt aliqua parua dubia. ⁋ Primum est quo
312 2322 1012 2375 modo habet intelligi quod aliquis per actum beatif
309 2367 1015 2423 cum et meritorium dicitur conuerti a deo. ⁋ secundum
309 2412 1012 2466 est qualis est repugnantia inter actum beatifici
312 2448 1012 2506 et actum peccati et vnde oritur. ⁋ Tertium vtrum
306 2505 1013 2552 idem actus beatificus numero vel quicunque alius
321 2535 1025 2593 actus idem existens numero potest primo esse vnium
309 2579 1024 2650 et postea alterius ⁋ Ad primum istorum dico quod non
1132 201 1851 255 omnes actus peccati et actus meritorii repugnant for¬
1123 243 1847 295 maliter quantum ad substantiam actus: et est odem modo de
1122 294 1850 341 actu beatifico: sed aliqui repugnant et aliqui non.
1129 340 1845 390 nam per conuersionem ad deum vel actum meritorium quo
1128 380 1847 432 quis conuertitur ad deum non potest intelligi nisi actus
1119 424 1841 476 volendi quo aliquis diligit deum vel illud quod vuli
1131 466 1841 520 deus eum diligere vel actus nolendi quo non vult
1116 506 1853 560 illud quod vult deus eum nolle. Per auersionem a deo
1129 554 1849 601 intelligitur actus nolendi deum vel actus volendi il
1125 598 1853 645 lud quod deus vult eum nolle vel aliquod tale. Ad vi¬
1114 646 1850 691 dendum vtrum conuersio et auersio in actu merito¬
1125 688 1844 741 rio et actu peccati repugnant. querendum est de quibus
1126 732 1841 783 actibus loquimur hinc inde. nam si voces conuersio
1120 774 1851 827 nem ad deum per actum meritorium actum volendi deum
1123 818 1835 871 et auersione actum nolendi deum certum est: tunc quod
1120 865 1840 917 talis conuersio ad deum et talis auersio a deo op¬
1122 907 1847 958 ponuntur formaliter sicut actus nolendi et volen
1122 951 1835 1007 di eius obiecti. Sed talis conuersio et auersio non
1116 993 1849 1046 sunt in omni actu peaccati: quia multi sunt actus peccati qui
1126 1038 1842 1093 sunt actus volendi creaturas. Si intelligas per
1119 1086 1838 1133 conuersionem actum quo aliquis vult illud quod deus
1120 1127 1834 1173 vult eum velle et auersionem actum nolendi quo nolo
1119 1168 1847 1215 illud quod deus vult me velle si fuerit rectum eiusdem¬
1126 1213 1841 1267 obiecti: sic adhuc opponuntur formaliter sicut actus
1120 1253 1841 1304 nolendi et volendi respectu eiusdem obiecti. Si au
1113 1301 1840 1354 tem intelligas per conuersionem actum volendi: quia deus
1122 1343 1847 1392 vult creaturam velle: et per auersionem actum nolendi
1122 1385 1846 1438 quo vult aliquis id quod deus vult eum nolle si isti a¬
1120 1436 1843 1481 ctus sint eiusdem obiecti si adhuc repugnant: et
1126 1477 1841 1523 forte sicut actus nolendi et volendi rectum eiusdem obie¬
1126 1515 1844 1573 cti. Sed isti tres modi non saluantur in omnibus actibus
1131 1559 1850 1615 peccati: quia aliquis potest deum velle meritorie et nolle a¬
1116 1614 1841 1659 liquam creaturam: puta Iohem demeritorie quantum
1122 1643 1838 1706 ad primum modum. et per vnum actum conuertitur ad deum:
1125 1702 1849 1751 et per alium auertitur a deo. et in istis actibus conuer¬
1116 1744 1846 1794 sio et auersio non repugnant sicut nec isti actus
1131 1793 1840 1838 velle deum et nolle creaturam non repugnant. similiter potest
1120 1831 1828 1878 aliquis velie aliquid meritorie quod deus vult ei
1122 1881 1840 1926 velle et nolle aliud obiectum: non idem quod deus vult
1125 1913 1841 1970 eum velle et hoc velle et idem nolle rectum diuersorum
1120 1966 1837 2015 obiectorum non repugnant. et per consequens nec conuersio
1126 2002 1843 2055 nec auersio in istis actibus. similiter potest aliquis vel¬
1122 2046 1847 2096 le illud quod deus vult eum nolle. et sic demeretur et
1129 2092 1843 2145 auertitur a deo: et potest nolle aliud quod deus vult
1128 2132 1840 2189 eum nolle. et sic meretur et conuertitur ad deum et isti
1126 2185 1831 2229 actus non opponuntur formaliter. Similiter potest a
1127 2221 1837 2272 liquis meritorie velle deum et meritorie velle cre
1128 2263 1834 2327 aturam. et isti duo actus non opponuntur formali
1118 2307 1837 2366 ter: quia vtrumque est actus volendi et respectu di¬
1125 2359 1834 2410 uersorum obiectorum. Et similiter potest aliquis nolle ali¬
1119 2406 1840 2452 quam creaturam meritorie et nolle aliam creaturam
1118 2444 1846 2504 demeritorie: sed isti duo actus nolendi rectum diuerso.
1123 2481 1837 2542 rum obiectorum non opponuntur. et per consequens non omnis con
1129 2541 1835 2596 uersio ad deum per actum beatificum et meritoriunt
1129 2575 1831 2640 conuersio et auersio a deo per quemcunque actum
