2252 3081
499 176 1213 253 potest ex tali studio acquirere fideulr: posset etiam acqui¬
492 252 1211 296 rere consimili studio infidel sed manifestum est quod infidelis
492 283 1211 348 non habet de theologicis veram sapientiam. ergo etc.
495 324 1208 388 ⁋ Preterea sapientia non est sine in tellectu et scientia
498 371 1210 423 vudum Aristotelem. vi. ethi. vbi dici ⁋ Manifestum
493 423 1205 470 est quoniam sapientia est et scientia et intellectus: honorabili¬
492 458 1204 510 orum natura: sed talis habitus declaratiuus potest esse
498 506 1210 560 sine intellectu et scientia. tum quia potest stare cum sola fi¬
506 549 1208 603 de secundum istum. tum quia sicut dictum est potest esse in infideli
498 597 1201 647 patet per rationem istius: quia omnes actus quos experitur fidelis
503 638 1201 695 praeter actum credendi potest experiri ifidelis: quia sciret
503 678 1213 735 rationem reddere de fide eandem quam fidelis: et conclsio in¬
495 726 1201 786 pios defendere: et inm mentibus piorum roborare: et sa
492 766 1205 835 pientiam loqui inter perfectos: eodem modo quo fidelis
498 820 1210 864 Confirmatur: quia sapientia non stat cum errore circa
492 854 1202 914 idem: sed iste habitus stat cum errore circa credibilia
501 900 1198 952 ideo talis habitus non est sapientia. ⁋ Ideo dico ad
492 955 1207 1001 istum articulum: quod theologus respectu credibilium
501 993 1215 1045 augmentat habitum fidei acquisite: quando fides acqui¬
491 1032 1204 1085 sita praecedit studium suum. quando autem non praecedit tunc ad
497 1078 1198 1136 quarit fidem acquisitam si sit fidelis. et talis habitus no
501 1132 1201 1177 est in infideli. Preter autem istum habitum de facto et
501 1170 1204 1220 in maiori parte studens in theologia: siue sit fide¬
492 1213 1210 1276 lis: siue hereticus: siue infidelis acquirit multos
501 1251 1196 1307 habitus scientiales qui in aliis scientiis possent ac
501 1305 1201 1356 quari. et praeter istos acquirit multos habitus scientia¬
494 1340 1198 1405 les consequentiarum: qui ad nullas scientias naturales pertinent
492 1386 1199 1442 respectu aut omnium siue sint incomplexa siue comple¬
494 1427 1211 1488 xa. et hoc siue sint propositiones siue sint consequene quaecumque: si¬
487 1477 1207 1528 ue sint scibilia siue credibilia tantum: quaelibet studens
496 1515 1202 1576 in theologia potest acquirere habitum apphensiuum
498 1565 1205 1616 Et mediantibus istis habitibus scilicet respectu scibi
495 1614 1205 1670 lium naturaliter: et consequentiarum propriarum theologie: et me¬
493 1648 1202 1712 diantibus habitibus apprehesiuis possunt haberi omnes actus
494 1691 1210 1758 possibiles theologo de communi lege: praeter solum actum
492 1745 1208 1803 credendi: quia mediantibus illis potest praedicare: doce¬
494 1789 1203 1840 re: roborare: et omnia talia. ⁋ Quod autem talis habitus pre
499 1824 1210 1886 ter fidem et habitus consequentiales qui possunt naturaliter acquiri
497 1866 1211 1928 non sit scientia proprie dicta. patet: nihil scitur euidenter ad
491 1910 1205 1965 cuius assensum requiritur fides. quia habitus inclinans ad
497 1952 1213 2016 notitiam euidente non plus dependet a fide quam econ¬
494 1997 1208 2062 uerso: sed secundum omns sanctos et omns opinantes contrarium
493 2042 1210 2098 sine fide nullus potest assentire veritatibus credibili
492 2094 1207 2147 bus: ergo respectu illarum non est scientia proprie dicta. ⁋ Si
491 2129 1198 2188 dicatur quod tunc praeter fidem nulla esset cognito superna
498 2178 1208 2234 turalis: quod non vidrtur verum. Respondeo quod cognitio
495 2218 1201 2286 supernaturalis dupliciter accipitur. Uno modo. quia non potest
493 2270 1214 2321 naturaliter acquiri: et isto modo nulla cognito superna
504 2309 1211 2367 turalis de communi lege praeter fidem infusam est nobis
504 2351 1210 2413 neccessaria. Alio modo dicitur cognitio supernaturalis quia est
498 2401 1209 2457 de veritatibus quae non ex puris naturalibus sed superna
508 2444 1207 2503 turaliter possunt euidenter cognosci: et isto modo cogni¬
507 2485 1217 2545 tio supernaturalis est neccessaria nobis praeter fidem
509 2528 1199 2597 ⁋ Ad primum argumentum vltime opinionis dico
509 2570 1217 2650 mediante intellectu agente et aliquibus propositionibus
1302 177 2017 237 aliquando augmentatur fides acquisita. aliquando autem fi¬
1310 226 2020 288 des acquisita acquiritur non infusa: nec oportet quod de tali
1316 271 2020 335 praehabeat fidem semper. ⁋ Alia duo argumenta probant
1316 316 2024 379 quod aliquis alius habitus a fide acquiritur: quod concedo. ⁋ Ad
1312 357 2011 428 argumentum quod probat quod non acquiritur habitus adhe
1308 402 2017 455 siuus: dico quod talis habitus adhesiuus acquisitus non
1311 448 2011 508 erit opinio: distinguendo opinionem conclrsi fidem. et ideo
1307 494 2014 543 nullus habitus adhesiuus a fide infusa et acquisita ad
1302 540 2014 604 quiritur respectu credibilium. ⁋ Ad aliud concedo
1304 581 2009 646 quod potest vocari declaratiuus. ⁋ Ad vltimum dico: quod
1309 635 2017 688 ille habitus respectu credibilium alius a fide non habet
1313 670 2027 732 rationem sapientie: quia potest stare cum errore et esse sine in¬
1308 714 2011 772 tellectu et scientia naturaliter. et quando dicitur quod metha. habet rati
1305 767 2017 821 nem sapientie. distinguo deimetha. sicut in prima. q.
1302 804 2024 863 distinxi de scientia: quod potest accipi: vel pro notitia mul
1305 849 2027 900 torum ordinatorum: vel pro notitia immediate incli¬
1300 895 2008 950 nante ad aliquod complexum. Et primo modo dico: quod non
1307 933 2005 998 quaelibet pars metha. est sapientia: quia respondere rationibus
1310 975 2005 1034 sophisticis non est formaliter sapientia quamuis ad hoc quod
1307 1022 2015 1088 aliquis sciat euidenter respondere praesupponatur sci
1311 1066 2008 1128 entia: et ita in proposito. Si theologus sciret euiden
1311 1122 2011 1164 ter defendere fidem et roborare eam: neccessario haberet
1299 1153 2021 1214 sapientiam: sed hoc non est possibile naturaliter. Secundo modo
1299 1208 2024 1262 metha. potest dici sapientia: qualiter autem hoc sit intelligen¬
1303 1253 2015 1308 dum in sequenti quaestione patebit. ⁋ Ad primum argu
1305 1289 2023 1352 mentum pro prima opinione. quando primo dicitur quod duplex est
1308 1338 2020 1394 genus scientiarum. vnum quod procedit ex principiis per se
1302 1386 2020 1440 notis lumine superioris scientie etc. Dico quod quam¬
1300 1421 2030 1481 uis hoc sit verum in scientia subalternata: tamen numquam ali
1302 1464 2020 1525 quis scit illas conclusiones euidenter: nisi sciat per exa
1302 1508 2024 1569 perientiam vel per aliquas praemissas euidenter notas. Unde
1311 1563 2012 1610 nihil est dicere: quod egoscio conclusiones aliquis: quia
1311 1609 2012 1656 tum scis principia quaebus ego credo quia tum dicis ea Et
1311 1648 2023 1695 eodem modo puerile est dicere quod ego scio conclusiones
1297 1685 2014 1746 theologie: quia deus scit principia quibus ego credo quod
1302 1727 2023 1788 ipse reuelat ea. ⁋ Ad aliud dico quod non derogat
1309 1779 2020 1832 dignitati theologie nostre: quod conclusiones non sci
1308 1828 2015 1878 untur euidenter: sic nec derogat dignitati nox
1314 1865 2018 1916 tie principiorum theologie: quod ipsa non sciuntur euidenter
1310 1907 2024 1959 Et ideo sic sine derogatione principia non sciuntur eui
1313 1949 2011 2000 dentur: ita nec conclusiones. Et quando dicitur quod excedit
1316 1994 2011 2046 alias: et secundum dignitatem materie: et secundum certitud
1317 2035 2015 2092 nem: dico quod istud argumentum equaliter probat quod princi
1311 2085 2021 2138 pia sciuntur euidenter: quia illa excedut et secundum certi
1321 2127 2015 2181 tudinem: quia non subduntur rationi humane. et secundum di¬
1321 2169 2024 2223 gnitatem materie: et ita bene sicut conclusiones.
1302 2215 2020 2275 ⁋ Ideo dico quod certitudo accipitur vel pro adhesi¬
1303 2263 2017 2320 one vel pro euidentia. Primo modo excedunt: non se¬
1312 2310 2020 2358 cundo modo. ergo etc. ⁋ Ad confirmationem dico quod alie ar
1300 2345 2006 2406 tes dicuntur eius ancille: et quod de aliis habet iudicare prop¬
1311 2389 2015 2445 maiorem veritatem in cognitis: et propter firmiorem
1312 2440 2023 2492 adhesionem. ⁋ Ad aliud dico quod omns sancti vocant
1312 2481 2024 2536 eam scientiam: extendendo nome scientie ad noti¬
1317 2526 2015 2575 tiam certam: et habitum apprehensiuum illorum quorum quan
1302 2566 2018 2636 tum est ex se nata esset esse scientia et sapientia
