2227 3075
258 196 960 278 fiorem. et ideo sine ea non potest alia cognosci virtute
258 270 953 329 notitie entis. ⁋ Contra. tum expositionis quod continet ver
240 317 952 365 tualiter omni alio per impossibile circumscripto. ergo cir¬
253 350 956 414 cumscripta illa passione quam ponis priorem adhuc
244 398 947 459 continebit virtualitur. ⁋ Preterea. salte sequitur illud
237 439 943 493 quod a nobis pro statu isto omnes passiones entum possun
239 489 948 545 euidenter cognosci de ente. quia habita notitia enum
244 524 953 589 quae non potest esse nisi distincta secundum istos. statim habetur
228 579 956 633 notitia prime passionis. et per consequens notitia secunde pas
232 619 955 674 sionis et tertie et quarte. et sic de omnibus aliis. sed illud
235 664 954 724 est manifeste sfiltum. quia non potest a nobis euidenter
222 715 941 763 cognosci quod omne ens est a nobis cognoscibile in
232 747 945 818 tuitiue. et sic de multis. etiam secundum istum doctorem. ergo
234 794 950 858 etc. Si dicatur ad omnia illa quod non intelligit ista opi
223 834 950 902 nio quod notitia inconplexa subiecti sit causa notitie
220 880 947 950 incoplexe passionis. sed intelligit de notitia comple¬
223 927 950 989 xa ⁋ Contra. hoc non videtur esse intentio suam. quia in prima
210 971 941 1026 ratione sua dicit quod conclusiones continentur in principiis
210 1005 934 1074 et certum est quod illa sola continentia est illa quae est inter
217 1053 932 1119 complexa. postea autem dicit quod propositiones continentur in
224 1099 929 1171 terminis. et quod terminus praedicatus in subiecto. ergo in
211 1145 938 1204 isto processu intelligit quod notitia inconplexa conti¬
217 1187 934 1244 net notitiam incomplexam. Similiter hoc patet per expositio
213 1230 941 1294 nem ipsius de primo continere. quia dicit illud primo com¬
217 1281 931 1330 tinere quod sic cotinet quod ab aliis non dependet in
205 1323 935 1377 continendo. sed omnia alia ab ipso. sed hoc non posset verum
210 1370 929 1427 esse nisi ipsum subiectum continet notitiam incomple¬
211 1409 921 1471 xam passionis. ⁋ Preterea. hoc patet per secundam rationem suam
198 1462 920 1508 qui ibi accipit quod subiectum est causa adequata totius
208 1495 934 1559 habitus. ergo est causa notitie incomplexe passionis. ⁋ Si
199 1543 923 1597 militer arguo per rationem suam aliam. quia in essentialiter ordi
199 1588 922 1644 natis cotingit stare ad vnum primum. sed notitie iste
204 1633 922 1688 incomplexe ordinantur essentialiter secundum eum. ergo est prima
198 1680 921 1729 contines aliam. Similiter hoc patet per exemplum suum ibidem. quia
201 1722 918 1779 dicit quod ysocheles continet omnes passiones trianguli
208 1757 917 1816 ergo triagulus quod est quoddam incomplexum continet ver¬
204 1809 917 1856 tualit suas passiones. ⁋ Preterea. in diuersis locis
201 1844 925 1897 accipit istam propositionem. quod obiectum quodcumque cum intel¬
201 1891 910 1943 lectu agente vel possibili cooperante secundum vltimum ver
195 1938 916 1986 tutis sue facit sicut effectum adequatum conceptum
192 1981 917 2030 suum proprium. et conceptum omnium essentialiter vel virtualiter
192 2024 914 2078 inclusorum in eo: sed non facit conceptum aliorum inclu¬
203 2064 911 2130 sorum essentialiter per discursum qualis est inter complexa. ergo
204 2115 907 2168 nec aliorum virtaliter inclusorum. Et quod intelligat de
192 2155 914 2217 notitia incomplexa respectu notitie incomplexe: et
204 2201 910 2259 non respectu complexe patet. quia talis continentia semper est
192 2246 917 2304 per discursum vel per consequentiam aliquam. sed ipse vult ibiden¬
202 2278 909 2352 quod virtualiter inclusa in aliquo subiecto non cognoscum
192 2328 911 2383 tur ex illo subiecto per discursum. Unde dicit ibiden¬
192 2371 915 2437 sic. praeter conceptum suum proprium adequatum et inclusa
201 2418 914 2484 in ipso altero dictorum modorum nihil potest cognosci¬
197 2467 903 2524 ex subiecto nisi per discursum. sed discursus praesuppo¬
194 2504 910 2572 nit cognitione simplid ad quod discurritur. ⁋ Preter
195 2549 902 2612 ea. ibidem immediate accipit istam propositionem. nullum
193 2590 905 2666 subiectum facit in aliquo intellectu conceptum sim¬
1055 208 1766 296 plicem proprium sibi: et conceptum simplicem alterius ob
1056 282 1766 338 iecti: nisi contineat illud aliud obiectum essentialiter
1072 323 1760 385 vel virtualiter: ergo secundum eum subiectum facit conceptum
1050 363 1766 437 simplicem illius quod virutualiter includit in eo: sed conceptus
1050 407 1761 485 simplex vel est notitia incomplexa vel cognoscitur no
1044 466 1768 524 titia incomplexa. Contra secundum quod subiectum non sem.
1044 505 1765 566 per includat virtualiter ipsam passionem: quia si sic: hoc
1047 553 1772 620 non est nisi vel quia causat aliquam rem realiter distinctam si
1053 590 1760 657 bi inherentem vel quia causat conceptum istius rei. Non
1047 640 1762 704 potest dici secundo modo: quia numquam potest causare conceptu rei
1039 682 1763 748 nisi causet notitiam rei sed non est causa notitie sicut proba
1047 724 1751 791 tum est ergo nec conceptus. nec potest dici primo modo quia semper pas
1038 770 1750 835 siones ille non sunt res absolute realiter distincte secundu
1045 813 1766 873 istos: quia creatiuum: verum bonum: et huiusmodi sunt passio.
1041 858 1756 909 nes aliquorum: et tamen non sunt res ab eis distincte.
1047 896 1747 965 ⁋ Preterea aliquando passio importat aliquid perfectius
1042 942 1745 1011 subiecto: sicut esse in potentia ad formam: quae est perfectior
1032 984 1752 1056 ipsa materiam: sed perfectius isto modo non continetur in imper
1038 1031 1754 1097 fectiori: tunc enim notitia imperfectioris contineret.
1031 1080 1752 1144 virtualiter notitiam perfectioris conclusio eos. ⁋ Ideo quam¬
1033 1124 1744 1179 tum ad istum articulu dico primo quod vniversaliter nunquam noti¬
1033 1165 1739 1229 tia vnius rei extra incomplexa est causa sufficies etiam
1065 1206 1744 1263 qui intellectu. respectu prime notitie incomplexe
1035 1249 1733 1319 alterius rei. ⁋ Secundo quod subiectum non semper continer
1062 1294 1748 1359 irtualiter: suam passione. ⁋ Tertio quod non semper noti¬
1032 1340 1749 1398 tia distincta subiecti incomplexa et notitia distin
1032 1384 1751 1450 cta passionis sufficiunt ad notitiam propositionis compo
1033 1424 1739 1492 site ex illo subiecto et ista passione. ⁋ Quarto
1032 1471 1736 1531 ostendam quid sit de ratione subiecti primi. ⁋ Primum de¬
1027 1520 1748 1578 claratur per experientiam: quia quaelibet experitur in se quod quan
1026 1559 1747 1625 tumcumque cognoscat intuitiue et perfecte aliquam rem
1024 1597 1732 1657 numquam per hoc cognoscit aliam rem nisi prehabenat noti¬
1023 1645 1738 1712 tiam illius alterius rei. Uerbi gratia si cognoscam ista in¬
1023 1687 1742 1756 feriora: et numquam vidissem corpora superiora: nullam no
1026 1735 1739 1785 titiam haberem de sole et luna et stellis et huiusmodi cor¬
1029 1775 1733 1839 poribus. Et ratio est: quia omnis notitia abstractiua ali
1023 1826 1737 1878 cuius rei in se: vel notitia simplex propria alicuius rei
1027 1869 1724 1922 naturaliter loquendo praesupponit notitiam intuitiuam
1018 1907 1727 1974 eiusdem rei. sed notitia intuitiua alicuius rei numquam potest
1008 1947 1720 2002 haberi naturaliter nisi effectiue vel mediate vel immedi
1008 2000 1722 2053 ate ab illa re: ergo nec notitia abstractiua eiusdem¬
1017 2046 1729 2101 et per consequens nulla. maior patet et maxime de notitia ac¬
1019 2081 1728 2146 quisita quamuis aliter posset fieri per diuinam potentiam: quia
1020 2135 1732 2189 sic argutum est. inter causam et effectum est ordo et depe¬
1008 2167 1724 2231 dentia maxime essentialis: et tamen ibi notitia incomple¬
1014 2220 1721 2276 xa vnius rei non continet notitiam incomplexam alterius
1010 2257 1719 2311 rei: et hoc etiam quaelibet in se experitur: quia quantucumque perfe¬
1011 2301 1721 2368 cte cognoscat aliquam rem numquam cogitabit cogi¬
1005 2351 1714 2413 tatione simplici et propria de alia re: quam nunquam
1011 2385 1705 2444 prius apprehendit nec per sensum nec per intellectum. sicut si
1014 2438 1718 2488 aliquis intuitiue videret substantiam: numquam per hoc distin¬
1011 2483 1718 2536 cte cognosceret aliquod accidens in particulari. Si
1003 2525 1714 2586 dicitur quod si subiectum cognosceretur secundum omne suum esse quod
1007 2570 1714 2632 tunc cognoscerentur omns passiones: puta si cogno¬
1006 2610 1721 2667 sceretur secundum esse secundum quod est subiectum istius passionis con
