2191 3075
253 218 949 296 concedi: quod subiectum est primum inter omnia
251 279 956 330 cognoscibilia aliqua primitate: non tamen pri
250 319 947 386 mitate causalitatis. et ideo non eportet quod co
244 364 951 432 tineat virtualiter predicatum. Similiter quod ac
253 406 942 474 cipitur: quod principium si sit propositio immediata
240 452 937 517 cognoscitur ex terminis. dictum est prius: quod no
240 500 949 560 omne principium primum vel propositio imme
235 536 949 603 diata est per se nota. Similiter quando acci¬
231 583 944 650 pitur terminus predicatus cognoscitur ex ratione
231 628 938 693 subiecti: falsum est. Et quando dicitur quod subiectum ca¬
223 678 934 737 dit in diffinitione praedicati concedatur: communiter acci
226 715 947 780 piendo diffinitionem ad quid rei et quid nominis. Sed
228 760 941 825 diffinitio non tantum dependet ab vna parte sed etiam
229 808 944 867 ab alia. ergo ad notitiam praedicati non tantum debet suffi¬
220 848 937 911 cere subiectum quod non est nisi pars diffinitio¬
222 889 935 956 nis: sed potest requiri alia pars. et ita notitia sub
214 933 941 1001 iecti non est sufficiens. ⁋ hiis visis responden¬
220 978 936 1046 dum est ad. q. Circa quam. Primo praemittenda sunt
214 1024 941 1087 aliqua neccessaria ad propositum. Secundo ad for
220 1071 937 1137 mam. q. Circa primum Primo distinguo de sub
217 1108 945 1185 iecto quod accipitur dupliciter. vel prout se tenet
220 1156 925 1226 a parte obiecti: et de illo subiecto dictum est prius
206 1195 938 1267 Et sic querit. q. Uel accipitur pro illo quod in
217 1242 929 1308 formatur ipsa scientia et sic est anima: sed de hoc
219 1291 939 1346 non intelligitur. q. ⁋ Secundo dico: quod subie¬
210 1341 931 1396 ctum primo modo dictum potest accipi duplicitur. vel
216 1382 925 1440 pro isto quod supponit in conclusione: vel pro il
216 1423 931 1487 lo pro quo supponitur: et tunc accipitur subiectum
209 1458 919 1532 improprie. Nam non semper est idem quod supponit
213 1517 914 1578 et pro quo supponitur. hoc patet. Nam in ista propo
211 1549 920 1623 sitione. omnis homo est risibilis. illud quod suppo¬
207 1602 924 1663 nit est aliquod commune ad omnens homines: siue sit
205 1644 920 1714 conceptus siue non. Sed illud pro quo supponitur
220 1688 926 1758 est aliquod singulare: quia per istam non plus deno
215 1731 914 1794 tatur nisi quod omne singulare contentum sub ho
209 1770 923 1841 mine potest ridere: et non denotatur quod aliquod commune
211 1819 929 1887 potest ridere. Similiter in ista. omne ens est creatum vel
201 1865 909 1927 increatum. illud quod supponit est aliquod con¬
208 1899 912 1963 deo a creature: siue sit in voce siue in conceptu
201 1950 913 2011 non curo modo. et tamen illud non supponit nisi pro ali
196 2000 917 2058 quo ente singulari. Unde sciendum quod aliquando idem
207 2030 914 2105 est quod supponit: et pro quo supponitur: sicut in ista.
208 2076 908 2142 ens est vniuocum deo a creature: idem est ⁋ Ex isto
209 2117 915 2192 sequitur tertium quod differentia est inter subiectum scientie: et ob
208 2166 903 2241 iectum scientie. Quia subiectum scientie est subiectum
205 2209 903 2283 conclusionis. Sed obiectum scientie est illud quod
204 2252 904 2328 scitur et terminat actum sciendi. huiusmodi autem est ipsa
205 2299 912 2370 conclusio scita. Et ita subiectum est pars obiectum
195 2344 903 2418 et si sit obiectum non est nisi obiectum partiale
204 2385 903 2457 ⁋ Quarto dico: quod deus et vniversaliter omne ens reale
204 2432 906 2500 potest intelligi vel in se: ita quod nihil aliud termi¬
197 2483 901 2545 nat actum intelligendi: sicut nihil aliud quam al¬
198 2520 909 2592 bedo terminat actum videndi: et isto modo non
198 2568 906 2637 est possibile nobis intelligere deum pro statu
204 2607 916 2689 isto: quia nunquam pro statu isto potest intelligi deus
1062 246 1766 321 a nobis ita in particulari: sicut hec albedo potest vi¬
1050 300 1762 369 deri. Uel potest deus intelligi in aliquo alio: pu
1056 336 1755 413 ta conceptum. vel secundum aliam opinionem potest inte
1054 377 1765 446 ligi aliqua cognitione communi sibi et aliis. vel secundum se
1060 425 1763 501 totam vel secundum suas partes. Et tunc si debeat in¬
1057 470 1762 546 telligi oportet quod ille conceptus sibi sit proprius
1049 519 1750 590 et respectu dei non potest esse nisi compositus. Et
1060 557 1757 635 isto modo intelligimus deum pro statu isto. non
1051 601 1757 668 enim intelligimus nisi totum istud ens primum
1050 648 1749 715 et summum et infinitum vel aliquod tale. Et ita
1050 685 1760 762 hic est aliquid quod terminat actum intellige¬
1044 736 1746 797 di preter deum in se: et illud non est realiter deus
1038 770 1748 842 quamuis veraciter predicatur de deo: quia tunc non
1044 825 1750 901 supponeret pro se sed pro deo. ⁋ Secundum opi
1039 874 1748 940 nionem que ponit quod conceptus seu intentio pr¬
1047 911 1748 984 dicabilis de re pro re est realiter ipsa intelle¬
1038 960 1745 1025 ctio: potest dici sicut prius tactum est: quod deus
1032 996 1750 1073 non potest intelligi quin aliquid aliud intelli
1044 1050 1743 1106 gatur. vel tota intellectione vel partibus. Et
1038 1092 1747 1161 tunc aliquid potest a nobis intelligi duplicitur
1043 1137 1741 1199 vel quod ipsum solum aliqua intellectione intel¬
1045 1171 1748 1239 ligatur. vel saltem intellectione equiualenti
1035 1220 1746 1293 tali intellectioni respectu illius solius. Et sic
1028 1266 1733 1332 deus non potest intelligi a nobis de commu
1029 1312 1738 1379 ni lege. Uel quod intelligatur aliqua intellectio
1036 1354 1740 1423 ne communi tam secundum se quam secundum partes suas que
1027 1396 1737 1467 nec sit propria simpliciter tam secundum se quam secundum pat
1032 1439 1744 1509 tes suas: nec per equiualentiam. Et sic deus in¬
1030 1481 1734 1551 telligitur a nobis tam intellectione simplici
1041 1521 1723 1596 prim composita secundum istum modum ponendi. ⁋ Quin
1029 1574 1727 1641 to distinguo de scientia: que aliquando est vna
1036 1616 1736 1675 vnitate numerali: aliquando non. Et si non: hoc contigit
1033 1659 1724 1729 dupliciter: vel quia est respectu diuersarum conclusioni¬
1021 1700 1728 1772 habentium idem subiectum. Uerbi gratia. Si esse susce¬
1025 1751 1730 1809 ptibile discipline. esse peccabile. esse risibile et sic
1032 1797 1719 1864 de aliis ostendatur de homine. Uel est respectu diuer
1021 1834 1724 1909 sarum conclusionum non habentium idem subiectum: sicut
1017 1875 1728 1949 si aliqua passiones ostendantur de animali: et aliquae de homine
1023 1924 1722 1984 et aliqua de asino. Sexto distinguo de theologia
1020 1971 1726 2039 nostra possibili pro statu isto: et de theologia possi¬
1017 2009 1716 2087 bili nobis per diuinam potentiam in intellectu viatorum
1009 2057 1721 2126 Et illa potest accipi dupliciter: vel quod sit tota
1015 2098 1727 2172 liter respectu eorundem respectu quorum est
1013 2148 1725 2228 theologia nostra: vel quod sit veritatum in qui¬
1008 2187 1708 2264 bus ipse deus in se subiicitur vel predicatur etc.
1011 2237 1723 2302 vel cognitio simplex propria deo. ⁋ Ex predi
1009 2283 1720 2356 ctis et dictis in priori. q. respondeo ad formam
1004 2327 1710 2387 q. et dico ⁋ Primo: quod accipiendo subiectum
1009 2366 1719 2441 pro illo quod supponit: quod deus sub ratione dei
1005 2414 1712 2481 tatis non est subiectum theologie nostre. hoc
1005 2455 1722 2525 patet: quia subiectum isto modo dictum est
999 2504 1716 2575 terminus conclusionis: sed deus non est ter¬
1002 2545 1716 2616 minus conclusionis: quia illud estterminus
993 2583 1713 2659 conclusionis: quod immediate terminat a¬
1005 2635 1713 2716 etum intelligendi vel est actus intelligendi.
