2217 3070
244 203 950 275 passiones. creabile. annichilabile. perpetuabile.
249 262 950 320 et separabile. ab omni alio absoluto: factibile sine
244 307 941 361 omni causa secunda extrinseca: sunt passiones theologie
250 348 944 398 et multe alie: et iste passiones vel omnes vel multe de
239 395 947 452 omni incomplexo praedicantur: et in nulla alia scientia osten¬
239 432 947 492 duntur nec considerantur: sed tantum in theolog. considerantur.
238 473 948 545 Unde sicut metha. quae considerat de ente potest osten
228 521 944 580 dere omnes passiones entis de quolibet contento.
235 564 946 616 Et quantum ad tales passiones communes metha. est de quali
231 605 933 660 bet quidditate in particulari quia ille passiones in nul
237 653 938 705 la scientia particulari considerantur. ita et deus qui consideratur
222 698 932 748 in theologia. est communissimum per causalitatem. Sunt autem
221 746 942 804 aliqua passiones communes theologice quae competunt omni
222 788 937 839 effectui: sicut ille de quibus exemplificatum est. Ideo
214 834 928 889 quantum ad tales passiones habet theologia de quolibet en
207 870 921 935 te in particulari considerare Et ita patet quod theologi. isto
211 911 936 977 mo est de omnibus rebus incomplexis. ⁋ Secundum patet: quia
226 963 928 1012 multa sunt complexa quae in nullo penitus sunt theolo¬
217 1009 932 1064 gica: sicut omnis triangulus habet tres etc. et huiusmodi. Et
216 1052 919 1101 ido de istis non est theologia tamquaem de aliquibus scit
214 1085 935 1153 in theologia nisi praedicando forte aliquam passionem the
213 1138 921 1198 ologicam de istis ⁋ Sed loquendo de theologia primo modo
200 1179 928 1228 dico quod theologia nostra non est de omnibus. nec comple¬
198 1227 922 1273 xis. nec incomplexis: quia intellectus vix sufficit ad
205 1269 930 1322 illa quae sunt neccessaria ad salutem ⁋ Ideo alia non debet homo
201 1313 929 1364 pro statu isto inuestigare vel non oportet maxime in
204 1360 920 1412 particulari. ⁋ Ad primum argumentum principale patet:
202 1406 918 1459 quod deus non est subiectum cuiuslibet partis theo: sed
192 1448 917 1496 alicuius partis est vna persona subiectum: et alterius per¬
210 1492 920 1544 tis alia persona: et alterius partis aliqua creatura. secundum
205 1532 905 1593 quod diuerse passiones de istis considerantur ⁋ Ad secundu
208 1576 923 1624 concedo quod simpliciter simplex si cognoscatur in se si¬
208 1623 904 1673 ne omni alio obiecto medio quod totaliter cognoscitur
204 1661 914 1712 vel si non sic cognoscitur: totaliter ignoratur. Sed deus
205 1707 922 1756 non potest sic a nobis cognosci: sed tantum mediante ali¬
203 1752 911 1809 quo conceptu medio quae est primum obiectum illius cogni
205 1792 917 1842 tionis. vel mediante cognitione communi deo a aliis secundum
198 1836 905 1891 se totam vel secundum suas partes. Et quando dicitur omne subiectum
202 1880 907 1936 potest cognosci distincte et indistincte. istam nego
199 1927 913 1975 sed sufficit primo quod cognoscatur subiectum sine omni
201 1974 903 2026 alio et quod postea acquiratur cognitio alicuius alterius
198 2010 914 2071 de illo. et hoc potest fieri bene de ipso simplici ⁋ Ad ter¬
195 2049 905 2108 tium patet in prima. q. quod non est inconueniens idem esse sub¬
191 2096 912 2159 iectum in aliqua veritate pertinente ad diuersas scientias
205 2148 903 2206 propter diuersa principia per quae concluditur eadem conclusio
204 2188 899 2244 Similiter patet prius: quod non est inconuenies idem esse subiectum di¬
189 2235 907 2293 uersarum scientiarum propter diuersitatem passionum. Ita est in
192 2271 893 2335 proposito. quia ista vitas: deus est prima causa pertinet ad
191 2324 902 2375 metha. et theo. quia forte ex diuersis principiis con
190 2354 899 2417 cludit istam vnus et alius. Similiter theologia. considerat istas
189 2406 912 2470 veritates: deus est trinus et vnus et creator. et metha.
366 2447 869 2525 istas: deus est bonus et sapiens et huiusmodi.
362 2506 897 2609 arto et pltimo
271 2598 909 2671 . Squerendum esset. An theo. sit practica
1052 230 1761 295 vel speculatiua ⁋ Sed ad euindentiam istius. q. quaeram
1048 269 1751 345 primo de ipsa praxi respectu cuius dicitur aliqua notitia
1049 324 1766 381 practica. Secundo qualiter distinguitur notitia specu¬
1054 363 1763 433 latiua a practica. Tertio de principali intento.
1054 400 1754 476 Circa primum quaero. ⁋ Utrum sola operatio potentie sem
1047 445 1745 519 sitiue sit praxis. ⁋ Quod sic Comme. primo ethi. Pra
1044 499 1757 565 xis quam consueuerunt transferre in actum est secundum electio
1044 537 1754 613 nem hominis energia iest operatio: ergo videtur secundum istam auctoritate quod
1031 577 1758 646 sola operatio sequens electionem est praxis: sed sola
1045 631 1751 688 operatio potentie sensitiue sequitur electionem. quia
1037 675 1744 738 operatio intellectus praecedit: et ipsa electio est operatio
1048 709 1737 788 voluntatis: ergo etc. ⁋ Ad oppositum. Uirtus moralis
1029 748 1740 828 non acquiritur sine praxi: sed vitus moralis potest esse in vo
1026 806 1739 875 luntate sine omni operatione potentie sensitiue: ergo pra¬
1039 849 1740 918 xis potest esse sine omni operatione potentie sensitiue etc.
1029 897 1736 962 ⁋ Circa istam. q. sunt due opiniones. Una opinio
1030 923 1742 1011 est quod solum operatio exterior: vel operatio potentie in
1024 978 1740 1052 ferioris intellectu et voluntate est praxis ⁋ hoc
1030 1018 1743 1085 declaratur. quia intellectus practicus respicit contigentia.
1029 1071 1730 1141 operabilia a nobis. opus autem huiusmodi quod intellectus habet
1023 1116 1734 1184 pro fine neccessario est opus circa contigentia. Sic enim ac¬
1033 1158 1737 1226 cipiunt omnes autores actione scilicet prout transit super
1026 1193 1737 1265 agibile vel factibile: quae sunt subiecta intellectui
1026 1246 1736 1309 practico et electioni. Et penes hoc distinguuntur vi¬
1029 1288 1722 1345 ta actiua et conteplatiua. ⁋ Preterea quaelibet pra
1028 1327 1725 1393 xis est operatio secundum virtutem moralem. ergo circa illud est
1024 1378 1725 1446 proprie actio vel praxis circa quod est electio. electio
1029 1413 1721 1486 aut est eorum quae sunt ad finem et contigentium etc. ⁋ Preter
1026 1454 1722 1531 ea. vi. ethi. c. iii. dicit philosophus. Actus quidem ergo principium
1018 1498 1727 1575 electio vnde motus. electionis autem principium appeti
1018 1550 1733 1619 tus et ratio quae gra alicuius scilicet actionis sequentis electio
1017 1590 1728 1663 nem quam appetibile consequitur. ⁋ Preterea gregi. super
1020 1626 1732 1702 exech. Uirtus operis est sub volatu contemplatio¬
1018 1670 1727 1745 nis: ergo videtur quod praxis est semper sub cotemplatione: vel sub
1025 1727 1718 1792 actu intellectus. et per consequens sub actu voluntatis: sed ta
1012 1765 1725 1831 lis actus est praecise actus potentie inferioris ⁋ Dicitur
1065 1811 1728 1873 per iste est ordo rectus: quod intellectus practicus qui versa
1087 1854 1713 1928 irca contingentia inquarit: quid prosequendum: quid
1014 1897 1716 1972 fugiendum: quid diligendum: et quid respuendu. Quo fa¬
1017 1947 1719 2015 cto sequitur electio voluntatis eligentis bonum pro¬
1014 1987 1715 2052 positum a suo contrario scilicet a malo. Electio autem est princi¬
1009 2037 1719 2105 pium actionis effectiuum. et haoc actio est formaliter pra
1000 2080 1721 2142 xis. quia postquam voluntas pretulerit vnum alteri de
1005 2114 1709 2192 ostensis sibi ab intellectu practico: tunc imperat
1011 2166 1718 2223 viribus inferioribus: et etiam intellectui practico. vt
1011 2203 1710 2279 adinueniat media per quae illud quod eligit consequitur et
1004 2252 1720 2313 imperat aliis viribus inferioribus vt obediant et exe¬
1012 2288 1706 2364 quantur. Et illud imperium voluntatis est actio tran
1003 2339 1716 2411 siens in vires inferiores. et est praxis formaliter
1005 2384 1718 2445 siue actio secundum virtute moralem quae aliquis moderatur
1003 2427 1721 2496 suas passiones. Et illa actio est finis intellectus pra
1006 2477 1712 2547 ctici: non autem amor quam aliquis diligit fine per volunta
994 2521 1712 2590 tem. Illa enim operatio: nec est actio: nec factio: sed opera
997 2567 1703 2629 tio consequens speculationem rei. hoc confirmatur per Ari. vi¬
987 2612 1711 2684 metha. qui dicit quod agibile et eligibile idem. ergo etc.
