2246 3082
470 221 1204 310 ⁋ Sed ista opinio videtur falsa. Primo: quia omnis opera
492 286 1196 345 tio cuius notitia directiua est practica: est praxis.
498 330 1194 395 Uel sic. omnis operatio quae est ebiectum notitie practi¬
480 378 1199 435 ce est praxis. sed operationes interiores sunt obiecta
488 420 1192 483 notitie practice: ergo etc. maior videtur manifesta. quia si
497 465 1192 527 esset pure speculabilis nullo modo praxis ipsius esset
498 512 1189 567 notitia speculatiua non practica. minor patet: quia
490 560 1199 618 omnes distinguunt notitiam practicam a speculatiua
486 596 1192 659 qui practica est de operationibus nostris: non autem specula
489 640 1192 703 tiua. Unde philosophus distinguit. vi. metha. speculati¬
485 686 1207 744 uam a practica: quia practica est illorum quorum principium
492 729 1196 788 est in faciente. speculatiua est eorum quorum principium non
491 773 1198 831 est in faciente: sed operationum interiorum principium est in nob
507 817 1207 885 ero scientia illarum est practica. ⁋ Preterea omnis actus quie est
498 864 1201 921 in potestate nostra est speculatiuus vel practicus vel
498 905 1196 972 praxis. sed operatio voluntatis est in potestate nostra. et
499 948 1198 1010 non est speculatiua nec practica: quia iste sunt condi¬
497 996 1208 1055 tiones actuum intellectus. ergo est praxis ⁋ Ideo est alia
508 1042 1208 1100 opinio: quod praxis est actus alterius potentie quam intelle¬
511 1080 1207 1142 ctus. naturaliter posterior intellectione. natus elici
504 1136 1211 1186 conformiter rationi recte. ad hoc vt sit rectus ⁋ Prima
504 1172 1211 1230 conditio patet. quia stando praecise in actibus intellectus
502 1214 1211 1277 nulla est extensio intellectus quia extra se non extendit
497 1265 1212 1317 nisi vt actus eius respicit actum alterius potentie
507 1300 1209 1361 Et si dicatur vnum actum extendi ad alium directum per
503 1346 1198 1407 illum. non propter hoc sequitur quod secundus actus talis sit pra
501 1390 1202 1453 xis vt modo loquimur de praxi: nec primus est cognitio
514 1439 1201 1493 practica. quia tunc logica esset practica. quia dirigit in
507 1478 1217 1537 actibus discurrendi. ⁋ Secunda conditio patet. quia actus
504 1517 1198 1582 non habentes ordinem ad intellectum cuiusmodi sunt
506 1560 1217 1625 actus vegetatiui. aut naturaliter praecedentes intelle¬
503 1601 1219 1674 ctionem vt actus sentiendi. non dicuntur praxes. nec ad
513 1652 1211 1709 eos extenditur notitia practica vt sunt priores in¬
504 1693 1220 1757 tellectione. ⁋ Similiter actus potentie appetitiue sensi
509 1737 1211 1803 tiue. quatenus praecedit actum intellectus non est pra
514 1781 1210 1840 xis. hoc enim modo communis est nobis et brutis. Nec re
506 1824 1207 1897 spectu istorum actuum est cognitio practica. nisi quia
511 1870 1216 1929 aliquomo moderatiua actuum istorum: et isti actus
517 1919 1223 1969 sequuntut intellectionem moderatiuam vt sunt per ip¬
524 1957 1215 2018 am moderati ⁋ Tertia conditio patet ex. vi. ethi.
516 1997 1223 2065 quod electio recta neccessario requirit ratione rectam: quod non
516 2047 1224 2105 tantum verum est de electione stricte sumpta: sed pari ratione
519 2085 1225 2152 de quacumque volitione recta: quod ipsa requirit rationem re
532 2132 1217 2193 tam cui conformiter eliciatur. Sminis ergo praxis vel est
519 2178 1216 2236 volitio vel sequens volitionem: ergo etc. ⁋ Contra istam
523 2220 1223 2278 opinionem. Primo conclusio primam conditione ostendo: quod
529 2268 1226 2327 ntellectio potest esse praxis: sicut argutum est conlrsi primam
521 2316 1229 2366 opinionem sic. Sis operatio de qua sicut de obiecto
528 2352 1219 2412 est notitia est praxis. quia secundum istum doctorem: notitia
519 2396 1229 2463 practica dicitur in extensione ad praxim. sed de specula
522 2444 1229 2503 tione et actu intelligendi est notitia practica: quia de
527 2484 1226 2541 operibus nostris est notitia practica: et hoc est intelligendum
529 2529 1228 2589 de operibus quae sunt in potestate nostra: ergo ipsa intellectio
520 2573 1232 2634 cum sit opus existens in potestate nostra est praxis. ⁋ Pre¬
531 2616 1237 2693 terea omnis operatio sequens electionem est praxis: sed
1290 210 1996 282 actus intelligendi sequitur electionem et consilium. potest
1296 269 2000 331 enim aliquis consiliari an deat studere an non: et post
1300 314 1993 371 ea eligere studere. ergo istud studium sequens consilium
1291 361 1994 412 et electionem est vere praxis. ⁋ Preterea omnis actus intel
1305 405 1993 467 ectus quie est directiuus alterius actus mediante actu
1294 447 2003 504 voluntatis est actus practicus: et actus directus est pra
1293 492 2000 557 xis. sed vnus actus intellectus vere dirigit alium actum
1293 533 1996 595 mediante actu voluntatis. ergo primus dirigens vere erit:
1289 580 1993 648 practicus: et alius directus vere erit praxis. maior est
1290 624 2005 692 manifesta: quia talis actus vere exteditur ad alium di
1288 666 2002 732 rigendum per ipsum. minor patet. quia dictamen quo dicta
1290 710 2008 773 tur pro loco et tempore est studendum in theo. vel alia facul
1304 755 1996 812 tate vere dirigit mediante actu voluntatis in actum
1298 798 1997 860 studendi. Potest enim voluntas conformiter imprare il¬
1299 841 1999 906 lud studiu: sicut dictatur prius per intellectum: ergo etc. Si
1300 898 2009 958 dicitur quod non extenditur sicut modo loquimur de extensione: quia
1295 932 1999 990 non exteditur extra se. hoc non sufficit: quia bene verum
1305 974 2008 1035 est quod sic posset artari significatio illius vocabuli
1307 1018 2008 1085 Et eadem facilitate posset artari significatio vo
1308 1064 2002 1124 cabuli: quod vocaretur praxis: quando solum est extensio ad
1308 1111 2008 1169 actum exteriorem. Sed neutur artatio videtur vsitata
1296 1151 2007 1214 a philosophis. quia quando distinguunt istas scientias: dicunt: quod
1301 1197 2005 1263 vna est de operibus nostris: et alia non. ergo sufficit ad no¬
1306 1239 2011 1298 titiam practicam quaecumque extensio ad opus nostrm tamquam ad
1308 1279 2021 1351 obiectum. et per consequens quodcumque opus nostrm est praxis vel
1305 1330 2008 1388 obiectum praxis. Et ita quaelibet intellectio quae est nostra
1308 1372 2017 1431 hoc est in potestate nostra: vere erit praxis vel
1304 1420 2023 1472 obiectum praxis: sed non obiectum praxis. ergo erit pra
1305 1458 2009 1518 xis ipsa ⁋ Et si dicatur: quod tunc quaelibet habitus intelle
1308 1503 2011 1559 ctualis eet practicus: quia quaelibet exteditur ad actum
1308 1548 2015 1603 quie est opus nostrm. Ista instantia non valet. quia exten¬
1302 1590 2008 1653 sio habitus intellectualis practici ad opus nostrm est sicut
1309 1635 2020 1691 ad obiectum secundum vsum philosophorum et doctorum. quia dicunt quod
1309 1688 2020 1735 est de operibus nostris ita tamquae de obiectis. Non sic quali¬
1314 1722 2024 1779 bet actus intellectualis extenditur ad actum: quia non quali¬
1311 1764 2024 1833 bet habet actum pro obiecto: sed quaelibet habitus habet actum
1311 1811 2020 1876 pro actu elicito ab illo habitu. ⁋ Preterea arguo
1317 1859 2019 1909 sicut ipse arguit ad probandum quod electio finis sit
1320 1898 2024 1958 praxis. quia illa operatio est vere praxis ad quam incli¬
1317 1939 2015 2007 nat virtus appetitiua: quia quaelibet talis virtus est habi¬
1314 1986 2023 2040 tus electiuus. iii. ethi. et electio est praxis secundum istum:
1317 2029 2028 2094 sed ad cognitionem et studium inclinat habitus seu vir
1314 2075 2017 2130 tus appetitiua. Potest enim aliquis inclinari ad vir
1314 2120 2024 2180 tuose studendum et ad speculandum pro loco et tempore: et
1317 2162 2023 2225 secundum alias circumstantias debitas secundum imperium volun¬
1315 2201 2021 2261 tatis: sicut ad orandum et ad alia opera exteriora: ergo il¬
1329 2250 2021 2307 la cognitio vere erit praxis. ⁋ Preterea omnis actus
1318 2295 2015 2350 impratus a voluntate est praxis: sed aliqua intellectio im
1342 2338 2024 2397 eratur a voluntate sicut actus alterius potentie: ergo etc.
1335 2384 2033 2448 ⁋ Ad istud respondet praedictus doctor: quod licet specu¬
1333 2424 2027 2483 atio sit quadam operatio: et ita praxis extendendo no¬
1329 2468 2024 2526 men. tamen vt praxis dicitur sola operatio ad quam intellectus
1320 2520 2036 2580 potest extendi: nulla intellectio est praxis. Et hoc modo ac
1330 2558 2024 2615 cipitur: quando ad praxim dicitur cognitio practica extendi
1321 2599 2039 2677 Cum ergo arguitur. intellectio est impata a voluntate: qua
