2225 3064
240 200 965 281 est praxis. non sequitur. Sed sequitur ergo est practica. Ipsa
243 257 962 322 enim nata est denominari accidentaliter a praxi ad quan
259 293 965 366 est extensibilis. non autem est terminus talis extensionis.
261 336 962 404 ⁋ Contra istam responsionem argutum est prius. quia ipsa
254 391 956 449 intellectio est terminus extesionis et ad eam alia in¬
252 433 958 491 tellectio vere extenditur. quia vna dictat de alia eli
240 479 957 540 cienda. et alia intellectio non potest esse recta in genere
244 519 959 584 moris: nisi eliciatur conformiter rationi recte. Sicut enim
237 564 959 630 nullus actus exterior: nec aliquis actus cuiuscumque po
243 602 956 667 tentie sensitiue vel motiue vel etiam voluntatis: potest
235 655 950 714 esse moraliter bonus nisi conformiter eliciatur rationi recte
234 688 935 761 et si eliciatur conformiter quaecumque istorum: ipse erit rect
228 731 948 803 in genere moris: ita intellectio non potest esse recta in
229 783 947 845 genere moris nisi eliciatur conformit rationi recte. et
219 829 947 882 si eliciatur conformiter rationi recte: erit recta. ergo talis in¬
218 876 948 938 tellectio vere potest esse praxis ⁋ Preterea quod dicitur
226 911 935 986 quod non sequitur: intellectio est imprata a voluntate: ergo
220 963 949 1027 est praxis. sed sequitur ergo est practica. hoc non est verum: quia
219 991 932 1073 bene sequitur: est imprata a voluntate. ergo est praxis. quia secundum
213 1038 928 1105 istum doctorem. actus potentie sensitiue non dicitur pra
219 1090 930 1155 xis nisi quia imperatur a voluntate: ergo eadem ratione si eque
222 1134 935 1204 perfecte imperet ipsa intellectio: ipsa equaliter dicetur pra
212 1177 933 1237 xis ⁋ Confirmatur: quia quando actus imperans est praxis.
216 1220 932 1280 actus imparatus etiam est praxis. Sed non sequitur. intelle¬
215 1263 928 1329 ctio est imperata: ergo est practicta. quia pura speculatio
214 1302 932 1379 quae nullo modo potest esse practica potest esse impata a vo
215 1348 923 1422 luntate. et tamen non potest esse practica ⁋ Contra secundam
211 1390 917 1468 conditionem. si intelligat quod est posterior intellectione
202 1446 924 1508 cui potest conformari: sic non est vera. quia sola notitia in
204 1485 923 1552 complexa sufficit ad praxim secundum principia istius do
201 1531 912 1599 ctoris et secundum veritatem. Et si intelligat quod praesup¬
201 1575 920 1637 ponitur aliqua intellectio. verum dicit: quia numquam est ali¬
204 1605 908 1677 quis actus praxis nisi sit actus elicitus voluntatis in
207 1656 870 1722 paratus: et quaelibet talis praesupponit intellectio
214 1703 846 1768 ⁋ Contra tertiam conditionem. Aliqua operatio est
196 1749 723 1811 xis quae nullo modo potest elici conformiter
205 1792 900 1858 cut illa quae elicitur conformiter opposite rationi recte no
196 1827 726 1895 cessarie. Unde sic est aliquod dictamen de
201 1873 914 1947 est aliquod de suo opposito quod est impossibile: et illi
193 1925 904 1993 potest elici conformit aliqua praxis: et tamen non potest elici
198 1971 912 2031 conformiter rationi recte: nec ad hoc vt sit rectus nec ad
189 1992 909 2073 sec vt non sit rectus ⁋ Confirmatur. quia quae ratione actus eli
192 2058 904 2120 citus conformiter rationi recte est praxis: eadem ratione actus
200 2101 905 2159 elicitus conformiter rationi false erit praxis. ergo non omnis
192 2130 908 2217 praxis est nata elici conformiter rationi recte ⁋ Ideo
186 2177 911 2245 ad istam. q. dico: quod difficultas magis consistit in no¬
177 2233 891 2300 mine quam in re. Smens enim vel fere omnes ponunt ista
182 2272 902 2345 quod est ibi intellectio ostendens finem et ea quae sunt ad fi¬
189 2322 894 2384 nem: et quod est ibi volitio finis: et etiam consilium de hiis quae
185 2357 899 2425 sunt ad finem. Post quod consilium vel inquisitionem sequitur
189 2407 900 2478 vel sequi potest snienia quae dictatur de hiis quae sunt ad finem
186 2444 894 2520 ipsius: et post istam snientiam quae dictatur quod vnum est eligen¬
188 2490 899 2558 dum et aliud non: sequitur vel sequi potest electio quae dicta¬
190 2534 900 2610 tum vel sententiatum esse eligendum praeponitur illi quod non est
177 2590 904 2663 sic sententiatum esse eligendum Post autem istam electionem
1065 223 1777 314 sequitur illud quod est sic dictatum et setentiatum: si non sit
1061 283 1789 357 aliquod impedimentum Uerbi gratia. alicui infirmo osten
1076 323 1783 393 ditur per intellectum quod sanitas est acquirenda: et habet tunc in¬
1068 369 1782 442 tellectus vnum principium practicum respectu finis.
1068 420 1773 496 quo dictat quod sanitas est acquirenda. Post istud
1058 457 1770 535 autem dictame sequitur volitio in voluntate: quae deside
1064 503 1775 575 rat sanitatem: quamuis forte non neccessario. Istam autem vo
1061 541 1775 629 litionem sequitur consilium intellectus: vel inquasitio qua inquis
1058 585 1774 662 rit per quid melius potest attigere istam sanitatem: vtrum
1059 632 1772 708 per abulationem: vel potionem: vel concturam: vel ali¬
1040 668 1768 755 quam aliam viam. Et post illud consilium vel inquasitionem
1057 717 1757 796 sequitur snienia: quae determinate sententiatur quod sanitas
1046 767 1762 836 melius attingitur per istam viam determinate vel per aliam
1050 803 1760 888 determinate. Et istam sniniam vel dictamen sequitur
1050 848 1761 925 electio voluntatis vel sequi potest: quae determinate vult
1035 904 1766 979 abulare: vel potionem accipere: et sic de aliis. Post
1036 944 1757 1018 ea autem sequitur si non sit impedimentum determinate
1049 984 1757 1056 vel ipsa abulatio vel aliquid aliud. Et ista processio
1041 1021 1749 1105 fere ab omnibus etiam diuersimode opinantibus de pra
1044 1072 1749 1148 xi conceditur et ita discrepant pauci i re. Sed quod isto
1035 1119 1746 1194 rum debeat vocari praxis: et quod non. de hoc sunt opinio
1029 1162 1752 1233 nes. Et ideo quia vtendum est vocabulis sicut vtuntur autores
1032 1209 1746 1275 et inter autores qui loquebantur de isto vocabulo. commen
1029 1256 1752 1319 tator eutercius super li. ethi. frequentius vsus est eo. ideo
1034 1291 1747 1361 secundum intentionem suam dicam: quid est praxis. quia etiam ipse
1034 1332 1740 1408 concorditur vtebatur hoc vocabulo Ari. et Commen. suo
1029 1381 1773 1456 Auer. et aliis philosophis ⁋ Dico ergo quod secundum istum commen. pri¬
1029 1429 1770 1501 mo ethi. Praxis quadrupliciter accipi potes scilicet large. stri
1029 1473 1732 1543 cte. strictius. strictissime. Primo modo praxis idem
1029 1508 1743 1589 est quod operatio cuiuscumque virtutis: siue libere: siue
1029 1560 1731 1631 naturalis. hoc patet: quia energia et praxis isto modo
1032 1599 1741 1674 dicta sunt idem: sed energia est operatio cuiuscumque virtu
1032 1642 1733 1715 tis: ergo etc. maior patet per Comme. dicentem: licet itaque pra¬
1021 1688 1725 1766 xis et energia id est actus et operatio secundum appropatas
1024 1730 1728 1804 significationes distinguantur: communiter tamen acceptis
1015 1778 1725 1845 rationibus praxis pro energia: et econuerso indifferenti
1020 1818 1728 1891 ponitur: ergo omnis energia est praxis. minor patet per eundem
1021 1864 1725 1936 dicentem Cnergia siue operatio est naturalis vniuscu
1016 1906 1727 1976 iusque substantie virtus et motus. Et rursus: energia
1014 1952 1721 2019 est naturalis omnis substantie innatus motus. Ex ista
1017 1987 1716 2064 auctoritae patet quod energia vno modo dicta est motus vel
1005 2040 1713 2119 actio vel actus cuinscumque virtutis siue potentie si¬
1000 2081 1726 2150 ue substantie. ⁋ Secundo modo praxis siue energia dicitur
1009 2131 1713 2202 omnis operatio cognitiua siue passio consequens cogno¬
998 2175 1709 2247 scentem inquantum cognoscens est. hoc est sequitur cognitionem. Et
1008 2211 1712 2290 isto modo ipsa cognitio: omnis etiam actus potentie cu¬
1002 2251 1721 2329 iuscumque quae est cognitiua vel appetitiua et passiones
1002 2295 1707 2378 scilicet delectationes: tristicie: et huiusmodi possunt dici ener
999 2346 1712 2414 gie siue praxes. Unde dicit ibi commen. energia est na
993 2391 1707 2466 turalis et prima semper mobilis virtus intellectiue anime. hoc
1003 2429 1704 2511 est semper mobilis ipsius rationis naturaliter ex ipsa semper irriga
986 2480 1701 2554 ta. Istde potest intelligi de actu cognitio ipsius intelle
999 2519 1700 2597 ctus. pro aliis autem operationibus elicitis a po¬
990 2563 1700 2639 tentia appetiua sequitur. Dicuntur etiam energie
989 2612 1698 2688 id est operationes. praxes id est actus vel actiones
