2220 3079
258 242 973 312 est causa distinctionis istarum scientiarum sicut est causa scientia
258 306 975 358 rum istarum. accipiendo autem finem proprie sed pro illo quod secundum
261 345 970 399 rectam rationem debet esse finis. sic distinguuntur per fines
251 399 973 447 tanquam per aliqua sibi propria. hoc est distinctarum scientiarum
261 435 973 491 sunt distincti tales fines. sed scientie neutro modo di¬
249 481 962 541 stinguuntur per subiecta. sed secundo modo distinguuntur per
261 523 959 581 pbiecta. Ad rationes alterius opinionis patet per dicta
262 567 956 627 Ad primam patet quod scientia speculatiua distinguitur a pra
246 610 965 673 ctica causaliter per finem tanquam per causam. et hoc siue sit idem
247 658 968 704 finis siue alius. sed per distinctum finem secundo modo dictantum
250 701 969 755 distinguitur tanquam per aliquid sibi proprium. ⁋ Ad secundam
253 746 956 806 patet quod scientia speculatiua et practica distinguuntur per
253 787 950 839 pbiecta. hoc est per conclusiones scitas. Ad tertia quod scien
247 833 950 884 speculatiue distinguuntur per seipsas. tamen per principia. sua
246 880 956 932 distinguuntur tanquam per propria. et quantum ad hoc non est simile
243 922 953 974 de principiis respectu conclusionum speculabilium. et de
234 968 959 1018 fine respectu eoclusionum practicarum. et hoc maxi
237 1011 956 1061 me accipiendo finem pro causa finali proprie dicta. Ad
238 1055 953 1105 auctoritatem aristotel patet prius quod philosophus loquitur de
237 1096 951 1148 sine qui secundum rectam rationem debet intendi: et tunc scientiam
231 1138 946 1193 practicam distingui a speculatiua fine non est aliud
223 1191 950 1240 nisi quod scientia practica habet alium finem talem quam scientia spe¬
229 1230 944 1278 culatiua. Unde sciendum est quod proprie loquendo ni
234 1273 954 1332 hil distinguitur ab alio nisi per seiprtet vel per aliquid si
229 1315 941 1369 bi intrinlecum. quia sicut vnumquodque seipo est vnum
232 1363 934 1415 et non per aliquod sibi additum. nec per aliquid
226 1404 940 1455 sibi extrinsecum. ita vnumquodque seipso vel per
229 1446 941 1499 sibi intrinsecum distinguitur a quocuque distin¬
222 1495 934 1542 guitur. tamen dicitur distingui per aliquid ab aliquos quando
225 1541 929 1588 illud est proprium vni et non potest competere alteri. ita
232 1578 944 1634 iet quod ex distinctione aliquorum contingit inferre distin¬
229 1629 929 1668 ctionem aliorum. sicut sequitur. qualitas corporalis et
228 1665 926 1725 spiritualis distinguuntur. ergo subiecta earum distinguunt
229 1711 928 1766 et ita non sequitur. albedo et dulcedo distinguuntur
226 1751 926 1814 ergo subiecta earum distinguuntur. et ita improprie po¬
223 1804 939 1856 test dici quod substantia spiritualis distinguitur a subiecta corporea per
231 1841 929 1900 ilitatem suam. et tamen lac non distinguitur a cigno per al¬
225 1889 929 1938 pedinem. ⁋ Ad primum principale patet. quod finis practi
211 1932 938 1981 ce quae secundum rectam rationem debet intendi est opus natum dirigi
223 1975 919 2032 per scientiam practicam. non tamen semper tale opus est causa finalis pro
223 2019 922 2072 prie dcam. Tame pro intentione philosophi sciendum quod finis quae debet
225 2058 920 2118 ecundum rectam rationem intendi scientie practice non est veritas
213 2107 916 2157 sicut est finis scientie speculatiue. sed finis vltimus
216 2148 925 2204 scientie speculatiue est veritas. finis autem vltimus scientie
212 2189 706 2251 practice non est veritas: sed opus.
226 2231 922 2332 Semum quero utrum ha¬
217 2312 916 2367 ditus theologicus sit practicus: an speculatiuus. Ui
219 2363 904 2414 letur quod sit speculatiuus. quia secundum philosophum. vi. ethicorum
219 2407 913 2465 pers anime scientificacper quam intelligit speculatiuam
207 2459 917 2507 est circa neccessara. Rocinatiua autem e per quam intelli¬
207 2500 914 2556 git practicam) est circa contingentia: sed theologia est
213 2544 925 2599 circa neccessara. ergo theologia est speculatiua. Pre¬
213 2588 920 2644 terea omnis notitia speculatiua est nobilior omni pra¬
211 2633 933 2702 ctica. sed nulla speculatiua est nobilior theologia.
1075 258 1784 325 ergo theologia non est practica. maior patet quia quando aliquod
1079 317 1793 370 commune diuiditur per aliqua inferiora omne contetum subiec nobili¬
1067 361 1783 415 ori est nobilius omni conteto subiec igbiliori. sed scientia diuiditur
1071 399 1784 450 in speculatiuam et practicam. et speculatiua est nobili
1077 440 1784 507 or secundumphilosophumi net meta. ergo quaelibet speculatiua est nobilior
1072 484 1778 554 omni practica. Preterea multe veritates theologice
1068 526 1766 593 sunt etiam meta. sed veritas meta. est speculatiua
1069 570 1774 628 ergo etc. ⁋ Ad oppositum illa notitia quae est directiua
1069 626 1773 683 operationis voluntarie est practica: theologia est huiusmodi
1063 669 1769 719 qui viator indiget aliquo directiuo in diuinis man
1068 705 1769 768 datis implendis. sed tamle directiuum non est nisi theo.
1059 751 1768 811 igitur etc. ⁋ Circa istam quaestionem sunt diuerse opinio¬
1053 802 1769 851 nes. Una est quae ponit quod est simpliciter speculatiua
1060 840 1756 891 qui sicut moralis licet speculetur verum: quia tamen non nisi ad
1063 886 1769 945 operandum bonum. et ideo non dicitur speculatiua sed practi
1057 929 1772 983 ca: sic ista. quia non est in ea labor operis nisi propter spe
1066 976 1764 1031 culationem: sicut omnes practice ordinantur ad specula
1062 1019 1771 1067 tiuam. et vita activa ad contemplatiuam. ideo debet dici pu
1053 1065 1757 1115 re speculatiua. non practica. licet vt in pluribus
1063 1104 1762 1167 possit dici practica propter consideratione operabi¬
1057 1150 1765 1211 lium. tamen simpliciter debet dici scientia speculativa. ⁋ hec co¬
1053 1199 1759 1243 clusio probatur ab aliis. primo sic. Dilectio vel actus
1063 1237 1760 1287 amoris quo voluntas se vnit deo non est praxis.
1054 1275 1760 1331 ergo propter extensionem ad illum actum amoris non dicetur
1054 1328 1768 1382 aliqua notitia practica. sed ad illum actum solum extendi
1051 1367 1759 1418 tur theolo. igitur etc. ⁋ Quo ant ille actus non sit praxis
1053 1412 1768 1466 probatur primo auctoritate philosophi. xii. metha. vbi dicit
1044 1460 1764 1514 quod primum mouens mouet sicut amatum et desideratum.
1046 1494 1753 1552 ergo celum mouetur: sicut amans et desiderans: vt sic assi¬
1045 1552 1754 1601 miletur primo mouenti. et accipit celum prout sibi conium¬
1051 1589 1763 1647 gitur intelligentia mouens ipsum: sed assimulatio maxime
1050 1632 1751 1681 sit per actum beatificum quae est diligere. sed secundum ipsum beatitu¬
1042 1676 1750 1723 do consistit in speculatione. ergo actus amoris erit spe
1042 1719 1753 1778 culatio: et non praxis. sicut actus beatificus est specula
1045 1765 1748 1823 tio et non praxis. ⁋ Item secundum commen. x. ethi. felix per in¬
1033 1811 1741 1856 tellectum est cognatus deo per extensionem ad eius dile
1036 1847 1745 1904 ctionem. sed felicitas consistit in speculatione. ergo etc.
1044 1888 1743 1954 ⁋ Iem felicitas vltia est speculativa et non practi¬
1033 1930 1738 1990 ca. et tamen comprehendit tam actu voluntatis quam intellectus.
1044 1975 1739 2036 Iste Aug. xii. de tri. c. iii. et iiii. distinguit inter di¬
1031 2027 1737 2089 uersas portiones anime. quarum vna dicitur portio superior.
1020 2071 1744 2116 in qua ponitur sapientia et ymago trinitatis secundum ipsum. et
1021 2110 1734 2175 tamen est pars conteplativa secundum eum. Ex quo arguitur sic.
1036 2162 1724 2212 portio superior secundum Augustinum. est pars conteplativa
1027 2203 1735 2251 sed in ipsa portione est menoria et intellectus et voluntas
1024 2243 1733 2294 quae sunt partes ymagis. igitur fruitio et dilectio parti
1021 2290 1744 2334 nent ad partem contemplatiuam. ⁋ Preterea si dilectio dei
1029 2332 1732 2390 esset praxis. ergo metha. esset practica. quia ratio termi¬
1024 2378 1730 2425 nandi dilectionem in deo: est ratio essentialis: et non personalis
1021 2418 1729 2476 sed metha. magis considerat essentialia quam theologia. nostra
1017 2464 1719 2520 notionalia. ergo si theologia nostra sit practica. multo ma
1011 2512 1737 2559 gis metha. ⁋ Ite metha. considerat de deo rationem
1011 2550 1714 2612 bonitatis et per consequens rationem diligibilitatis. ergo si extensio
1020 2598 1721 2652 ne ad dilectionem sit scientia practica. metha erit:
1003 2639 1735 2705 practica. ⁋ Item deus inuenitur in triplici genere causa scilicet
