2251 3090
470 248 1180 330 isto secundo modo: et non primo modo. ⁋ Per idem ad tertium
480 312 1190 384 quod est aliquod medium inter scientiam speculatiuam et practi
470 352 1177 418 causa. quia non sunt dicere opposite. quod est equiualentur vtrumque
474 400 1184 469 Sicut est aliquod medium inter intellectum quae est habitus prin
475 443 1181 511 cipiorum. et scientiam quae est habitus conclusionum: quod est equiualem
476 490 1185 556 ter vtrumquia. scilicet sapientia ⁋ Ad tertium dubium dico distin¬
473 528 1181 605 guendo de habitum theologia. practico: sicut et de theologia spe
477 575 1183 642 culatio. Quod sic dictum est in vna quaestione. quadam habitus
470 617 1190 691 theologia est notitia euidens. et quadam non est euidens. Ita
480 658 1189 726 est in proposito. quod habitus practicus. quaidam est euidens.
474 707 1184 779 sicut ille quo euidentur cognoscitur quod vnicuique red¬
486 754 1186 815 dendum est quod suum est. nulli est pro bono malum redden¬
472 796 1181 871 dum. Alius est non euidens. sicut ille quo cognoscitur quod
474 841 1193 908 corpus christi in sacramento altaris est adorandu. et sic de
468 884 1193 941 aliis. Secundus non pertinet ad aliquem habituum. de quibus
470 923 1197 987 loquitur philosophus. vi. ethi. quia tantum loquitur de habitibus inclinanti
477 973 1186 1035 bus ad actus euidentes. Sed primus habitus pertinet ad
476 1019 1190 1086 aliquem illorum habituum scilicet vel ad scientiam: si sub scientia ibi
474 1059 1187 1133 comprehendatur ta speculativa quam practica. vel ad pruden¬
486 1106 1197 1168 tiam si sub scientia non comprehendatur nisi scientia speculatiua.
489 1152 1189 1215 Sed hoc magis declarabitur in tertio. ⁋ Ad quartum dubium
486 1202 1192 1256 dicitur. quod habitus theogi. practicus debet poni in intellectu
483 1236 1199 1308 speculativo: non in intellectu practico. hoc probatur. quia
476 1280 1199 1352 nullus habitus procedens ex vniversalibus et acquisitus per rationem vl¬
478 1324 1201 1394 timam est subiective in intellectu practico. cuius obie¬
480 1373 1194 1434 ctum sunt singularia et modus experimentalis. Illi namque
487 1414 1199 1474 habitus. qui in intellectu practico subiective acquiruntur
474 1466 1208 1524 sunt experimentales et circa particularia. vt mecha¬
477 1500 1198 1562 nici exparti absque arte. de quibus loquitur philosophus id est metha.
482 1543 1200 1607 habent habitum per experientiam absque ratione. sed iste habitus non
479 1586 1207 1660 est experimentatiuus. nec circa singularia. sed est cum ratione
494 1629 1192 1694 et ex vniversalibus. ergo non est in intellectu practico subiective
492 1675 1197 1748 ⁋ Ad cuius intellectum dicitur esse sciendum. quod intellectus
488 1722 1191 1792 practicus et ratio particularis sunt idem. intellectus autem spe
489 1772 1202 1823 culatiuus et ratio vniversalium sunt idem. Est autem sciendum. quod re
486 1806 1196 1880 spectu cuiuscumque obiecti oper abilis negociatur parti¬
492 1849 1201 1918 cularis ratio et ratio vniversalis. et secundum hoc habitus sunt acquisibiles
495 1893 1210 1955 circa quodcumque operabile. Unus quidem per experientiam et as¬
486 1937 1196 2008 suefactionem actuum in ratione pticulari. Alius vero per de
492 1981 1203 2052 monstrationem vniversalium in ratione vniversali. siue in intellectu conten¬
488 2026 1198 2098 platio. Smne namque operabile hiis duobus modis est
497 2068 1200 2133 at ingibile per intellectu. Et hic est. quod omnis scientia quaest
501 2117 1204 2176 de operabili diuiditur in practicam et speculativam. Si
503 2154 1202 2217 cut in medicia. Appellatur autem practica illa quae est
497 2200 1204 2264 experimentalis. et in intellectu practico subiectiue
493 2244 1194 2310 Theorica vero est illa quae est rtiocinatiua ex vniversalibus. et est
495 2290 1205 2350 in intellectu contemplatiuo. Et quia operationes sunt circa
504 2331 1201 2407 singularia. ideo exparti absque ratione. qui habent primum habitum
501 2375 1202 2447 melius operantur scientibus: et habitum secundum habentibus. vt patet
503 2415 1211 2485 i. metha. Unde medici habentes secundum habitum non bene
504 2466 1202 2527 operatur. doec per experientiam acquisiert sibi primum. Sed
510 2510 1198 2586 stam opinione quantum ad conclusionem principalem plus est in verbis quae
495 2552 1202 2624 in re: quia voces sunt adiplacitum: et ideo vocando intelle¬
498 2603 1205 2658 ctum practicum praecise intellectum respicientem singularia
491 2646 1199 2722 posset dici quod habitus aliquis practicus est subiectiue in inter
1290 231 2002 315 lectu speculatiuo. et eodem modo posset concedi quod in in
1288 288 1995 348 lectu pctico est aliquas habitus speculatiuus. et hoc habet ista
1284 333 2003 390 opinion concedere. Probo. quia secundum eum intellectus speculati
1283 380 1996 438 uus et ratio vniversalis sunt simpliciter idem. sicut intellectus practicus et
1288 428 1990 483 ratio particularis sunt simpliciter idem. sed intellectus potest habere habi
1281 468 1997 520 tum aliquem respectum alicuius singularis pure speculabilis
1286 514 1987 571 sict quod ista luma tali tempore eclipsabitur. ergo iste habitus acd
1292 555 2003 617 situs est in intellectu practico. Preterea. per te. habitus acquisi¬
1288 596 2000 662 tus per experientiam est in intellectu practico. sed aliquas habitus
1290 646 1993 701 vniversalium tam speclatius quam practicus acquiritur per experientiam
1296 693 1990 755 ergo aliquis habitus vniversalium ta speculatius quam practicus erit in i
1288 743 1999 798 tellectu practico. Assumptum patet. quia per philosohum id est meth.
1290 781 1997 836 et ii. poste. per experientiam acquiritur vniversale. quod est principium
1285 826 2003 878 art et scientie. hoc estit patet per experientiam. quia sic declara
1296 867 1995 921 tum est prius in aliis quaeoibus multa sit vniversalia quae nullo modo posuni
1298 910 1987 969 sciri nisi per experientiam sensuum et intellectus. per hoc patet quod
1290 954 1994 1013 dicere quod ratio particularis et intellectus practicus sunt idem. et quod n
1290 1000 1997 1056 tellectus speculatiuus et ratio vniversalium sunt idem. non est nisi in
1289 1054 1993 1108 stituere vocabula ad placitum. Preterea ratio sua per
1291 1089 2004 1157 quam probat nihil valet. quia quando dicitur nullus habitus procedens
1290 1144 2003 1189 ex vniversalibus et acquisitus per rationem est subiectiue in intellectu
1293 1174 2011 1235 practico. ista est simpliciter falsa. sed habitus procedens ex vniversali
1300 1219 1999 1276 bus vel singularibus qui non est directiuus operis est in in
1296 1264 2012 1321 tellectu speculativo. si autem sit directiuus operis erit
1300 1310 2008 1366 in intellectu practico. Si dicatur quod philosophus dicit quod obie
1302 1354 2008 1410 ctum intellectus practici est singulare et aliquid contigens
1296 1398 2008 1447 aliter se habere. hoc non valet. quia ibi philosophus accipit particulare
1305 1446 2009 1493 et contigens aliter se habere non in sua gnralitate. quia tamlia sunt
1312 1485 2009 1543 multa naturalia quae non respicit intellectus practicus. sed
1303 1530 2015 1579 accipit ibi contigens aliter se habere pro aliqua quod est in ptante
1302 1570 2018 1622 nostra. et dicit quod intellectus consiliatiuus est respecum talium.
1308 1615 2012 1664 Unde. vi. ethi. c. ii non loquitur de intellectu practico
1291 1661 2024 1725 in communi. sed de intellectu consiliatimo quem vocat ratiocina
1302 1707 2008 1759 tiuum. vnde dicit consiliari et ratiociari idem. ideo dico aliter. quod
1299 1753 2011 1802 cum intellectus nullo modo distinguatur sed sit simpliciter idem
1306 1792 2009 1846 respecum omnium habituum et omnium actuum intellectus speculati
1307 1836 2006 1895 uus et intellectus practicus nullam ponunt distinctionem a par
1302 1886 2014 1942 te intellectus. sed sunt diuerse denominationes accepte a
1308 1927 2012 1979 diuersis habitibus qui adduntur ipsi intellectui. et ideo quia in¬
1302 1967 2015 2020 tellectus practicus non est nisi intellectus habens habitum practi
1300 2012 2018 2063 cum vel actum practicum vel saltem natus habere. et intellectus
1302 2050 2018 2118 speculatius est quae habet habitum speclatiuum vel actum specula
1315 2102 2012 2155 tiuum vel saltem natus est habere. de vi secumonis potest concedi quod
1308 2141 2009 2198 habitus practicus est in intellectu speculatiuo. et habitus specula
1311 2194 2012 2240 tiuus est in intellcum practico. quia sipliciter idem est quae est intellctus
1305 2235 2009 2301 speculatius et practicus et ita ex hoc ipso quod aliquis habitus
1308 2274 2012 2334 est in intellectu speculatiuo est in practico intelle
1308 2323 2009 2373 ctu. et econuerso. tamen accipiendo intellectum specula
1305 2366 2008 2420 tiuum et practicum sed quod dicunt habitum vel actum et non po
1309 2413 2008 2469 tentiam tantum. si sicut dicerem. lac album et lac dulce. et non
1305 2453 2005 2510 lac dealbabere et lac dulcorabersae. sic loquendo. po
1314 2498 2006 2554 sito habitu practico sequitur quod ille habitus est in
1303 2545 2005 2598 intellectu practico. et non sequitur necessario quod
1302 2587 2008 2645 sit in intellectu speculatiuo. Et eodem modo
1296 2633 2006 2707 posito habitu speculatiuo ortet quod hec sit vera. iste
