2220 3074
240 241 953 307 habitus est in intellectu speculatiuo. et non oportet quod hoc sit vera
231 288 952 344 iste habitus est in intellectu practico. Uerbi gratia
244 338 947 389 Ponatur quod aliquis habens habitum speculatiuum non habeat
235 385 953 441 aliquem habitum practicum. hoc posito. hoc est vera. iste habitus¬
235 424 953 476 est in intellectu speculatiuo. quia valet istam. iste habitus
235 472 940 528 est in intellectu habente habitum speculatiuum. et tamen haec est
229 510 945 572 falsa illo posito. iste habitus est in intellectu practico
227 568 949 616 propter falsam implicationem. quia valet istam. iste habitus est in
229 600 951 656 intellectu habente habitum practicum. et eodem modo si tantum
238 646 938 705 haberet habitum practicum quemcumque: et non habitum specula
228 699 947 752 tiuum. hoc esset vera iste habitus est in intellectu practico
223 738 944 789 et hoc falsa. iste habitus est in intellectu speculatimo pro¬
225 784 937 832 pter falsam implicationem. sed quando intellectus habet et habitum
222 829 946 873 speculatiuum et habitum practicum. tunc quicumque habitus est
226 866 928 920 in intellectu speculatiuo est in intellectu practico
216 915 941 971 et econuerso. sicut quando idem lac est album et dulce. tunc quae
223 958 936 1018 cumque albedo est in lacte albo. est in lacte dulci: et
226 1001 943 1050 quaecumque dulcedo est in lacte dulci. est in lacte albo. et
222 1048 935 1102 niversaiterquicumque qualitas est in lacte albo etiat est in dulci et econ
216 1088 929 1138 uerso. Si tamen lac esset album et non dulce. tunc albe
217 1131 938 1195 do esset in lacte albo et non in lacte dulci. et si esset
204 1180 947 1228 dulce et non album. dulcedo esset in lacte dulci et non
222 1222 936 1278 in lacte albo. vnde dico quod intellectus speculatiuus et
217 1271 941 1315 practicus se habent respectu habitus vel actus practici et
208 1314 943 1357 speculatiui. sicut lac album et lac dulce respectu al¬
217 1353 935 1408 bedinis et dulcedinis. vel saltem se habent sicut lac de¬
220 1398 932 1449 albabile et lac dulcorabile. et accipio hoc dealba
204 1437 933 1500 bile et dulcorabile pro illo quod est idem quod aliquid
211 1490 921 1542 cui non repugnat habere albedinem et dulcedinem. Et
208 1533 926 1586 tunc sicut quicquid est in lacte dealbabili est in lacte
215 1575 926 1629 dulcorabili. et econuerso. ita quicquid est in intellectu
211 1616 930 1676 speculatiuo est in intellectu practico et econuerso.
214 1660 923 1710 tamen haec tunc erit vera per se. habitus speculatius est in intel¬
214 1700 923 1760 lectu speculatiuo. non per se primo mnodo nec secundo
211 1746 918 1804 de quibus loquitur philosophus primo posteriorum. quia non est neccesar
217 1789 932 1843 Sed dicitur per se. quia nihil hoc importatur per praedicatum quod nec
211 1834 923 1884 est subiectum nec accidens receptum in subiecto illo. sed
199 1880 933 1934 ista est per accidens. habitus practicus est in intellectu spe¬
205 1922 927 1982 culatiuo. quia hoc importatur aliquid per praedicatum. quod nec
211 1964 917 2023 est subiectum notitie practice nec ipsa notitia pra
202 2014 932 2062 ctica. sed est aliquid sine quo ita potest esse notitia pra¬
211 2052 918 2113 ctica in intellectu sicut cum illo. quia praedicatum importat
205 2100 918 2153 notitiam speculatiuam quae in nullo requiritur ad notitiam
201 2145 915 2201 practicam. saltem sicut subiectum. quameuis aliquando st causa ef¬
205 2182 920 2240 fectiua ipsius. et ita sicut haec est per se illo modo quo philosophus
201 2227 908 2283 loquitur de praedicatione per se primo poste. in prin. c. de
196 2272 910 2337 statu praedicatorum per se. lignum album est album. quia illi
198 2323 907 2368 quod importatur per subiectum inest immediate albedo.
205 2364 912 2419 et hoc per accidens. lignum durum vel lignum siccum est album.
193 2412 911 2458 qui siccitas vel durities importata per partem subiecti
205 2455 914 2510 non est subiectum albedinis. et tamen haec est vera. lignum durum
207 2497 913 2546 el lignum siccum est albam. Ita hoec est per se. in intellectu
195 2535 914 2602 practico est habitus practicus. et hoc similiter. in intellectu spe
204 2588 914 2642 culatiuo est habitus speculatiuus. sicut hoc est per se illo modo. in
196 2615 918 2707 ligno albo est albedo. illo modo loquendo de per se. et
1051 240 1759 299 hoc est per accidens. lignum siccum est album et tamen vera. Ad ratione
1053 300 1763 358 alterius quando accipitur. nullus habitus procedens ex vniversali
1060 335 1766 401 bus et acquisitus per rationem est subiectiue in intellectu pra
1056 384 1766 448 ctico. Dico quod hoc est simpliciter falsa. quia omnis habitus pra
1048 429 1757 485 cticus est in intellectu practico. Et quando dicitur quod obiectum
1050 469 1770 531 intellectus practici est singulare. Dico quod obiectum
1039 520 1757 575 intellectus practici aliquod est singulare et aliquod vniversale.
1051 561 1752 621 Et si dicatur. hoc dicit philosophus quod intellectus practicus est co
1051 601 1751 665 tingentium aliter se habere. Dico quod de virtute serumonis debet
1054 648 1757 701 concedi quod intellectus practicus est neccessariorum et pure spe
1039 698 1764 751 culabilium et intellectus speclatius operabilium. quia idem
1045 734 1748 791 est intellectus et pro eodem supponunt illa subiecta. Tame
1039 779 1754 836 intentio philosophi est quod quando est intellectus practicus. ita quod imme
1051 819 1747 888 diate dirigat aliquod operabile tunc est singularis et
1039 874 1745 930 alicuius contingentur aliter se habere. Et ratio est. quia tunc illud
1048 914 1754 982 operabile debet cognosci si debet dirigi per intellectum. et per
1066 952 1750 1022 enons tunc intellectus practicus est respectu alicuius
1051 1000 1756 1068 ingularis: sed non praecise respectu singularis. sed frequenter
1045 1052 1748 1111 et vt in pluribus est tunc et respectu vniversalis. Sic autem
1044 1095 1742 1145 non est de intellectu speculatiuo. quia potest esse simpliciter
1033 1134 1749 1197 in actu suo vltio sine intellectione alicuius singularis
1039 1177 1746 1243 sed proprie et per se intellectus practicus est respectu opera¬
1038 1218 1746 1284 bilis a nob: siue in vniversali siue in particulari. Non sic autem
1039 1265 1741 1321 intellectus speclatiuus mediante illo habitu ratione cuius
1045 1314 1739 1373 denominatur intellectus speculatius. Ultra: quando dicitur
1039 1352 1754 1407 quod omnis habitus existens in intellectu practico est experi
1045 1400 1748 1452 mentalis. hoc potest intelligi dupliciter. vel quod sit habitus
1045 1444 1735 1506 alicuius complexi immediate accepti a notitia intui¬
1045 1490 1735 1538 tia et sic est fusa. Ul quod sit habitus alicus complexi. siue me
1027 1525 1744 1584 diate siue immediate accepti a notitia intuiti¬
1033 1575 1739 1626 ua. Et certe tales habitus multi sunt vniversales. quia multi vniversales
1039 1626 1748 1670 mediate accipiuntur a notitia intuitiua secundum quod docet
1032 1669 1752 1728 philosophus id est meta. et ii. posteriorum. et isto modo aliqui experi
1027 1708 1736 1763 mentales sunt vniversales. sed sic non loquitur ibidem. quia ibidem
1044 1758 1736 1809 non vocat talem habitum experimentalem. quameuis dicat eum
1060 1790 1737 1856 nari ex notitia intuiua mediante experimnto. Aliter
1069 1848 1740 1895 cipitur habitus experimentalis pro habitum quae immediate acci
1027 1883 1736 1946 pitur a notitia intuitiua. et ille est respectu singularis
1026 1933 1735 1980 contingentur. Ueruntamen sine accipiatur habitus experimen¬
1021 1976 1738 2028 talis vno modo siue alio. hoc est falsa. omnis habitus existens in in¬
1030 2019 1739 2075 tellectu practico est experimtalis. quia praeter illos possunt
1030 2062 1730 2111 esse aliqua habitus deducti ex principiis per se notis quae erunt
1021 2101 1725 2165 in intellectu practico ex hoc ipso quod sunt practici. Si
1021 2148 1733 2210 dicatur quod habitus practicus immediate dirigit circa opus.
1023 2187 1721 2255 ergo si habitus vniversalis non immediate est directiuus non erit sim
1024 2243 1727 2290 plicitur practicus. Dico quod habitus vniversalis immediate diri¬
1024 2284 1721 2340 git. non tamen totaliter sed partialiter tantum. quia praeter habitus
1026 2332 1728 2390 vniversales requiriturnotitia rei singularis quae debet dirigi
1024 2373 1732 2421 vel circa quam debet aliqua potentia operari. Et ideo
1021 2412 1737 2478 eque immediate dirigit habitus vniversalis sicut habitus experimen¬
1010 2465 1721 2516 talis quae est respectu singularis. patet in arte quod aliquis
1014 2502 1724 2559 frequenter faciens domum. ibi derelinquuntur quidam
1015 2550 1727 2600 habitus gnati ex actibus singularium. Ille habitus non
1006 2598 1722 2639 esticam efficiens ad dirigendum circa domum facien¬
1009 2634 1718 2704 dam quia nisi habeat notitiam lignorum et lapidum et huiusmodi
