2215 3074
262 243 971 302 est perfectior quam ille actus qui respicit pauciora. sed
258 298 967 345 isto posito fruitio: seu actus fruendi esset tantum re¬
265 337 968 395 spectu finis. actus vtendi esset respectu finis: et
252 384 971 431 respectu illius quod est ad finem: et eque perfecte re¬
262 425 980 479 spectu finis: sicut actus fruendi. quia per hoc quod aliquis
249 467 981 525 diligit aliquam creaturam propter deum. non minus di¬
251 511 968 577 ligit deum. ergo actus vtendi creatura esset perfectior
259 562 969 618 actu fruendi deo ⁋ Tertio sic. voluntas non potest si
259 608 962 654 mul et semel habere duos actus perfectos respectu
259 651 971 698 eiusdem obiecti. sed posito actu meritorio in volun¬
256 693 974 741 tate quo aliquis diligit deum propter se. potest offerri
249 737 977 795 voluntati per intellectum aliquid ordinabile et di¬
259 778 959 839 ligibile propter deum: quod potest voluntas diligere pro
247 828 959 884 pter deum. et non oportet quod voluntas dimittat actum
241 873 962 917 primum meritorium. ergo tunc ille actus secundus elicitus
241 917 971 961 praecise terminabitur ad creaturam. Aliter essent simul
244 960 956 1010 in voluntate duo actus respectu dei. ⁋ Quarto
247 997 950 1059 sic. sicut aliquos potest diligere aliquid propter aliud
235 1043 965 1103 dilectum: ita potest detestari aliquid propter aliud di¬
231 1085 955 1146 lectum. ergo qua ratione actus diligendi aliquid propter aliud
235 1131 960 1192 est vnus actus numero habens vtrumque pro obiecto
243 1174 963 1228 eadem ratione actus detestandi aliquid propter aliud: seu
237 1223 949 1273 propter amorem alterius: est vnus habens vtrumque
235 1271 959 1324 pro obiecto. sed hoc est impossibile. quia tunc actus aman¬
232 1309 955 1358 di: et actus odiendi essent vnus actus numero. Ista vl¬
229 1349 959 1405 tima consequentia patet. quia si ille actus terminatur ad fi
229 1397 944 1446 nem. Aut illo actu amatur finis. aut oditur. Non odi¬
229 1440 950 1496 tur: ergo amatur. ergo ille actus est actus amandi: et est actus
232 1481 947 1542 odiedi: quia aliquid illo oditur: ergo etc. ⁋ Quinto sic. idem
231 1529 943 1580 actus numero non potest esse intensus et remissus. perfe¬
219 1581 956 1628 ctus et imperfectus. sed quicumque diligit aliquid propter
222 1611 950 1670 aliud scilicet propter finem intensius et perfectius diligit fi¬
231 1660 946 1709 nem. et remissius et imperfectius diligit illud quod est
235 1706 938 1755 ad finem. ergo non eodem actu diligit vtrumque. ⁋ Confir¬
231 1742 949 1790 matur. quia si eodem actu diligeret vtrumque. ergo ita perfe¬
229 1794 941 1843 cto actu diligit aliquas meritorie creaturam sicut
232 1831 948 1888 deum. et per consequens tantum diligeret. et ita deus non esset summe
225 1872 933 1932 diligendus et super omnia: quod est absurdum. ⁋ Sexto sic
219 1918 943 1970 tertio ethi. electio non est voluntas. quia electio est
220 1961 937 2017 eorum quae sunt ad finem. et voluntas est ipsius finis. sed
218 2003 938 2062 si esset vnus et idem actus electio ex hoc ipo quod esset ali¬
213 2053 945 2106 cuius propter fine esset ipsius finis. ⁋ Preterea. sicut intel
226 2093 935 2150 lectus non potest intelligere plura: ita nec voluntas
217 2139 939 2197 potest velle plura. ergo nec est vnus actus. nec est si
229 2175 926 2242 mul vtriusque voliti. ⁋ Sed istis rationibus non ob¬
210 2228 932 2280 stantibus videtur probabile quod possint esse duo actus
211 2275 926 2328 et quod potest esse vnus actus ⁋ hoc potest declarari: quia
223 2312 920 2367 sicut intellectus se habet ad principia et conclusio
214 2357 923 2417 nes: ita se habet voluntas ad finem: et ad ea quae sunt
211 2402 932 2455 ad finem. sed intellectus potest scire conclusionem distin
210 2443 917 2495 cto actu ab actu quo cognoscitur principium. et potest
215 2494 920 2540 vnico actu cognoscere vtrumque. ergo eodem modo volun¬
213 2535 926 2589 tas potest habere distinctos actus respectu finis et il¬
216 2578 920 2634 lius quod est ad finem. et vnum actum respectu vtriusque.
210 2622 933 2701 Ihaior patet de se. quia non minus potest voluntas super
1081 241 1788 315 obiecta sua quam intellectus super obiecta sua. minor
1078 298 1785 362 patet quo ad primam partem. quia notitia principii est causa
1074 345 1791 407 notitie concionis. sed causa distinguitur realiter ab effe
1080 381 1787 452 ctu suo. ergo potest esse alius actus quo cognoscitur princi
1077 430 1783 488 pium et quo cognoscitur conclusio. Secunda pars minoris patet
1069 481 1788 530 qui non magis repugnat intellectui intelligere vni
1075 516 1776 580 co actu vnum discursum vel vnam consequentiam quam vnam pro
1069 561 1775 627 positionem. sed vnico actu potest intelligere vnam pro¬
1068 606 1782 671 positionem. patet per philosophum. iiii de anima. vbi diuidit opera
1071 652 1781 705 tionem intellectus in operationem simplicium et composi¬
1069 692 1778 752 torum. ergo si diuisio sit propria. ita erit vna intellectio
1057 747 1775 794 complexi sicut incomplexi. Preterea si non sit vnus
1069 783 1779 846 actus. ergo sunt duo actus distinctorum obiectorum.
1057 825 1779 886 sed hoc est falsum. quia tunc componere vel diuidere non
1069 869 1771 932 esset nisi habere diuersos actus respectu diuerso¬
1056 918 1775 974 rum obiectorum. sed hoc est manifeste falsum. quia
1057 953 1774 1023 tunc ita bene posset sensus componere et diuidere
1054 1002 1756 1061 sicut intellectus. quia sensus potest habere distinctos act
1062 1045 1763 1112 distinctorum obiectorum. potest enim visus simul videre
1060 1083 1779 1152 diuersa alba vel nigrum et album. Preterea. iii. de
1057 1132 1770 1196 anima. sensus communis cognoscit differentiam diuersorum sen¬
1051 1171 1773 1241 sibilium eiusdem sensus. aut ergo vnico actu aut disti¬
1050 1216 1766 1283 ctis. si vno actu. ergo multo fortius tam intellectus
1060 1257 1770 1328 quam voluntas vnico actu possunt in multa obiecta. si
1054 1306 1764 1366 distinctur hoc potest sensus particularis. ergo propter illam
1046 1360 1769 1409 operatione non ortet ponere sensum communem. Preterea in
1053 1390 1762 1453 tellectus in patria vnico actu intelligit plura. quia
1045 1429 1751 1498 verbum et res in vbo secundum communiter loquentes. Similiter secundu communi
1048 1477 1752 1553 loquentes vnico actu diligit deum et creaturam. ergo hoc
1041 1513 1745 1592 non est negandum ab istisi via. ex quae non appret euidens roti
1041 1560 1757 1629 in contrarium. nec experientia nec auctas scripture. Si
1048 1606 1741 1669 dicitur quod sint distincti actus. tunc neuter erit actus vter
1050 1651 1758 1719 di. non primus vt manifestum est nec secundus probo. quia
1042 1693 1749 1769 quando aliquis actus sine alio a quo potest separari non est
1032 1740 1744 1801 actus vtendi. ille idem coniunctus cum illo non erit actus
1033 1786 1754 1849 vtendi. quia actus alius non facit actum eundem numero.
1041 1831 1745 1895 esse actum vtendi quae non erat prius actus vtendi. nec
1035 1878 1740 1932 econuerso. sed ille actus quae praecise terminatur ad illud
1033 1911 1736 1979 quod est ad finem. posset esse sine omni actu respectu fi
1032 1965 1740 2017 nis. quia voluntas libere potest ferri in quodcumque obie¬
1026 2015 1742 2069 ctum sibi onsum nullo alio oblato. sed hoc posito
1026 2059 1745 2107 non erit actus vtendi. quia non diligitur propter aliud.
1029 2093 1736 2154 nec ergo quando simul est cum actu respectu finis erit actus
1027 2148 1743 2202 vtendi. Confirmatur. quia actus quae praecise terminatur ad
1026 2184 1739 2246 vnum et potest esse sine omni alio non tendit in aliquid propter
1031 2226 1742 2288 aliud. ergo non est actus vtendi qui tendit in aliquid propter
1026 2269 1726 2328 aliud. quo enim tendit in aliquid propter aliud. si non
1032 2316 1736 2376 tendit in illud aliud. Ad istud potest dici quod stricte
1030 2357 1728 2421 loquendo de actu vtendi talis actus quae praecise ter
1014 2412 1731 2461 minatur ad aliquid non summe acceptatum hoc est non ac¬
1030 2451 1730 2508 ceptatum tanquam summum non est actus vtendi. Et
1023 2490 1740 2553 ideo potest distingui de actu vtendi quod tripliciter acci
1017 2542 1720 2591 pitur. Uno modo pro omni actu qui non est fruitio. Alio
1017 2584 1729 2635 modo pro actu terminato ad aliquod obiectum causato ex
1017 2625 1736 2683 actu fruendi respectu alicuius. Tertio accipitur pro¬
