2236 3083
258 202 955 282 erit a solo deo actiue. sed visio divine essentie et frui
252 275 950 326 tio quae est actus beatificus habent talem ordinem. et sunt in eo
246 316 943 374 dem genere. quia vtrunque est supernaturale. ergo cum visio ni
252 366 955 414 da sit a solo deo active. fruitio illa erit a solo deo
251 406 958 468 actiue. ⁋ Quia tamen haec posset negari de vtroque. Ideo
254 449 952 505 arguo primo sic. quando aliqua duo sunt supernaturalia.
248 501 959 547 si imperfectius propter sui perfectionem sit a solo deo crea ¬
251 534 949 595 bile. et perfectius erit a solo deo creabile. sed habitus
251 579 947 633 caritati et lumen gralie si ponantur sunt supernamlia et imper
249 629 956 680 fectiores quam actus supernales eis correspondentes. et sunt
243 669 956 721 a solo deo actiue secundut communiter loquentes ergo multo magis
252 715 962 768 et actus. igitur etc. ⁋ Preterea spaialiter de actu voluntatis
236 760 958 812 argua sic. omnis potentia libere agens et contingenter
243 805 958 864 potest de sua potentia absoluta cessare ab actu suo
244 847 952 903 et hoc mediate vel immediate. quod dico propter vnam instam
249 889 956 945 tiam adducendam in alia quaone convnam opinionem. sed vo
246 931 949 988 luntas respectu cuiuscumque obiecti libere et contin
239 976 952 1039 genter agit. ergo simpliciter de potentia sua absoluta potest
238 1030 952 1082 cessare ab actu suo ergo voluntasposset simpliciter face
244 1064 956 1123 re se non beatam. et ita voluntas beati non potest esse consum
240 1110 961 1163 mata in bono. sicut nec voluntas viatoris. maior est
237 1156 968 1208 manifesta. minor patet. quia voluntas non potest neccesstari
243 1196 955 1257 respecum cuiuscumque. ⁋ Preterea. non minus repugnatt vo
246 1242 962 1293 luntati beati recipere actum beatificum a solo deo quod vo¬
243 1280 960 1333 luntati damnati recipere aliquem actum voluntatis a so
236 1325 968 1387 lo deo. sed damnatus non habet se actiue respectum alicu¬
247 1372 946 1424 ius actus voluntatis. quia si sic posset se facere sine in
249 1414 953 1473 lo actu. et per consequens sine tristitia. et per consequens sine pena¬
236 1461 955 1512 De illa ratione patebit in secundo. Istas rationes non ad
237 1502 952 1562 duco tamquam insolubiles. quia postea in diuersis quaestio
240 1551 952 1603 nibus dabitur via respondendi ad eas. teneo tamen istam parten
241 1593 956 1643 tamque probabiliorem. quia respecum beatitudinis siue intelle¬
251 1635 957 1693 ctus siue voluntatis solus deus est causa effectiua: et hoc propter
252 1678 958 1737 nobilitatem ipsius beatitudinis. ⁋ Se conclusio praedicta potest
253 1721 953 1775 argui primo sic. omnis actus voluntatis respecum dei cla
251 1769 949 1818 re. visi est beatificus. quia omnis talis summe quaetat. sed concessi
244 1813 962 1860 est quod obiecto clare viso potest voluntas frui deo acti
238 1858 952 1908 ue. ergo actiue poterit se habere respecum illius fruitionis
237 1904 955 1968 quae erit beatifica. ⁋ Preterea nobilius est agere quam pati
237 1944 953 2005 gro hoc potest competere voluntati respecum illius per quod ma¬
244 1992 950 2049 xime perficitur. ergo respecium illius debet se habere actiue. Pre
243 2033 947 2082 terea primium correspondem merito. ergo eiusdem et eodem modo
249 2077 952 2129 est praemiari cuius est mereri. sed voluntas meretur et acti¬
241 2119 962 2167 ue meretur. ergo ipsa praemiabitur et actiue praemiabitur.
244 2163 953 2215 ⁋Ad primum istorum dico quod talis videns divinam essentiam
249 2209 953 2270 potest elicere aliquem actum diligendi deum. sed ille actus
243 2255 947 2311 non erit beatificus nec erit maxime quaetatiuus. quia vnus
238 2294 947 2351 alius perfectior magis quaetabit. Et si dicitur quod tunc beatus
244 2344 950 2394 haberet duos actus fruendi deo. vnum a solo deo. et ali
236 2387 953 2440 um anctiue a seipo. consequens videtur inconueniens. consequentia
234 2431 949 2495 patet quia voluntas beati tenetur diligere deum quantum potest
237 2474 958 2530 et omnibus modis quibus potest. ergo si potest actiue se habere ad
241 2531 961 2575 aliquam fruitionem elicit eam nisi impediatur:
238 2565 947 2624 sed non impeditur per actum beatificum. quia cum illi actus
237 2608 961 2670 distinguantur speciet non contrientur vnus non impediet alium.
1044 192 1769 268 ⁋ Ad illud potest dici. concedendo: quod consequens non est
1056 265 1772 323 inconueniens. quod beatus habeat duos actus respectu di.
1056 318 1772 358 vnum a solo deo. et alium a deo et seipso. quiaunt vniversalie ne¬
1056 351 1756 411 gare: potest dicere quod ille actus non elicitur a voluntate
1052 394 1769 448 qui deus non vult sibi coagere ad actum illum. ⁋ Ad se
1062 439 1762 493 cundum dico quod quamuis agere in communi sit nobilius quam pa
1053 488 1780 540 ti in communi. quia nobilissimum agens est nobilius nobilis
1060 533 1774 584 simo passo. tamen aliquod pati est nobilius aliquo age
1047 574 1771 623 re. et respectu eiusdem et respectu diuersorum. Re¬
1053 619 1768 679 spectu eiusdem patet. quia si intellectus et sensus essent pri
1043 660 1768 709 cise passiui. adhuc pati illas cognitiones esset
1050 706 1771 758 nobilius quam agere eas. Unde potentia recipiens esset
1056 750 1778 804 nobilior quam obiectum efficiens. quia illa intellectio esset
1047 796 1766 852 nobilior. Respectu est diuersorum patet. quia nobilius
1047 836 1774 889 est recipere intellectionem quam producere vnum calorem.
1053 883 1771 936 ideo dico quod in nullo repugnat nobilitati voluntatis
1053 926 1772 988 quod sit praecise passiua respectu actus beatifici. ⁋ Si di¬
1062 968 1781 1022 catur quod salte sequitur voluntatem esse imperfecta. Respon
1058 1014 1763 1070 deo quod voluntas non est simpliciter perfecta. quin habeat in
1053 1056 1768 1122 perfectionem aliquam. ⁋ Ad ttium dico quod argumen¬
1056 1102 1768 1153 tum est magis ad oppositum. quia meritum et primium diffirn
1053 1148 1780 1204 se habere opposito modo ad actiuitatem merentis et pri¬
1057 1194 1772 1245 miantis. quia de ratione meriti est quod sit active a merete
1053 1240 1784 1291 sed de ratione primii est quod sit passiue in praemiato magis
1060 1290 1775 1331 quia praemium debet esse active a praemiante. Quod aut sit actie a
1065 1321 1775 1377 praemiato hoc accidit: immo in hoc non habet rationem primii in
1059 1373 1778 1413 tantum. quod si esset a praemiato totaliter: non haberet rationem
1071 1406 1790 1464 primii. Et ideo dico quod eiusdem est mereri et praemiari. sed
1056 1459 1774 1509 merebitur active et primiabitur magis passiue. et pre
1054 1497 1773 1552 mium erit active ab illo a quo meretur scilicet a praimiante
1072 1543 1769 1600 ⁋ Ad primum principale concedo: quod frui est in poten¬
1059 1585 1769 1635 tia nobilissima. Et quando dicitur. intellectus est potentia
1062 1636 1771 1685 nobilissima. concedo. et similiter voluntas est potentia
1066 1674 1777 1728 nobilissima. quia illa potentia quae est intellectus et illa
1072 1715 1766 1770 quae est voluntas nullo modo distinguntur a parte rei. nec
1062 1759 1771 1809 a parte rationis. sicut alias declarabitur patet. quia illa sunt
1059 1804 1774 1855 nomina significantia idem connotando praecise distinctos
1063 1849 1775 1907 actus scilicet intelligendi et volendi. Si tamen distinguerentur.
1059 1889 1768 1940 dicerem. quod potentia volitiua esset nobilior. et hoc di
1059 1936 1765 1989 cit Thomas. quameuis alibi dixerit oppositum. Und
1063 1980 1775 2033 in liber est distinctione. i.t q. i.s dicit sic. Suprima pars habet
1047 2023 1769 2069 intellectum et voluntatem. quorum intellectus est altior
1060 2065 1772 2116 secundum ordinem et voluntas secundum perfectionem. et similis ordo
1062 2116 1769 2164 est in habitibus et etiam in actibus scilicet visione et amo
1053 2155 1777 2205 re. ⁋ ruitio autem nominat altissimam operationem quantum
1059 2195 1772 2251 ad sui perfectionem. Et ita iste tanquam a veritate coa
1053 2243 1772 2291 ctus dicit hoc fruitionem quae est actus voluntatis esse
1060 2286 1769 2342 nobiliorem actu intellectus. licet alibi in multis lo¬
1054 2333 1772 2383 cis dicat oppositum. ⁋ Ad secundum dico quod vna pars
1065 2380 1757 2423 beatitudinis est in intellectu. alia in voluntate. de
1054 2418 1769 2473 hoc alias ⁋ Ad confirmationem dico quod beatitudo na
1056 2467 1757 2512 turalis si eset aliqua talis esset in voluntate sicut in intelle¬
1063 2510 1769 2572 ctu. nec philosophus ponens eam esse in intellectu negat
1054 2556 1765 2608 felicitate esse in voluntate. quia non consistit praecise
1046 2595 1775 2670 in vno actu. sed in duobus. ⁋ Questio tertia.
