2276 3136
540 276 1247 337 stigantes diligenter quis sit finis vltimus operum hu
531 335 1225 385 manorum non potuerunt ad illum finem attingere. erg
528 370 1231 431 non est verisimile quod hoc possit naturaliter probari. Pre
529 421 1241 473 terea omnes rationes adducte ad probandum hoc sunt solubi
531 465 1229 514 les. ergo non potest illa conclusio naturaliter probari. Preterea
526 507 1232 557 secundum omnes scos ad tenendum talem fine nob esse possibi
535 554 1235 600 lem requiritur fides. sed si posset namliter non esset fides neccsara.
534 597 1232 655 Ideo quantum ad istum articuliet dico primo quod non potest
531 631 1237 698 ssaliter demonstrari quod talis fruitio divine essentie est nob
528 691 1229 741 possibilis. quia istud est mere creditum. et ita non potest
531 733 1238 785 doemonstrari namliter. Secundo dico quod non potest namliter demonstrari.
522 780 1235 835 quod voluntas non potest satiari nec quietari in aliqui ci¬
526 819 1229 881 tra deum. Cuius ratio est: quia si posset namliter probari quod volun
519 864 1231 923 tas non potest quaetari in aliqua finito. aut hoc eset per liber
520 920 1235 966 tatem voluntatis. quia. scilicet voluntas ex hoc ipso quod est libera.
529 957 1225 1008 potest appetere quodcumque volibile. et illa numquam satia
519 1003 1220 1049 ri potest nisi in vltio. aunt per vniversalitatem obiecti voluntai
514 1047 1232 1097 quia. scilicet obiectum suum est ens in communi. et per consequens quodlicet conten¬
519 1085 1232 1135 tum. et per consequens non potest quaetari nisi in summo ant per capa
522 1134 1234 1186 citate voluntatis. quia. scilicet est capax boni infiniti. primo
514 1177 1222 1221 modo non potest probari. quia non potest namaliter demonstrari quod vo
516 1220 1223 1270 luntas contingenter feratur in quodlibet volitum. sicut on¬
511 1261 1229 1313 detur in vltia quaosoione istius di. ergo non potest naturaliter proba
516 1310 1222 1357 ri quod voluntate habente actum respecum cuiuscumque finit
520 1354 1217 1405 poterit appetitus seu voluntas appetere perfecti
516 1399 1222 1445 bonum. nec secundo modo probari. quia non potest naturaliter
510 1440 1226 1494 cognosci quod quandocumque aliquid commune est apphensibile
510 1484 1219 1528 ab aliqua potentia. quia quodlicet contentum est perfecte cogno¬
507 1526 1217 1575 scibile a tali potentia. quia potest esse impedimentum propi
503 1570 1226 1617 improportionem alicuius contenti. vel propter defectum alicu
508 1612 1228 1660 ius alterius causae. Exemplum primi secundum philosophum ests primum est in
514 1658 1225 1708 proportionatum ad causandum immediate aliquem effem
516 1706 1214 1757 in istis inferioribus. et ideo si intellectus non potest aliquid
511 1748 1219 1793 cognoscere intuitiue et in particulari. nisi moueatur
513 1791 1213 1837 immediate ab obiecto vel causaetur aliquis effectus nou
504 1830 1228 1880 immediate ab obiecto. ideo non potest cognoscere deum
510 1875 1219 1925 intuitive et in particulari. Exemplum secundi. si esset aliquod ob
511 1920 1226 1971 iectum quod nullo modo posset apprehedi ab intellectu
507 1961 1217 2010 nisi prius apprehenderetur a sensu si esset aliqua natura
511 2011 1229 2061 intelligibilis cui repugnaret ille sensus. talis intelle¬
523 2052 1219 2109 ctus quamuis posset apprehendere vnum commune ad omnia ista.
507 2097 1220 2148 non tamen posset in particulari apprehendere quodlicet contentum
505 2148 1220 2193 ⁋ Confirmatur. intellectus noiter pro statu isto potest apphen
507 2183 1219 2233 dere vuum commune ad substantiam et accidens. et tamen non substentiam secundum
504 2232 1224 2287 istos. Nec potest tertio modo probari. quia non potest probari.
501 2276 1216 2328 quod voluntas est capax talis boni. cum hoc sit solum superna
507 2318 1222 2365 turale et non naturale. Ideo dico quod non potest naliter
505 2362 1217 2416 demonstrari quin voluntas possit recipere vnum actum ab
516 2405 1217 2455 aliqua ente creato. sicut a causa toli immediata quae satiet
510 2452 1208 2498 totum appetitum voluntatis sicut non potest probari. quod nulli
501 2494 1216 2546 delectabile sensibsre potest quaetare appetitum sesiti
504 2542 1216 2590 uum quandium sensus retinet omnem dispositionem praeuiam il
498 2583 1208 2638 li delectationi. Tertio dico quod non potest namliter proba
498 2634 1215 2678 ri quod voluntas sit per quemcumque actum quaetabilis. quin quo
504 2677 1210 2729 cumque actu possibili posito in ipsa voluntate possit
1344 281 2051 341 libere velle aliquid aliud. et tristari si careat illo.
1344 337 2042 385 Et ita nec potest probari quod voluntas est satiabilis et
1354 378 2041 438 quaetabilis fruitione quam de facto ponimus. nec quod non potest
1341 423 2039 482 quaetari aliqua alia respecum alicuius creature. nec quod
1347 473 2047 523 potest per quancumque quaetari. nec rationes aliorum aliquam
1341 519 2045 578 istarum conclusionum probant sufficientur. ⁋ Ad primam. maior
1348 555 2037 613 est falsa sicut prius dictum est in quaone de subiecto theo
1339 607 2045 662 qui ibi declaratum est quod potest subiectum distincte et perse
1345 652 2046 701 cte cognosci quantumcumque ex illo non possit haberi noti¬
1342 698 2039 743 titia de quacumque alia re. ⁋ Ad secundam dico quod quo
1339 738 2054 785 cumque causato cognito potest cognosci quaelibet causa in
1341 780 2047 827 vniversali. puta quod habet finem et efficiente. et multe conditiones
1338 827 2051 877 illarum causarum possunt ex illa re cognosci. sed illud quod est
1342 869 2041 919 causa non potest ex quocumque causato in particulari cognosci
1335 917 2050 969 vel cognitione propria siue equiualenti. ⁋ Ad tertiam dico
1345 961 2036 1006 quod aliquid esse obiectum primum alicutius potentie. et ho
1339 1006 2042 1058 loquendo de obiecto primo primitate adequationis
1338 1048 2050 1100 potest intelligi dupliciter. vel quia est illud cuius quodlibet conten¬
1335 1096 2037 1142 tum in particulari. et sub propria ratione est apprehensibile al
1342 1134 2045 1188 illa potentia. et nihil est sic apprehensibile a potentia
1341 1183 2049 1234 nisi de quo illud praedicatur. vel quia est connissimum inter omnia
1336 1225 2054 1281 quae possunt apprehendi ab aliqua potentia: nec potest aliquid
1329 1269 2054 1319 apprehendi ab illa potentia nisi de quo ipsum praedica¬
1330 1312 2042 1376 tur. primo modo dico quod non potest namliter cognosci quod ens
1333 1357 2037 1413 est st primum obiectum intellectus. quia non potest cognosci quae
1330 1408 2039 1459 quodlibet contentum sub ete est sic cognoscibile ab intel
1330 1440 2041 1492 lectu. secundo modo est possibile. sed tunc non est namliter no
1329 1487 2051 1545 tum quod omne contentum sub tali primo obiecto est naturaliter
1327 1533 2056 1584 cognoscibile distincte et in particulari a tali potentiaa
1325 1574 2063 1626 ⁋ Ad aliud. quod deberet probari quod potentia non quae¬
1330 1621 2039 1671 tatur nisi in perfectissimo contento sube obiecto communi. quia
1320 1663 2041 1724 si sensus potest habere delectationem respectum plurium
1332 1704 2041 1756 sensibilium. si esset aliquod sensibile minus perfectum quod
1332 1751 2038 1802 semper approximaretur illi sensui. neccessario semper quaetaret illum
1338 1792 2035 1847 sensum. quia excluderet omnem tristitia conriam illi delo
1338 1839 2035 1889 ctationi. et tamen non esset perfectissimum contentum sub illo
1326 1887 2041 1941 communi. Similiter quando non quodlibet contentum est distincte et in per¬
1326 1932 2043 1989 ticulari cognoscibile ab illa potentia non oporteret
1329 1973 2030 2023 quod non posset quaetari nisi in summo. ⁋ Per idem ad
1328 2019 2036 2071 aliud. quod non probatur sufficientur quod potentia talis non potest
1326 2054 2038 2112 quaetari nisi in perfectissimo. ⁋ Ad vltimum non potest
1329 2100 2039 2165 probari snfficiet quod omne bonum quod potest appeti a vo¬
1326 2150 2029 2207 luntate potest ab ea aliter haberi quam haber. Et ita non videtur quod
1320 2197 2029 2241 opinio Auicenne quae ponit quod intelligentia inferior
1330 2231 2035 2296 beatificatur in intelligentia superiori: possit per rationesnamles
1328 2276 2032 2343 sufficienter improbari. ⁋ Si dicatur quod intelligentia infe¬
1324 2325 2029 2377 rior videns superiorem. aut videt eam esse finita. ant videm
1322 2376 2017 2423 eam esse infinitam. antamen videm eius finitatem nec infinitatem
1314 2408 2023 2463 sed credit eam esse infinitam. si primo vel tertio modo. ergo non beati
1320 2455 2020 2507 ficatur in ea quia stultius neul dici potest quam quod fia opinione sit
1308 2500 2026 2552 anima beatam secundum aug. iiii. de ci. dei. si aut nec videt eius fi
1311 2546 2027 2604 nitatem nec infinitatem. non videm eam perfecte nec per consequens
1317 2587 2031 2650 est btam: si ant videt eam esse finitam. ergo pet intelligem aliquid
1317 2631 2020 2684 posse eam excedem. ita est experimur in nob quod possu
1308 2681 2024 2747 mus vltra appetere quodcumque bonum aliud quod
