2288 3138
535 246 1256 317 umara. et illis non percurrentibus. non neccessario eli¬
537 307 1257 355 cit. Per idem ad aliud. quod neccesitas agendi potest esse
539 342 1255 410 per aliud principium actim concurrens. Et si dicatur quod vnum
556 382 1250 454 principium actiuum non tribuit alteri modum agendi
539 436 1252 488 licut nec tribuit sibi actiuitatem. ergo idem principium
534 476 1250 534 actiuum respectu eiusdem semper habebit eundem modum
540 525 1255 584 agendi. Dico quod sicut vna causa partialis non tribuit al¬
535 564 1252 623 teri actitatem quasi vna recipiat aliquid ab alia et tamen
535 607 1250 672 sine illa non potest agere. ita aliquando vna causa partialis
537 653 1258 719 non tribuit alteri modum agendi. quasi illa aliquid re¬
538 699 1244 761 cipiat ab ea. et tamen cum illa potest agere vno modo et si
534 742 1240 808 ne alia alio modo. nec est causa alia quaerenda. nisi quia na
528 782 1235 852 tura illarum causarum partialium est talis. Sed vnde constat nol
534 828 1237 889 quod natura illarum est talis. hoc est per experientiam. quia experi
523 875 1238 931 mur quod libere et contingenter an volitionem efficacen
522 913 1236 980 sanitatis possumus appetere potionem amaram vel
521 960 1235 1017 non appetere. non autem stante illa volitione cum firma
524 1005 1230 1073 opinione aliter non posse consequi. Si tamen concederetur quod ideo
525 1045 1233 1121 principium actiuum respecum effectus eiusdem speciei. semper
510 1104 1241 1165 haberet eundem modum agendi. adhuc argumenta p¬
512 1141 1229 1206 dicta non concluderent. quia tunc oporteret dicere quod
520 1179 1230 1248 cum sit manifestum per experientiam quod aliquando ad actum
504 1228 1235 1283 aliquem intellectus et actum voluntatis. sequitur neccessario
517 1277 1238 1333 et namliter aliquias actus voluntatis. et quod ille actus causatur suffi¬
514 1317 1224 1371 cienter ab illis actibus praecedentibus sine actiuitate
517 1358 1220 1414 voluntatis. et ita esset ibi noua neccessitas agendi. non
510 1401 1227 1473 in principio actiuo quod prius contingenter agebat. sed
514 1445 1229 1504 vno nouo principio actiuo quod est causa sufficiens ef
504 1483 1223 1554 fectus actus ponendi sine neccesstate illius principii praece
504 1534 1213 1590 dentis contingenter agentus. Per praedicta posset dici
505 1589 1228 1650 ad vltimum quamuis non secundum intentionem illorum conlusi quos
501 1626 1217 1678 arguit quod diuersa talis praesentia obiecti cogniti. pu
505 1678 1217 1722 ta visi et non visi. non est tantum diuersa approximatio.
505 1714 1223 1762 sed est praesentia vnius causae partialis. cum quae voluntas est nata
496 1765 1205 1811 agere neccessario. et sine illa vel nihil agere vel conti
496 1808 1208 1851 gentur. vel est praesentia vnius causae sufficientur sine actiui
491 1850 1215 1902 tate veritatis. sicut credo secundum veritatem ponendum est
494 1889 1218 1942 altero dictorum modorum. de volitione sanitatis et opi
503 1934 1198 1991 nione firma. quod non potest haberi sanitas sine potione
492 1982 1199 2037 amara. respectu volitionis potionis amare. ⁋ Ad
493 2027 1204 2080 quonem primo praemittam aliquas distinctiones. Secundo po¬
502 2070 1212 2129 nam conclusiones. Prima distinctio est de contingenti
495 2115 1196 2170 quod dupliciter accipitur ad praesens frui aliquo contingenter
493 2155 1193 2213 sicut et producere aliquid contigenter. Uno modo quod
490 2201 1209 2256 simpliciter potest frui et non frui. vel producere et non produ
483 2250 1202 2299 cere. Isto modo quicqud producit quemcumque effectum
492 2288 1190 2349 producit contingenter. quia potest deus facere quod non pro
483 2322 1205 2390 ducat. Alio modo accipitur pro illo quod producit aliquem
487 2376 1196 2425 effectum. et nullo variato ex parte sua. nec ex parte
483 2425 1195 2479 cuiuslibet alterius. habet in ptate sua ita non produce
485 2466 1196 2521 re sicut producere. ita quod ex natura sua ad neutrum
497 2498 1193 2568 determinatur. et eodem modo dicendum est de contingen
492 2551 1203 2607 ter frui. et isto secundo modo intelligitur quaeo. ⁋ Secunda di
480 2598 1187 2644 stinctio est de libere frui. quia libertas vno modo
486 2638 1200 2701 distinguitur a coactione. et sic accipitur impropriissi
1356 253 2073 330 me. quia isto modo libertas potest competere intellectui
1355 321 2062 379 Alio modo opponitur seuituti creature rationalis. et hoc
1371 364 2069 424 vel seuituti culpe. vel seuituti pene. Et hoc modo
1368 402 2075 462 beati sunt liberiores quam viatores. quia magis liberi
1363 446 2060 512 a seuitute culpe et pene. Alio modo opponitur necs
1366 497 2063 555 tati secundum quod neccessitas opponitur contingenti secundo modo
1360 543 2051 594 dicto in pori dis. et sic libertas est quadam indiffe
1357 582 2067 648 rentia et contingentia. et distinguitur contra principium actiuum
1353 631 2064 689 naturale. et sic vtuntur philosophi libertate et voluntate. et
1347 676 2051 728 isto modo distinguuntur principia actiua. ii. phi. et ip
1353 717 2053 778 meth. hoc etiam patet per damas. quae probat quod bruta tnon
1353 758 2055 828 habent liberum arbitrium. quia magis aguntur quam agunt.
1345 807 2055 876 aut ergo intelligit quod aguntur secundum substantias eorum. et nihil
1350 850 2057 912 ad propositum. quia illo modo homines et angeli non haberent
1344 896 2058 963 liberum arbitrium. quia aguntur illo modo. aut intelligit
1344 940 2067 1005 de actibus eorum. et tunc quod aguntur. aut quia actus eorum
1342 986 2049 1048 sunt ab extrinseco et non ab intrinseco. et hoc non. quia
1338 1031 2043 1093 poterit poensi quod appetitus sensitiuus causat in seipse
1334 1068 2048 1133 effectiue actus suos sicut ponitur de intellectu vel
1336 1116 2060 1174 de graui. vel quocumque alio mouente se. Aut intel¬
1326 1151 2049 1221 ligit quod ideo non habent liberum arbitrium. quia aguntur et
1336 1211 2052 1269 qui non habent actus in sua prante. nec dominum super
1336 1254 2042 1309 actus suos. sed hoc non est sine indifferentia et contingen¬
1327 1293 2055 1347 tia. ideo etc. ⁋ Tertia distinctio est. quod sicut secundum ansel
1320 1335 2050 1397 mum est quedam affectio commodi. et quedam affectio
1326 1384 2056 1440 iusti. ita est quoddam nolle incommodi. et quoddam
1330 1431 2044 1489 nolle intusti. et hoc verum quando velle et nolle elicitur secundum
1326 1470 2042 1528 dictamen rationis ⁋ Quarta distinctio est. quod sicut
1324 1517 2048 1574 quoddam est velle respecum incomplexi. et hoc proprie voca¬
1314 1551 2057 1620 tur amor. et quoddam est respecum complexi large ac¬
1324 1602 2035 1655 cipiendo complexum. sicut velle habere beatitudine. vel
1327 1645 2031 1701 velle esse. vel aliquid tale. Ita est quoddam nolle
1308 1688 2037 1750 respecum incomplexi et potest vocari odium vel detesta
1313 1727 2036 1789 tio. et est quoddam nolle respectum complexi. sic nolle
1308 1772 2032 1841 esse vel nolle habere diuitias. vel nolle habere honoret
1318 1818 2033 1877 et tamen non odit propter hoc diuitias nec honores.
1314 1859 2039 1923 nisi accipiendo large odire ⁋ Prima ergo conclusio erit:
1306 1904 2042 1969 quod voluntas contingentur et libere modo exposito fruitur
1305 1952 2031 2012 fine vltimo ostenso in vniversali. quia scilicet diligere beatitudi¬
1305 1995 2042 2061 nem potest et non diligere. et potest appetere sibi
1309 2037 2024 2101 beatitudinem et non appetere. Ista conclusio persuadetur
1303 2077 2025 2149 primo sic. Illud potest esse nolitum a voluntate. quod
1306 2119 2025 2190 potest intellectus dictare esse nolendum. sed intelle¬
1312 2175 2022 2239 ctus potest credere nullam beatitudinem possibilem.
1306 2211 2027 2280 qui potest credere tantum statum quem de fcto videmus
1308 2260 2026 2319 esse sibi possibilem. ergo potest nolle omne illud quod
1303 2300 2024 2365 isti statui quem videmus repugnat. et per consequens potest
1297 2343 2027 2417 nolle beatitudinem.  Maior est manifesta. quia quam
1296 2387 2023 2458 uis sicut alias declarabitur voluntas non necessa¬
1290 2432 2018 2496 conformetur iudicio rationis. potest tamen conformari iu¬
1302 2480 2031 2543 dicio rationis tam recto quam erroneo. ⁋ Confirmatur
1290 2520 2034 2588 ista ratio. quia potest nolle illud in quo credit se
1299 2572 2018 2633 non posse quaetari. sed potest credere non posse quaeta
1293 2615 2025 2677 ri in quocumque sibi possibili. ergo potest nolle omne si¬
1300 2656 2022 2730 bi possibile. et certum est quod potest nolle omne
