2209 3074
234 183 938 253 firmationem dico quod philosophus intendit de diuersis ge
240 247 944 299 neribus ordinatis in eadem praedicamentali coordina¬
234 291 943 353 tione. ita quod primo vnum primum diuidatur in aliqua infe¬
240 338 937 386 riora quorum quodlibet immediate negatur de alio¬
243 381 946 429 et vnum eorum. vel quodlibet eodem modo diuidatur in
228 424 943 482 alia. quorum vnum vniversaliter negetur a reliquo. et sic semper
228 470 944 525 procedendo. sicut substantia diuiditur primo in subiectam corpo¬
234 521 950 566 ream et incorpoream. et hoc est diuisio immediata. nulla
234 559 949 609 subieantia corporea est substantia incorporea et econuerso. Ulteri
226 604 944 657 us subiecta corporea diuiditur eodem modo in corpus animatum
222 650 941 701 et corpus inanimatum. ita quod negatio vnius ab alio est
222 691 934 740 immediata. et sic vlterius procedendo. Consimili modo
226 736 932 790 si substantia incorporea continet multa genera sub se. potest
216 781 940 838 fieri consimilis diuisio. et ideo in talibus generibus verum
226 820 941 877 est. quod quodlibet contentum sub vno distinguitur a
222 874 934 921 quolibet contento sub alio. quod contingit probare per
229 909 943 967 illam propositionem immediatam. in qua negatur vnum diuiden¬
216 958 941 1018 tium genus primo. de alio diuidentium. quando autem genus
228 1001 934 1055 primum non diuiditur proprie per aliqua duo. quorum vnum
229 1052 946 1095 viversilitr negatur ab alio. non ortet quod omne contentum sub vno
226 1090 942 1145 vere distinguatur ab omni contento sub alio. et hoc est quod
222 1131 946 1184 dicit philosophus. iii. thopi. quod quando aliquid continetur sub di¬
223 1180 944 1226 uersis generibus. oportet quod vnum istorum generum continea
226 1228 944 1276 tur sub altero. vel ambo duo sub tertio. sicut po¬
222 1265 935 1320 nit exemplum de prudentia quae continetur sub scientia et ver¬
219 1312 947 1365 tute tanquam sub diuersis generibus quorum neutrum
209 1354 935 1409 continetur sub alio. sed ambo continentur sub tertio. puta
214 1395 944 1447 sub habitu et disponne. hec etiam est intentio philosophi ii
220 1445 935 1488 poste. vbi docet vnum modum diffiniendi per diuer¬
217 1483 937 1541 sa communia. quorum quodlibet est in plus quam diffinitum et tamen
223 1531 935 1582 totum aggregatum est equale diffinito. quod non esset
229 1578 929 1621 possibile. nisi aliquid idem contineretur sub differen¬
223 1618 942 1669 tiis communibus non subalternis. Ideo dico quod aliquid vnum
220 1658 944 1715 potest contineri sub diuersis communibus non subalternis.
232 1703 940 1748 et illa deitas potest contineri sub diuersis communibus in
214 1743 943 1791 comni. vt subiec sapientia in communi. et sub bonitate in communi tamquam
226 1789 932 1847 sub communibus quidditatis sicut post patebit. quamuis il
223 1832 933 1884 la communia non sunt subalterna. quia abo continentur subiec ente.
220 1876 926 1936 ⁋ Ad secundam dico quod non debet proprie concedi quod sapientia
217 1918 933 1974 infinita includit formaliter bonitatem infinitam. sed
216 1968 926 2014 proprie debet dici et veracitur quod sapientia infinita est forma¬
220 2017 924 2063 lit bonitas infinita. Et ideo dico quod si sapientia infini¬
216 2055 932 2105 ta quae deus est diffiniretur. non poneretur in sua diffi¬
218 2097 928 2143 nitione bonitas infinita quae deus est: sed esset omnibus mo¬
222 2141 930 2196 dis ipsa sapientia infinita. Et quando dicitur quod si sapientia infi¬
208 2194 929 2240 nita esset diffinibilis. et similiter bonitas infin ita quod essent
223 2232 929 2283 diffinitiones distincte. hoc est simpliciter falsum. sed tantum
214 2265 927 2335 esset vna diffinitio quae comprehenderex sapientiam in communi et
211 2316 927 2377 bonitatem in communi cuius quaelibet pars esset in plus et totum
205 2365 916 2419 equale. Et si proteruiatur. quod aliud est quid nominis sapientie
207 2404 920 2456 infinite. et aliud bonitatis infinite. sicut aliud est
210 2448 927 2512 quid nominis sapientie in communi et bonitatis in communi. ergo si sapientia
211 2493 918 2548 infinita et bonitas infinita haberent quid rei. aliud
210 2539 911 2586 esset quid rei sapientie infinite. et aliud boitatis infinite
211 2580 935 2652 Dico quod non sequitur. quia proprie quid nominis non est nisi
1048 198 1756 257 conceptus vel vocis vel signi. Et ideo quia hic sunt
1050 241 1756 302 conceptus distincti et distincte voces. sapientia in¬
1042 284 1748 340 finita. bonitas infinita. quia hic ponuntur conce
1049 332 1751 383 ptus communes vel voces communes quibus additur infinitum
1051 370 1761 431 Ideo possunt esse distincta quid nominis. Sed nec talis
1042 424 1754 480 distinctio. nec aliqua consimilis repritur inter sapientiam in¬
1039 462 1763 533 finitam quae haberet quid rei. et bonitatem infinitam quae
1039 504 1747 557 haberet quid rei. ideo non sunt ibi distincta quid rei.
1045 549 1760 596 sed tantum vnum. ⁋ Ad aliud concedo cum doctoribus antiquis
1033 594 1758 658 quod de deo est aliqua praedicatio per identitatem quae non est
1038 642 1748 697 formalis nec in quod. cuiusmodi est ista praedicatio.
1033 688 1744 734 essentia est paternitas. essentia est creatiua. et sic
1036 728 1739 778 de aliis. Quelibet autem talis essentia est intelle¬
1042 773 1759 820 ctus. voluntas. sapientia. bonitas. vno modo accipien
1039 814 1755 880 do praedicata. est praedicatio formalis et in quid. ⁋ Ad
1027 857 1748 924 aliud de damasceno. Dico quod non intelligit quod hoc
1033 902 1749 966 nomen quae est dicatur de diuina essentia in quid. et non hoc
1032 948 1739 999 nomen sapientia. et tamen quod sapientia dicatur in quid de sapientia
1039 995 1751 1057 diuina. quia vtrumque dicitur in quid de esentia diuina.
1039 1036 1746 1098 Sed intelligit quod secundum proprietatem vocis. magis di¬
1038 1087 1748 1141 citur in quid. quam sapiens. iustum. et sic de aliis. quia quae est
1036 1127 1758 1188 non importat aliquod accidens cuicumque alteri aduenies.
1035 1171 1751 1229 etiam quando accipitur in communi. Sapines autem. iustum. et sic
1034 1205 1755 1268 de aliis incommuni accepta. important aliquod accidens ali
1035 1256 1754 1304 cui alteri adueniens. quia dicuntur de sapiente et iu¬
1042 1298 1756 1359 sto creato. quai non potest esse iustus nec sapiens nisi per
1045 1345 1755 1404 aliquod accidens adueniens. Et quando dicitur vltra. quod esse
1041 1389 1749 1439 dicit quoddam pelagus infinite substantia. hoc intelli¬
1041 1431 1750 1486 gi debet intransitiue. id est quod est quoddam pelagus
1033 1478 1745 1523 quod est infinita substantia. non quod sit quoddam pelagus con¬
1027 1513 1746 1569 tinens vel includens infinitam substantiam. vel infinitam
1029 1564 1748 1616 perfectionem. vel infinitas perfectiones. sed est infi¬
1029 1613 1739 1662 nitam substantia et infinita perfectio. Et proprie loquendo
1033 1649 1745 1702 nec est infinite perfectiones realiter nec formaliter. nec
1036 1691 1748 1743 includit vel cotinet infinitas perfectiones: nisi
1027 1735 1750 1788 forte creabiles. si infinite sint creabiles. quas con
1036 1781 1739 1836 tinet virtualiter tanquam res distinctas saltem in po
1039 1823 1733 1886 tentia. quia potest eas producere. Et quando dicitur vltra. quod
1036 1864 1746 1923 alia nomina non dicut substantiam. sed que circumstant substantiam.
1036 1908 1739 1963 Dico quod intentio damas. est quod vniversaliter nullum nomen di¬
1030 1960 1746 2010 ctum de deo dicit immediate ipsam substeantiam dei. ita scilicet
1023 2004 1740 2054 quod apprehendendo nomen possimus immediate apprae¬
1026 2046 1749 2103 hendere ipsam substantiam dei. vel habere cognitionem
1030 2088 1730 2146 propriam dei vel equiualentem. Sed dicunt immediam
1029 2133 1733 2183 te conceptus aliquos praedicabiles de deo. qui non
1017 2174 1742 2242 sunt ipse deus sed circumstant naturam dei. non per in
1022 2220 1731 2284 herentiam vel informationem. sed per praedicationem.
1020 2268 1734 2330 Et praecise a nobis potest talis conceptus apprehen¬
1030 2311 1745 2377 di immediate pro statu isto. et nullo modo ipsa di
1021 2356 1733 2410 uina essentia secundum vnam opinionem. vel non potest ha
1027 2400 1742 2470 beri cognitio propria deo vel equiualens secundum aliam
1024 2452 1732 2502 opinionem. Et quod hec sit intentio sua patet per ipsum
1020 2491 1741 2542 ca. iiii. vbi dicit sic. In deo quid est. impossibile est
1014 2540 1746 2601 dicere secundum substantiam. Et post subdit. Quecumque autem
1020 2588 1744 2642 dicimus affirmatiue in deo. non naturam ipsius.
