2189 3072
250 240 965 300 ctus nihil plus facit ad rationes attributales. quam
250 287 965 340 ad ipsam diuinam esentiam. ⁋ Tertio sic. quando dicitur alia
252 335 953 391 est ratio sapientie et alia est ratio bonitatis. aut ratio ib
246 378 956 425 supponit pro re extra animam. aut pro aliquo ente rati
240 425 956 478 nis. Si primo modo. ergosi sit alia ratio sapientie et alia ratio
250 464 960 521 bonitatis. esset neccessario alia res sapientie et alia res
250 511 959 560 bonitatis. et ita erunt distincte res. Si secundo modo
237 559 960 607 ergo ratio sapientie non est realiter in deo. nec est realiter
243 599 948 652 deus. ergo ista attributa non sunt realiter ipsa divina est
243 641 952 689 sentia. ⁋ Si dicitur ad istas rationes quod ille rationes attri¬
238 683 949 739 butales sunt in deo ex natura rei. sed non sunt
231 731 955 780 distincte nisi per operationem intellectus. et ideo sunt
232 773 950 830 realiter ipsa diuina essentia. sed solum per operationem in
237 819 946 876 tellectus distinguuntur. Unde in deo ex natura re¬
241 863 956 922 est bonitas et sapientia. sed bonitas illa non distingui
238 908 955 960 tur a sapientia ex natura rei. sed tantum per operationem in¬
235 951 941 1006 tellectus. ita quod intellectus causat istam distincto
227 997 944 1053 nem. et reducit eam de potentia ad actum. ⁋ Contra
226 1045 938 1096 quando aliqua omnimode vniformiter se habent an actum
229 1085 936 1147 intellectus et post. vel semper distinguuntur vel numqua
226 1130 941 1181 sed sapientia diuina et bonitas semper vniformiter
223 1174 951 1229 se habent ante actum intellectus et post. nulla enim varia
218 1219 948 1270 tio causatur in eis ex hoc solo quod intelliguntur. ergo si
226 1260 946 1314 nullo modo distinguuntur ante operatione intelle¬
217 1309 938 1360 ctus nec post ⁋ Si dicitur quod quamuis realiter vniformi
213 1359 935 1406 se habeant. non tamen secundum rationem. quia aduenit eis per oper¬
223 1391 943 1449 tionem intellectus respectus rationis. et per illos respe¬
223 1438 947 1495 ctus rationis distinguuntur. Contra sicut potest respe¬
220 1482 938 1525 ctus rationis aduenire ex comparatione sapientie ad bo¬
226 1523 940 1577 nnitatem. ita potest aduenire respectus rationis ex con¬
223 1570 934 1623 paratione essentie ad essentiam. et ita non aliter distin
223 1620 938 1670 gueretur sapientia a bonitate per actum intellectus. quam essen
223 1665 947 1714 tia ab essentia. vel sapientia a sapientia ⁋ Preterea aut
216 1695 944 1756 isti respectus rationis sunt omnino eiusdem rationis. aut
225 1741 933 1802 non. si sic. ergo non plus distinguitur ratio sapientie a ratione
223 1785 944 1855 bonitatis quam a ratione sapientie. quia ipsius sapientiae erum
208 1820 941 1883 duo respectus. vel plures respectus rationis. immo
217 1876 932 1936 ratio bonitatis erit ratio sapientie. quia non est maior ratio quod
208 1920 925 1977 vnus respectus facit rationem sapientie quam alius: exquo
217 1963 923 2012 respectus sunt omnino eiusdem rationis. et ante istos re
213 2011 917 2064 spectus inter sapientiam et bonitatem nulla penit
208 2061 930 2113 est distinctio si non sint omnino eiusdem rationis. ergo
215 2095 932 2156 in fundamentis non est omnino identitas. vel in ter¬
213 2138 928 2200 minis. quia diuersitas relationis rationis non potest
209 2193 932 2246 aliundem consurgere. Ista est directe contra secundam opi
213 2227 917 2294 nionem. quamuis non ita directe conclusio primam ⁋ Prete rea
210 2275 931 2326 isti respectus rationis siue sint ad intra siue ad extra.
211 2316 927 2377 nullam facient distinctionem rationis circa sapientiam
211 2365 921 2415 et bonitatem. sicut nec relationes reales circa essen
214 2403 922 2449 tiam diuinam faciunt aliquam distinctionem realem
198 2444 912 2512 in essentia diuina. quia ipsa realiter non distinguitur. erg
204 2494 916 2546 sicut sole relationes reales diuine vel persone co
210 2533 921 2599 stitute per eas distinguntur realitur et non ipsa diuina
198 2593 919 2633 essentia. sole relationes rationis vel aggregata ex
200 2619 920 2702 ipsis et sapientia diuina et diuina voluntate distinguum
1062 251 1786 319 tur secundum rationem. et non illa bonitas et sapientia quae prece
1060 300 1782 353 dunt omnem actum intellectus. Sed illi respectus rationis
1063 344 1779 403 non sunt realiter deus. quia quicqud est realiter deus. est
1065 384 1776 446 vna res. et per consequens illi respectus essent vere et non re¬
1071 427 1782 493 spectus rationis. Similiter eadem ratione aggregata ex illis
1062 470 1782 537 relationibus rationis et sapientia quae deus est et bonitate
1059 519 1768 581 quae deus est. non sunt realiter deus. ergo nihil quod est rea
1054 558 1773 626 liter deus distinguitur secundum rationem ab aliquo quod est rea
1066 601 1773 675 liter deus. et per consequens attributa non sunt realiter diuina
1056 649 1766 710 essentia. et tamen distincta inter se secundum rationem. ⁋ Preter
1057 695 1772 753 eam. quaero quid est intellectum causare distinctione illarum
1056 737 1766 808 rationum. Aut hoc est praecise intelligere illam rem. siue vno
1054 786 1777 844 actu siue pluribus ita quod nihil intelligatur nisi res
1066 829 1762 887 ipsa. Aut hoc est comprare eandem rem ad seipsam. Au
1050 880 1767 941 comprare eandem rem ad aliam vel alias res. Aut for¬
1063 918 1766 983 mare aliquid vel aliqua quae non sunt ibi ex natura rei
1056 958 1757 1028 sed tantum per opus intellectus. Non primo modo. quia per hoc semper quod
1050 1011 1770 1070 eadem res praecise. et nihil aliud intelligeretur. nulla
1057 1053 1772 1114 multitudo ibi causatur nisi forte quantum ad actum in¬
1048 1092 1761 1162 telligendi si pluribus actibus intelligatur. ergo in deo
1057 1139 1772 1202 numquam erit multitudo attributorum quae sint plura ar¬
1054 1183 1766 1251 tributa et tamen realiter ipse deus. Similiter eadem ratione in sorte
1056 1224 1775 1295 et in qualibet re quam possum intelligere possum cau¬
1051 1267 1759 1329 sare talia multa. quod est absurdum. Nec secundo mo
1048 1320 1767 1375 quia per talem comparationem non causatur nisi forte respe
1054 1367 1773 1417 ctus rationis secundum istos. sed respectus rationis non est realiter
1047 1403 1760 1468 ipse deus. Nec tertio modo propter idem. Similiter eodem mo
1045 1450 1761 1515 potest compari quaelibet res ad seipsam et ad alias res
1038 1500 1772 1554 sicut essentia diuina. ergo omnem talem distinctionem quan
1045 1537 1771 1595 potest intellectus facere circa diuinam esentiam. potest fa¬
1041 1585 1762 1647 cere circa omnem rem equaliter. Si dicitur quarto modo ha
1041 1623 1754 1689 betur propositum quod sunt ibi multa: quorum nullum est ex
1048 1665 1753 1732 natura rei. et per consequens nullum illorum est realiter ipse de
1054 1709 1770 1776 ⁋ Preterea. accipio istas distinctas rationes attribu
1045 1752 1757 1810 tales secundum propriam rationem sapientie et propriam rationem boni
1045 1797 1764 1856 tatis. et quaero. aut ratio sapientie aliquo modo distinguitur.
1033 1838 1763 1903 ab ipsa sapientia quae est ibi ex natura rei. aut nullo modo
1038 1889 1755 1949 si sic. et non nisi ratione. ergo alia est ratio sapientie. et alia est
1040 1930 1752 1993 ratio illius rationis et erit processus in infinitum. Similiter si
1026 1968 1751 2028 aliquo modo distinguitur. aut illa ratio est ibi ex natu
1030 2018 1748 2089 ra rei. et ita erit distinctio ex natura rei. aut non
1029 2060 1739 2123 est ibi ex natura rei. et per consequens ratio attributalis no
1041 2109 1748 2170 est in deo ex natura rei. et per consequens non est realiter deus
1032 2149 1754 2211 si nullo modo distinguitur. ergo idem est dicere. alia est ratio sa
1033 2198 1754 2261 pientie a ratione bonitatis et dicere. alia est sapientia a
1038 2235 1744 2308 bonitate quod est absurdum ⁋ Contra primam opinio
1029 2277 1747 2351 nem quando aliqua distinguntur solum per respectum ad extra
1029 2323 1750 2387 impossibile est intelligere illa sine illis extra. patet. quia
1029 2372 1746 2430 non potest intelligi puctus quod sit principium et finis nis¬
1017 2403 1749 2478 intelligantur iste medietates rerum. quarum rerum est
1017 2453 1743 2528 principium et finis. sed potest dici quod deus est sapiens sine sa
1023 2508 1748 2569 pientia creature. ergo etc. ⁋ Preterea secundum omnem
1024 2550 1737 2613 habitudinem causalitatis et eminentie. potest essen
1025 2595 1749 2657 tia diuina comparari ad albedinem. quia continm
1024 2643 1749 2701 albedinem causaliter et eminenter sicut sapientiam.
