2217 3080
231 258 950 316 res realiter distinctas circa eandem rem. sed non ob¬
226 307 931 357 stante quod circa eandem rem et in eadem re fiant res
225 347 931 401 diuerse realiter distincte nunquam dicetur quod illa res
223 393 929 454 realiter distinguitur a seipsa. Sed quod precise ille res
213 435 931 496 facte vel aggregate ex illa vna et duabus rebus
217 479 934 533 factis distinguntur realiter. sicut si in lacte fiant albe¬
220 522 925 578 do a dulcedo. nunquam propter hoc dicetur quod lac di¬
214 567 929 632 stinguatur realiter a seipo. sed quod albedo distinguitur
217 618 930 677 realiter a dulcedine. et aggregatum ex lacte et albe
220 657 929 720 dine distinguitur realiter ab aggregato ex lacte et
215 701 917 757 dulcedine. sicut vnum compositum ex hac materia
205 752 919 803 et hac forma distinguitur realiter ab vno composito ex
205 795 926 853 eadem materia et vlla alia forma. et nunquam dicere
205 831 924 894 tur vere quod hec materia distinguitur a seipsa realiter.
202 875 920 939 ergo quantumcumque intellectus fabricet diuersas rationes
208 929 918 985 circa eandem rem nunquam dicetur quod hec res distin¬
196 967 924 1031 guitur ratione a seipa. sed quod hec ratio distinguitur ratione
202 1019 927 1071 ab illa ratione. et quod aggregatum ex hac reet hac ratione
205 1055 912 1113 distinguitur aliquo modo ratione ab aggregato ex
190 1097 916 1151 hac re et illa ratione. Et ita nunquam aliqua res distin¬
195 1148 919 1202 guitur a seipa ratione propter diuersitate rationum
205 1191 902 1238 que non sunt ipsa. sicut nec distinguitur realiter a
197 1229 914 1291 seipa propter diuersitatem rerum quarumcumque quae non sunt
199 1273 917 1328 ipsa. Nec secundum sufficit. quia si aliqua res sit aliter et
197 1320 905 1386 aliter conceptibilis. aut illud quodconcipitur est
190 1365 915 1424 idem omnibus modis. siue accipiatur vno modo siue
192 1407 906 1465 alio modo. ita quod illud quod est obiectum nullo modo
183 1447 905 1513 nec secundum rem nec secundum rationem multiplicatur. quamuis
184 1491 907 1548 ipsi modi concipiendi qui non sunt ipsa res concepta
178 1539 905 1600 multiplicentur. aut ipsum obiectum aliquo modo mul¬
187 1577 904 1639 tiplicetur saltem secundum rationem. ita quam sint plura obie
190 1627 896 1685 cta formalia secundum modum loquendi aliquorum. si pri¬
190 1673 895 1728 mo modo arguo sicut prius. quod ipsa res non distin¬
190 1709 900 1765 guitur ratione a seipsa. sed quod illi modi concipiendi sic di¬
186 1747 897 1815 stinguuntur re vel ratione. et ipsa res nullo modo. hoc
189 1803 893 1861 confirmo. quia sicut idem multiplicatione a parte ob¬
175 1848 902 1903 iecti potest aliter et aliter concipi ab intellectu. ita idem si¬
172 1880 881 1945 ne. omni multiplicatione a parte obiecti potest aliter
184 1937 888 1989 et aliter videri oculo corporali. et aliter et aliter audiri
165 1970 896 2036 et vniversaliter a quocumque sensu sentiri. eodem modo potest ea¬
175 2014 877 2071 dem res inaimata alteri rei inamimate aliter et aliter
171 2060 892 2124 approximari. et tamen propter istam alietatem non dicetur
166 2107 877 2163 res distingui a seipa nec re nec ratione. Non re cer
172 2154 881 2204 tum est. ⁋ Nec ratione. quia etiam secundum istos distinctio
171 2190 883 2259 rationis non causatur nisi ab intellectu. ergo non a sensu
183 2231 873 2299 Nec ab aliqua re inanimata. ergo eodem modo propter hoc quod
164 2274 877 2345 res aliter et aliter concipitur. non dicetur ipsa res distin
163 2332 887 2392 gui nec re nec ratione. ⁋ Si dicitur quod obiectum ipsum ali¬
165 2377 879 2430 quo modo multiplicatur ita quod sint plura obiecta
159 2405 878 2473 formalia. Aut illa multiplicatio est ex natura
165 2457 884 2512 rei aut tantum per actus intellectus. Si primo modo ergo non di¬
174 2495 869 2567 stinguitur ratione sed ex natura rei. Si secundo modo arguo
164 2539 875 2602 sicut prius. quod per nullam operationem quam intellectus
174 2585 871 2653 facit quocumque siue in ratione siue in re potest eadem
166 2629 877 2710 res distingui ratione a seipsa. ⁋ Ideo dico quod exce¬
1039 252 1749 326 pta distinctione vel identitate formali. et que est ex
1035 315 1757 376 natura rei. et quo est difficillima ad intelligendum
1042 358 1757 422 et quae non est ponenda nisi vbi fides compellit. nihil
1036 393 1746 461 distinguitur ab: aliquo nisi sicut ens reale ab ente
1034 444 1752 507 reali. et omnis talis distinctio est distinctio realis. nec
1036 491 1744 546 plus dependet ab intellectu quam ipsa entitas de¬
1036 539 1739 589 pendet ab intellectu. vel distinguitur sicut ens ratio¬
1029 578 1739 630 nis ab ente rationis. et omnis talis distinctio est distin¬
1030 616 1737 681 ctio rationis. quae identitatem realem simpliciter excludit. si
1033 668 1735 727 cut ens rationis non potest esse ens reale. Uel distin¬
1042 710 1745 765 guitur sicut ens reale ab ente rationis. vel econuerso.
1032 756 1743 813 et illa distinctio stricte et proprie nec est realis nec
1023 800 1732 852 rationis. sic et ipsa distincta nec sunt entia realia nec
1033 844 1735 896 entia rationis. sed est quasi media. quia vnum extremum
1024 883 1733 949 est ens reale et aliud est ens rationis qualiter autem debe
1035 930 1737 983 at vocari non curo ad praesens. quia hoc est in voluntate
1023 971 1727 1039 loquentium. vel distinguitur sicut aggregatum ex re
1029 1022 1740 1074 et ratione. ab ente reali vel ente rationis vel a consimil
1027 1063 1726 1115 aggregato. et illa distinctio sicut nec praecedens.
1020 1105 1722 1172 nec est proprie et stricte realis nec rationis. propter
1011 1150 1725 1210 eandem rationem. Et sicut dico de distinctione reali et
1020 1191 1728 1259 rationis. eodem modo proportionabiliter dico de identita
1014 1240 1713 1301 te reali et rationis eodem modo proportionabiliter sibi op
1021 1283 1724 1343 posita. ⁋ Sed contra praedicta potest argui multipliciter. quod
1015 1330 1725 1388 aliqua possunt esse eadem res et tamen distingui ratione. et hoc
1006 1366 1730 1427 probatur multipliciter. primo sic secundum commentatorem. xii. meth. com
1004 1422 1733 1474 men. xxx. in eis quae sunt forma non in materia dis¬
1006 1459 1721 1519 positio a dispositum reducitur ad vnum in esse. et in
1015 1507 1727 1558 duo in consideratione. ergo dispositio a dispositum sunt
1011 1543 1713 1602 vnum in esse. et per consequens sunt vna res. et tamen sunt duo in
1006 1592 1722 1646 consideratione. et per consequens si sunt duo sunt distincta.
1006 1640 1723 1687 et non nisi ratione aliqua. ergo duo distincta ratione sunt
1012 1683 1708 1729 vna res. ⁋ Preterea commentator ibidem intellecrus est
1018 1720 1722 1778 natus diuidere adunata in esse in ea ex quibus com
1012 1763 1718 1825 ponitur. ergo aliqua sunt vnum in re. et tamen intellectus diui¬
1009 1812 1702 1872 dit ea quod non est possibile sine distinctione rationis. ergo
999 1851 1699 1916 etc. ⁋ Item ibidem multiplicitas in deo non est nisi in
996 1892 1696 1950 intellectu non in esse. ergo in deo sunt multa quae sunt vnum
1002 1939 1707 1993 in esse. et tamen multa in intellectu. ⁋Preterea. iiii. me
1002 1986 1700 2038 tha. ens et vnum dicunt eandem rem. et tamen distinguuntur
1003 2034 1700 2098 aliquo modo et non nisi ratione. ⁋ Eodem modo potest argui
1005 2080 1691 2133 de vero et bono. de subiecto et passione. (Similiter princi¬
997 2115 1700 2172 pium et finis in puncto aliqui distinguuntur et sunt vna res
990 2163 1690 2221 ⁋ Similiter currere et cursus sunt vna res. ⁋ Similiter. iii
1003 2196 1697 2264 phi. actio et passio sunt vnus motus. et tamen aliquo modo
1003 2246 1708 2303 distinguuntur. Similiter secundum Ari. et commentatorem primo phi. Ma
996 2292 1720 2361 teria est eadem secundum substantiam. et plura secundum esse. ⁋ Preterea ydee
996 2330 1710 2401 in mente divina realiter sunt ipsa divina esentia. et tamen distin
991 2378 1693 2443 guuntur. quia aliter non essent plures ydee. non magis quod plures
991 2430 1694 2487 essentie. ⁋ Preterea quod idem possit differre a seipso vldetur
993 2464 1688 2533 sortes in foro distinguitur aliquo modo a seipo in thea
982 2514 1699 2569 tro. Similiter secundum porph. sortes puer differt a seipso
978 2562 1703 2606 sene. ergo eodem modo eadem res concepta sub vna ratione differt a
981 2603 1690 2655 seipsa concepta sub alia ratione et non nisi ratione. ergo etc.
970 2642 1711 2714 ⁋ Preterea. iii. videtur quod aliquid distinguitur ab aliquo
