2221 3068
255 193 971 257 communis. ergo est aliqua forma communis differens a qualibet for¬
252 246 969 296 ma singulari. ⁋ Septimo sic. Agens naturale in
253 283 964 338 agendo intendit vnam rem. et non intedit rem singula¬
258 330 956 381 rem. quia qua ratione intenderet vnam intenderet et aliam
253 370 954 430 cum equaliter respiciat quamlibet aliam singularem rem
247 416 962 471 eiusdem rationis sicut illam. et per consequens intenderet infini¬
244 466 962 515 ta. et ita frustraretur intentione sua. cum nunquam possit
246 509 962 559 producere infinita. ergo intendit aliquam rem distin¬
250 558 954 613 ctam a singularibus. ⁋ Sctauo sic. Aut genus
240 598 952 649 generalissimum est vna res. aut tantum conceptus mentis
247 643 958 692 Si sit vna res. et certum est quod nulla res singularis
241 688 956 748 est genus generalissimum. quia nulla talis res singularis
234 727 954 787 praedicatur de omnibus contentis sub genere generalissimo.
234 777 951 836 de quo tamen ipsum genus generalissimum vere praedicatur.
244 810 944 879 ergo est alia res. Si sit conceptus mentis. ergo cum conceptus
240 866 951 918 possint esse plres. sequeretur quod plura possent esse
238 904 952 954 genera generalissima substantie ⁋ Item nono secundum
229 951 947 1010 porphirium collectiuum multorum est species in vnam
229 999 953 1055 naturam. ergo species dicit vnam naturam praeter illa multa
229 1029 945 1095 collecta. Similiter ibidem participatione speciei plures
232 1076 947 1143 homines sunt vnus homo. sed non sunt vnus homo singu
234 1120 953 1186 laris. ergo est aliquas vniversalis praeter particulares. ⁋ Item
229 1164 947 1218 decimo secundum philosophum in praedicamentis. Eorum que sunt
241 1216 950 1261 quedam dicuntur de subiecto et non sunt in subiecto
229 1258 943 1307 et talia non sunt accidentia. quia secundum ipsum ibidem. acci¬
238 1298 938 1361 dentia sunt in subiecto. ergo cum sint substantie et no
222 1342 948 1406 substantie singulares. quia secundum ipsum ibidem ille nec
226 1385 946 1436 sunt in subiecto nec dicuntur de subiecto. ergo etc.
217 1429 951 1498 Item vndecimo ibidem. causa. de substantia. quadam est substantia pri
220 1476 945 1540 ma quedam secunda. substantiae prime sunt substantie singulares. er¬
216 1526 944 1572 go praeter substantiam singularem est alia substantia quae est substantia se
211 1568 944 1630 cunda scilicet genus vel species. Et confirmatur. quia ibidem dicit
211 1605 935 1672 quod secundarum subiectarum magis est substantia species quam genus. ergo
222 1649 944 1713 genera et species sunt substantiae et non substentie singulares. quia tunc
226 1698 947 1749 essent substantia prime. ergo sunt alie a singularibus ⁋ Preterea
222 1735 937 1798 duodecimo primo periarmenias. rerum. quedam sunt
222 1780 936 1839 vniversales quedam particulares. sed vnum diuidentium non
220 1830 935 1878 est reliquum. ergo res vniversales non sunt res particulares.
210 1877 925 1934 nec ecouerso. ergo sunt alie ⁋ Tredecimo sic. primo
213 1914 932 1968 thopicorum. ide dicitur tripliciter. idem genere. idem specie.
214 1956 923 2011 idem numero. ex hoc arguitur. hec triplex identitas
211 2001 923 2066 est realis. sed identitas specifica non conuenit primo in
208 2045 924 2110 di uiduo. nec identitas generis. ergo aliquibus aliis re¬
209 2087 921 2154 bus ⁋ Ista opinio est simpliciter falsa et absurda. ideo
210 2132 914 2198 arguo contra eam primo sic. Nulla vna res numero non
205 2183 930 2240 variata nec multiplicata est in pluribus sup¬
201 2230 930 2286 positis vel singularibus. nec etiam quaibuscumque indi
208 2271 920 2319 uiduis creatis simul et semel. sed talis res si pone¬
208 2309 915 2374 retur esset vna numero. ergo non esset in pluribus singu
207 2354 918 2407 laribus nec de esentia illorum. Maior est mani¬
205 2396 917 2463 festa. quia hoc est proprium soli divine essentie. quod sine omni
199 2443 911 2496 diuisione et multiplicatione est in pluribus suppo¬
207 2484 923 2550 sitis distinctis realiter. minorem scilicet quod talis res est
198 2532 915 2596 vna numero probo sic. quandocunque sunt due res equa
203 2571 914 2652 simplices realiter distincte. quarum neutra maiore
1062 199 1785 275 pluralitatem rerum sibi intrinsecam includit quam
1062 260 1782 313 alia. vel vtraque illarum est vna numero vel neutra
1078 306 1779 371 quia non est maior ratio quod vna illarum sit vna numero quam
1068 346 1783 394 alia. Uel si vna illarum includit maiorem plurali¬
1057 387 1779 453 tatem quam alia. ita quod non sint eque simplices. si illa quae
1069 433 1772 496 maiorem pluralitatem includit et est minus simplex
1063 474 1776 539 est vna numero illa quae minorem pluralitatem includit
1053 524 1780 577 et est magis simplex erit vna numero. Sed res sin
1063 568 1772 625 gularis et vniversalis per se sunt due res distincte realiter
1063 615 1769 661 et eque simplices. vel res vniversalis est magis simplex.
1056 659 1769 709 nec maiorem pluralitatem rerum intrinsecam includit
1062 702 1765 753 vna quam alia. scilicet res vniversalis quam singularis. igitur si res
1045 740 1766 807 singularis est vna numero. res vniversalis erit vna nu¬
1056 789 1779 845 mero. Prima pars istius sillogismi scilicet quod res vniversalis et
1056 828 1772 886 singularis sunt due res distincte realiter est con¬
1051 873 1772 928 cessa ab ipsis. Secundam parter scilicet quod res vniversalis non inclu¬
1053 916 1761 982 dit maiorem pluralitate rerum quam res singularis.
1054 968 1764 1025 probo. quia si vniversalis res includit maiorem pluralitatem
1039 1016 1770 1067 rerum sibi intrinsecam. aut ergo maiorem pluralitatem
1039 1057 1768 1111 rerum vniversalium. vel rerum singularium. non rerum vniversalium. quia
1038 1100 1759 1155 accipio vnam illarum rerum vniversalium inclusarum. et quaero an
1039 1141 1752 1202 includit maiorem pluralitatem quam res singularis
1045 1187 1761 1244 aut non. Si sic. quaero de vna illarum inclusarum sicut
1048 1221 1763 1288 prius. et ita vel stabitur quod aliqua res vniversalis non inclu¬
1050 1272 1754 1330 dit maiorem pluralitatem rerum quam res singularis
1054 1317 1760 1372 vel erit processus in infinitum. Si non. ergo illa res
1038 1361 1751 1413 vniversalis que non includit maiorem pluralitatem quam res
1043 1400 1767 1468 singularis. erit vna numero sicut res singularis
1043 1451 1756 1504 et per consequens eadem ratione quaelibet alia res vniversalis erit vna
1042 1493 1744 1550 numero. Nec potest includere maiorem pluralitatem
1032 1536 1763 1591 rerum singularium. quia tunc non distingueretur a rebus
1044 1571 1750 1630 singularibus: nisi sicut totum a parte. quod est impossibile
1035 1621 1761 1682 et secundum istos singulare includit essentialiter ipsum vniversale
1042 1667 1760 1714 et aliquid plus. et per consequens singulare est totum. et vniversale
1038 1707 1743 1766 pars secundum istos. Similiter ex hoc sequitur propositum. quia si quae
1038 1754 1750 1804 libet pars sit vna numero. totum erit vnum numero. Con¬
1039 1793 1749 1858 firmatur. quia secundum istos. quicquid includitur in vniversali. inclu¬
1035 1836 1747 1900 ditur in quolibet contento per se sub illo vniversali. ergo quicquid in¬
1027 1881 1745 1944 cluditur essentialiter in homine. includitur in sorte essentialiter.
1020 1933 1736 1986 qui quicquid est de esentia hominis est de esentia sortis
1030 1966 1737 2032 ergo numquam vniversale includit maiorem pluralitatem rerum sin¬
1027 2019 1738 2067 gularium nec vniversalium. quam singulare. et per consequens est eque
1030 2065 1744 2114 simplex. et per consequens vna numero. si singulare sit vnum
1026 2105 1735 2156 numero. Similiter secundum illos vniversale non includit singulare. sed
1027 2152 1742 2211 econuerso. Si dicitur quod includit multas res non tanquam
1030 2189 1746 2249 sibi intrinsecas. et propter hoc non est vna numero. Con¬
1032 2241 1740 2294 tra. talis inclusio vel continentia non excludit vni
1025 2283 1735 2344 tatem numeralem. Sic enim deus et materia et quaelibet
1027 2329 1733 2386 causa continet multas res realiter distinctas. et tamen quaeli¬
1031 2362 1738 2430 bet talis res est vna numero. Si dicitur quod illa res
1021 2414 1733 2463 vniversalis est realiter communicabilis multis. et est realiter in
1015 2458 1735 2518 multis non sic autem res singularis. et ideo quamuis non
1011 2494 1735 2549 includat intrinsece maiorem pluralitatem rerum. non
1012 2547 1738 2597 tamen est vna numero sicut res singularis. Contra. quaero
1023 2591 1733 2662 quomo est communicabilis multis. et quo est in multis
