2199 3080
274 208 979 273 singulari. De ista ratione et de illa propositione in qua sum¬
268 272 967 320 datur alias patebit. Confirmatur ista ratio. quia indiui
271 310 971 363 duum aliquid addit supra naturam secundum istos. et hec
271 359 963 411 aliquid faciens per se vnum cum illa re vniversali. quia si non. tunc
268 400 968 447 esset aliquid quod nec esset substantia nec accidens. ergo non vi¬
271 441 968 491 includere contradictionem. quod illud additum conseruetur a
259 491 974 546 deo sine omni nam vniversali adueniente. quod videtur absurdum
274 527 965 591 ⁋ Tertio sic. indiuiduum alicuius speciei potest creari de
252 577 971 627 nouo. quantumcumque maneant alia indiuidua eiusdem
259 616 968 678 speciei prius creata vel producta. sed creatio est simpliciter
258 666 970 712 de nihilo. ita quod nihil essentiale vel intrinsecum
259 710 967 764 rei simpliciter praecedat in esse reali. ergo nulla res non
259 754 953 806 variata praexistens in quocumque indiuiduo est de esset
244 799 960 853 tia istius indiuidui de nouo creati: quia si sic aliquid
256 848 969 898 essentiale isti rei praecederet. et per consequens non crearetur
250 888 964 936 ergo non est aliqua res vniversalis de esentia istorum indiui
253 929 956 986 duorum. quia si sic. illa praexisteret omni indiuiduo post
244 969 956 1032 primum productum. et per consequens omnia producta post primum
249 1023 958 1076 productum non crearentur. quia non essent de nihilo.
268 1062 946 1114 Preterea omnis res singularis potest annihilari sine ar
237 1108 956 1164 nihilatione vel destructione alterius rei singularis a
238 1147 950 1203 quae in nullo dependet. ergo potest iste homo annihilar
253 1194 950 1243 a deo nullo alio homine annihilato vel destructo
243 1236 955 1284 Sed in annihilatione vel intrinsecum rei remanet
250 1278 951 1340 nec in se nec in alio quam in esse reali. ergo non est aliqua
244 1329 942 1388 talis res communis vtrique. quia tunc illa annihilaretur. et pe
236 1363 956 1430 consequens nullus alius homo remaneret secundum essentiam suam
238 1418 950 1473 et quaelibet homo saltem corrumpetur. quia annihilata quaecumque
241 1459 950 1518 parre destruitur totum. ⁋ Si praeteruiatur contrusio istas rationes
241 1503 944 1557 quod aliquid creatur vel annihilatur quando quodlibet in illo
235 1548 944 1597 quod est vnum numero in illo creatur vel annihilatur
235 1590 950 1640 non tamen oportet quod natura communis sibi et aliis creetur tunc vel
241 1632 955 1680 annihilaretur. ⁋ Contra creatio est simpliciter de nihilo
241 1680 949 1724 ita quod nihil intrinsecum et essentiale rei praecedat. si
236 1725 938 1780 militer in annihilatione nihil remanet. ergo si aliquid essen
238 1766 935 1811 tiale rei creabili vel annihilabili praecedat et reman
238 1808 941 1862 non annihilabitur. Confirmatur. quia ita essentialis est in¬
238 1851 953 1902 diuiduo illa res vniversalis sicut quaecunque res particularis.
238 1894 944 1945 ita eniam essentialiter secundum eos sortes est homo. sicut habet hanc
228 1940 935 1992 materiam et hanc formam. ergo sicut sortes non potest annihilari
232 1988 941 2038 nec creari. nisi tam hoc materia quam hoc forma crearetur
234 2031 947 2081 vel annihilaretur. ita sortes non poterit creari vel
234 2071 935 2119 annihilari nisi haec res sibi essentialis simpliciter prius
226 2116 941 2165 sit nihil. vel postea sit simpliciter nihil. Similiter ista nam
235 2159 931 2209 communis est magis esentialis et intrinseca isti indium
222 2201 932 2255 duo. quam quaecumque materia vel potentia materie for
222 2247 928 2295 me materiali. sed si forma materialis producatur in ma
229 2293 944 2340 teria prima de potentia materie. non creatur vel si
219 2334 937 2392 remaneat materia vel potentia materie. non anni
223 2377 935 2432 hilatur secundum istos. ergo multo fortius si haec res intrinseca
225 2425 943 2483 isti indiuiduo praecedat vel sequatur. non creatur vel
216 2469 929 2520 non annihilatur. Similiter eadem facilitate dicam quod ista
219 2515 925 2566 res poterit creari. si illud additum nature prius
217 2557 935 2614 non sit purum nihil. dum tamen ipsa natura prius sit pu¬
214 2601 947 2669 rum nihil. cum vtrumque sit sibi essentiale ⁋ Quinto
1065 224 1779 292 carguo sic. Aut iste homo vniversalis seu communis est de essentia
1077 270 1781 328 sortum aut non: si non. et certum est secundum istos. quod sortes non
1078 325 1789 379 est de essentia istius hominis comnis. quia tunc iste homo communis
1075 361 1784 424 non maueret sine sorte. quod negant. ergo sunt duo quo
1071 413 1786 458 rum neutrum est de esentia alterius. tunc quaero. aut fa¬
1068 456 1792 505 ciunt aliquid per se vnum. et si sic. ergo sortes non est indiuiduum
1072 495 1789 553 sed erit pars alicuius per se vnius. Similiter tunc non plus essen¬
1077 540 1776 600 tialiter esset homo. quam materia aut forma cum quae facit per
1069 577 1778 633 se vnum. Si non faciant per se vnum. et vnum non est acci
1065 633 1779 681 dens alterius. ergo vtrumque erit per se subsistens existens cum
1072 675 1769 738 multis. quod negant. et multa alia absurda quae null
1061 715 1774 776 sane mentis caperet sequuntur. si illa res vniversalis non
1069 764 1786 820 est de esentia sortis. nec facit cum aliquo per se vnum.
1072 800 1777 862 ⁋ Si dicitur quod illa res vniversalis est de esentia sortis et
1063 852 1772 901 non tota essentia sortis. quia tunc non esset res alia a
1059 887 1768 947 sorte. ergo est pars essentialiter sortis. Ex illo sequuntu
1066 943 1773 997 multa absurda. Primum quia tunc sortes non magis
1059 989 1771 1045 esset res singularis quam vniversalis. quia totum non magis de¬
1056 1030 1769 1082 nominatur ab vna sua parte essentiali quam ab alta. sicut
1057 1072 1776 1130 compositum non dicitur magis esse forma quam materia.
1063 1117 1782 1177 nec econuerso. quamuis forma sit pars principalior.
1059 1159 1768 1212 Secudum quia tunc res singularis vere esset materia
1063 1207 1762 1256 rei vniversalis. et res vniversalis esset forma. vel ecouerso. quia
1063 1251 1769 1306 aut illa res singularis addita et vniversalis sunt eius¬
1060 1287 1766 1338 dem rationis aut alterius. non eiusdem. quia tunc non magis
1060 1334 1767 1384 esset vna vniversalis quam alia. Si alterius. et omnia quae sunt ali
1060 1378 1769 1424 terius rationis si faciant per se vnum. se habeant sicut forma
1053 1424 1768 1469 materia. ergo res vniversalis et singularis se habent sicut ma
1051 1468 1773 1520 teria et forma ⁋ Si dicitur quod hoc non est verum. nisi¬
1060 1509 1769 1561 quando vtraque illarum rerum est singularis. hoc non valet
1062 1555 1760 1614 qui eadem facilitate dicam. quod quando vtraque rerum est sin
1051 1597 1771 1649 gularis. non oportet quod sic se habeat quod vna sit mate
1051 1646 1762 1700 ria et alia forma. Tertio sequitur quod quodlibet accidens
1057 1679 1766 1738 esset vere et realiter compositum ex diuersis rebus rea
1053 1721 1758 1786 liter distinctur scilicet ex natura vniversali tali. et ex aliquo sibi
1054 1772 1756 1820 addito. Et vniversaliter sequeretur quod tot essent res realiter di
1044 1814 1759 1866 stincte in quolibet singulari. quot sunt vniversalia praedi¬
1048 1867 1760 1914 cabilia vniuoce de eodem. Item tunc sortes esset alte¬
1042 1904 1750 1953 rius rationis a platone. quia illa addita pluribus essent
1054 1951 1754 1999 diuersarum ration. ⁋ Sexto sic arguo. omnis res ex
1047 1995 1756 2041 animam in genere substantiae est susceptiua conriorum. ergo si sit ali¬
1042 2035 1754 2088 qua substantia vniversalis vere erit susceptiua contrariorum. sed nullum
1042 2076 1753 2140 vniversale est susceptiuum contrariorum. ergo nullum tale vniversale est res
1038 2121 1763 2178 realis in genere subteantia. Antecedens patet. per philosophum in praedicamentis di¬
1051 2172 1753 2225 centem. quod hoc est proprie proprium substantia. Quod autem nullum tale
1047 2206 1748 2263 sit susceptiuum conriorum probo. quia sicut contraria possunt esse
1042 2252 1750 2304 in diuersis indiuiduis eiusdem speciei specialissimen
1048 2295 1751 2359 ita ista contraria essent in eodem vniversali simul quod est impossi
1038 2338 1747 2398 bile. consequentia patet. quia illa indiuidua contraria non possunt existe
1035 2391 1747 2447 re. nisi sua communia vniversalia existant. ergo oportet quod illa communia contra
1039 2430 1751 2487 ria sint in aliquo susceptiuo primo. sed non sunt primo
1036 2473 1755 2536 in aliquo singulari. nec in aliquibus singularibus. ergo
1032 2518 1753 2568 sunt primo in aliquo vniversali. vel in aliquibus vniversalibus. sed non oportet
1035 2563 1759 2616 quod sint simul in aliquibus vniversalibus. ergo poterunt esse simul in ali
1036 2606 1757 2672 quo vniversali vno. quia possibile est quod illa singularia in
