2244 3087
442 209 1153 294 nisi iste homo vel ille. et sic de aliis singularibus. et
441 284 1169 340 per consequens eadem ratione nullius partes reales per istam diffini¬
447 333 1157 385 tionem exprimuntur nisi partes istius hominis et illius. et
444 369 1157 417 sic de aliis singularibus. ⁋ Si diceres. diffinitio
453 412 1153 474 et diffinitum sunt eadem res. sed iste terminus homo non est
439 459 1154 516 eadem res cum ista diffinitione. ergo iste terminus non pri¬
435 505 1166 559 mo diffinitur. ⁋ Preterea. nullius singularis partes ex
448 546 1157 603 primuntur. primo per diffinitionem. quia diffinitio est prin
444 593 1153 648 cipium cognoscedi perfecte illud cuius partes primo per
447 640 1163 687 diffinitionem exprimuntur. sed nullius singularis partes
436 681 1151 740 perfecte cognoscuntur per diffinitionem. quia non plues vnius
444 722 1159 779 quam alterius. et ita vel nullius vel cuiuslibet. sed certum
441 777 1151 824 est quod non cuiuslibet. ergo nullius. ⁋ Preterea. philosophus primo
435 810 1148 870 posteriorum. dicit quod diffinitio prio est substantia. et dicit quod
441 859 1168 912 substantia singularis non diffinitur. ⁋ Ad primum istorum di
439 909 1160 954 co. quod nunquam diffinitio et diffinitum sunt eadem res
442 944 1163 993 sicut enim non sunt idem terminus: ita non sunt eadem res
442 994 1152 1047 hoc non obstante pro eadem rem supponunt. et praecise pro¬
441 1034 1150 1083 eadem re. nec alia res significatur primo et principa
442 1078 1163 1129 liter per vnum. quin significetur per reliquum. nec aliquod ex¬
439 1124 1154 1170 trinsecum connotatur per alterum eorum. Et isto modo intelli
431 1167 1156 1220 gunt auctores. si dicant quod diffinitio et diffinitum
433 1217 1163 1263 sunt vna res. quia scilicet habent vnum significatum. quam in¬
444 1252 1160 1306 tentionem autoris et etiam aliqua moderni quamuis ali
435 1302 1160 1356 qui eorum non aduertant tamen satis exprimunt. quando di¬
444 1345 1159 1400 cunt frequentur quod diffinitio et diffinitum important
444 1387 1159 1437 eandem rem: et quod significant eandem rem. et per consequens non
435 1430 1148 1478 sunt eadem res. sicut nec duo signa. vel duo impor¬
445 1469 1157 1533 tantia sunt vnum significatum vel importatum. ⁋ Ad
442 1519 1148 1572 secundum dico quod non semper est diffinitio principium per¬
423 1572 1144 1617 fecte cognoscendi quodlibet cuius est diffinitio. quia
433 1606 1143 1654 aliquando sic post declarabitur. illud cuius est diffinitio
434 1648 1148 1706 perfecte potest cognosci sine omni diffinitione. sed bene
439 1694 1145 1744 verum est quod habita diffinitione partes alicuius cuius
439 1737 1144 1791 est diffinitio possunt cognosci esse in illo cuius est dis
435 1782 1144 1827 finitio. Uerbi gratia cognitum diuersis hominibus. et di¬
441 1825 1147 1882 uersis eos circumstantibus cognitis. tandem accipitur
438 1867 1145 1914 hec diffinitio animal rationale sciendo scilicet quod omnis homo est
441 1913 1150 1958 animal rationale. qua diffinitione habita ab aliquo. si illi
441 1950 1151 2005 praesentetur aliquis homo cuius nullam notitiam prius habuit.
439 2003 1148 2058 virtute notitie praedicte diffinitionis talis cogno¬
433 2050 1157 2095 scit quod iste homo quem in se non cognouit nisi cofuse
438 2092 1145 2145 qui non apprehedit distincte quanlibet partemn eius. habet
439 2133 1157 2189 partes realiter distinctas. scilicet corpus et animam intellectiuam
432 2172 1151 2228 et hoc non cognosceret nisi haberet et sciret. quod di¬
436 2214 1157 2269 cta diffinitio est diffinitio communis omni homi. et ita dif¬
426 2268 1148 2316 finitio isto modo ducit in notitiam aliquo modo disti¬
429 2309 1151 2370 ctam rei singularis. cuius est primo. vltio modo superius
436 2355 1154 2408 declarato. sed non nisi coexistente notitia confusa il¬
441 2395 1158 2452 lius rei singularis. Non tamen proprie cognoscitur illa
444 2444 1145 2489 res singularis distincte per illam diffinitionem: sed
435 2485 1145 2536 improprie. scilicet quia cognoscuntur de eo praedicabilia quae
442 2529 1145 2581 lignificant partes distinctas illius rei singularis. sed
436 2570 1148 2623 qualiter. postea dicetur. ⁋ Ad tertium dico quod non est
433 2618 1160 2677 inconueniens phsophum terminum equocare in diuersis
1269 226 1977 291 locis. maxime quando in vno loco satis exprimit se
1263 274 1984 336 equiuocare. Uel potest dici ad intentionem philosophi et con¬
1272 332 1978 380 men. vii. meth. et in diuersis locis quod frequenter ac
1265 372 1966 421 cipiant substentiam pro nomine vel termino significante sub¬
1272 412 1975 461 stantiam. et tunc dico quod diffinitio est primo substanti. hoc est
1275 456 1976 508 primo et adequate praedicatur de nomine vel termino communi
1269 503 1984 547 importante praecise substantiam singularem. et isto modo sicut
1270 549 1971 599 dictum est. diffinitio non est proprie substantia singularis
1261 587 1970 652 ⁋ Ad primam confirmationem dico quod nulla res in goe
1273 634 1969 683 nere substantiae est diffinibilis primo modo. et dico quod in eius
1272 683 1974 734 diffinitione non debet poni substantia quaecumque. sed debet poni
1260 721 1973 770 termini praecise significantes substantias. et isto modo dicuntur
1272 763 1986 824 praedicabilia substantialia. scilicet praedicabilia solas substantias im
1264 809 1973 863 portantia. et sic vocat consequentem. predicabilia substantialia.
1270 855 1970 909 vii. meth. consemenea. v. vbi dicit quod tantum sunt tria substantialia
1257 897 1964 956 praedicabilia. scilicet genus differentia et diffinitio. hoc est quicquid
1267 944 1971 1001 est praedicabile de substantia et non importat nisi substantiam. vel
1261 991 1970 1036 est genus. vel differentia vel diffinitio. quae tamen scilicet genus et
1261 1036 1970 1082 diffinitio et differentia non sunt substanti. sed tantum sunt signa impor
1270 1074 1976 1121 tantia substantias. et ista ponuntur in diffinitione. et non substectie
1261 1119 1971 1179 importate per genus et differentia quia nulla substantia importatur per
1257 1165 1961 1211 hoc genus animal. nisi tantum aliquid singulare. et tamen nu
1263 1209 1970 1256 lum tale ponitur in diffinitione ⁋ Ad secundam confirma¬
1260 1254 1976 1303 tionem dico per idem quod genus et differentia quam ponuntur in diffi¬
1249 1300 1967 1355 nitione speciei non sunt substanti. sed praecise important substantias nul
1252 1338 1961 1394 lum accidens connotando. nec tamen sunt de esentia speciei. se
1266 1392 1969 1445 ppter hoc non sequitur. quod diffinitio talis sit per addita
1254 1432 1967 1484 mentum. quia non dicitur diffinitioper additamentum. quia ali
1254 1477 1963 1525 quid ponitur in illa diffinitone quod non est de esen
1261 1521 1972 1568 tia diffiniti. sed quia ponitur ibi aliquid. quod importat
1266 1561 1977 1607 et significat aliquid extr essentiam diffiniti. sicut ista
1261 1605 1973 1654 diffinitio. albedo est color disgregatiuus visus est
1263 1647 1960 1705 per additamentum. quia iste terminus visus hoc positus est
1263 1689 1976 1743 ex totam essentiam albedinis id est importat aliquid extra totam
1260 1737 1964 1795 essentiam albedis. Et quando dicitur quod secundum philosophum primo phi.
1255 1778 1971 1840 substantia non diffinitur nisi per substantias. Dico quod hoc est sic in¬
1255 1824 1970 1871 telligendum. substantia non diffinitur nisi per praedicabilia in¬
1254 1868 1973 1924 portantia praecise substantias et non aliquod accidens. ⁋ Ad ter¬
1254 1914 1966 1958 tiam confirmationem dico quod diffinitio praedicatur de
1258 1955 1970 2001 diffinito primo modo decto non pro se sed pro diffinito ter¬
1248 2000 1957 2050 tio modo decto. quia in illa propositione omnis homo est animal ratio
1254 2042 1970 2093 nale. subiectum est diffinitum primo modo et non suppo¬
1261 2087 1965 2139 nit pro se sed pro singulari quod est diffinitum tertio modo
1267 2133 1964 2191 ⁋ Ad secundum principale dico quod scientia realis non est semper
1255 2177 1964 2221 de rebus tanquam de ill quae immediate sciuntur. sed de
1251 2223 1970 2272 aliis pro rebus tamen supponentibus. ⁋ Ad cuius intellectum
1259 2267 1966 2314 et propter multa prius dicta et dicenda propter aliquos
1252 2308 1972 2359 inexercitantos in logica. Siendum quod scientia quaelibet
1261 2351 1976 2407 siue sit realis siue rationalis est tantum de propositionibus
1255 2397 1961 2448 tanquam de illis quae sciuntur. quia sole propositiones sciuntur
1269 2440 1958 2499 Proposoto autem secundum boeti. ist periar. habet triplex esse. scilice
1258 2485 1958 2534 in mente. in voce. et in scripto. hoc est dictum aliqua propo¬
1258 2533 1961 2579 est tantum concepta et intellecta. aliqua est prolata. et
1257 2571 1976 2625 aliqua est scripta. et ita si essent aliqua alia signa eode
1255 2619 1958 2677 modo instituta ad significandum. sicut voces et
