2225 3065
267 222 976 283 littere in illis esset propositio sicut in istis. et ideo sicut
264 283 977 340 propositio prolata vere componitur ex vocibus. et propositan
265 328 976 377 scripta vere componitur ex scripturi. ita proposito tamen con
264 373 983 421 cepta tantum componitur ex intellectionibus vel concepti¬
268 410 970 468 bus seu intetionibus anime. et ideo sicut omnis vo¬
264 462 977 511 potest esse pars propositionis in voce. ita omnis intellectio po¬
258 506 979 561 test esse pars propositionis in mente secundum vnam opinionem
255 546 971 595 vel conceptus secundum aliam opinionem. Sicut autem vox quo
249 583 976 645 est pars propositionis prolate potest habere multiplicem suppo¬
259 633 979 691 sitione. scilicet materiale et personalem et simplicem. sicut
268 678 967 735 patet in istis propositionibus prolatis et auditum auribus. scilie
256 722 962 769 homo est vox dissillaba. in qua illa vox tenetur mi
243 766 967 813 terialiter. quia illa vox ibi secundum quod proposito est vera stat et
257 806 979 868 supponit pro seipsa. Similiter homo currit. ibi stat persona¬
250 850 974 913 liter. quia supponit pro ipsis hominibus non pro voce. quia
249 894 979 945 illa vox non potest currere. In ista autem homo est species
249 939 968 994 illa vox supponit simpliciter pro aliquo communi. eodem modo
249 989 967 1045 pars propositionis consimilis in mente etiam circumscribendo
244 1031 968 1079 ionem vocem. quia si omnino nullius lingue est. quem admo
247 1074 974 1136 dum dicit Augu. li. iii. de tri. quod est aliquod verbum
240 1121 970 1168 quod nullius lingue est ista inquam pars talis propositionis
241 1163 971 1216 potest habere suppositionem personalem. et tunc stat et sup¬
246 1211 967 1258 ponit pro ipsis rebus significaturs. si significaret res
249 1255 968 1311 vel potest habere supositionem simplicem. et
243 1298 959 1351 tunc stat et supponit pro seipsa. ⁋ Per hoc ad argi
238 1341 959 1400 mentum dico sicut ista proposito prolata omnis homo est r
244 1381 959 1432 sibilis scitur. sicut enim ipsa est vera. ita vere scitur. quia
238 1430 956 1477 omne verum potest sciri. nullus autem nisi furiosus potest nega¬
234 1471 955 1518 re quin aliqua propositiones prolate sint vere et aliqua false. quis
241 1518 956 1562 enim diceret se nunquod audiuisse auribus corporalibus
241 1560 956 1614 aliquod mendacium. ⁋ Nihil potest audiri auribus nis¬
240 1604 954 1657 vox vel sonns. sicut nihil potest videri oculis cor
243 1647 956 1698 poralibus nisi color vel lux. ergo aliqua propositiones praecise
235 1685 954 1745 composite ex vocibus sunt vere. sicut iste. omnis homo est
246 1735 956 1780 animal. omnis homo est risibilis. species praedicatur de plu
237 1777 956 1831 ribus differuntibus numero in eo quod quid. genus praedicatur
237 1822 959 1870 de pluribus differuntibus specie. et sic de aliis que possunt
234 1865 956 1926 sciri. ita propositio in mente que nullius lingne est vere
237 1909 949 1961 scitur. Nunc autem ita est. quod scientia aliquarum talium propo
225 1959 953 2016 sitionum prolatarum est realis. et aliqua rationalis. et tamen
231 1998 955 2064 illa scita et omns partes istorum vere sunt voces. quia
237 2045 947 2102 cum partes aliquarum supponunt et stant non pro seip
231 2088 946 2139 sis vocibus. sed pro rebus ex. puta pro subiect. ideo
225 2135 941 2186 illarum propositionum scientia dicitur realis. Alie autem partes alia
235 2176 947 2228 rum propositionum stant pro ipsis conceptibus mentis. ideo
217 2222 951 2278 scientia illarum potest dici rationalis vel logicalis. et istarum
222 2257 945 2327 propositionum prolatarum homo est vox bissillaba. animal est vop
226 2312 936 2372 trissillaba. scientia potest dici gramatica. et tamen omnes pro
220 2356 944 2412 pones tales et partes earum sunt voces. et solum di¬
225 2407 941 2460 cuntur ad diuersas scientias pertiere. quia partes dictarum
223 2447 941 2505 propositionum pro diuersis supponunt. quia aliqui supponunt
226 2489 938 2549 pro rebus alique pro conceptibus mentis. et alique
223 2528 936 2591 pro ipsis vocibus. ergo eodem modo proportionabi
225 2581 944 2638 liter de propositionibus in mente. que vere possunt sciri a
229 2620 941 2702 nobis pro statu isto. quia omns termini illarum propo¬
1080 224 1791 306 sitionum sunt tamen conceptus et non sunt ipse substa
1086 286 1803 349 tie extra. quia tamen termini aliquarum propositionum stant et
1086 327 1792 393 supponunt personaliter. scilicet pro ipsis rebus extra. sicut
1083 375 1795 427 in talibus. omne mobile partim est in termino a
1086 423 1789 485 quo etc. omnis homo est risibilis vel omnis triangulus haui
1077 470 1805 522 tres etc. et sic de aliis. ideo talium propositionum dicitur esse
1084 505 1792 562 scientia realis. Termini autem aliarum propositionum suppo¬
1080 556 1801 604 nunt simpliciter. scilicet pro ipsis conceptibus. sicut in istis.
1084 599 1783 657 omnis demonstratio est ex priemis et veris etc. homi
1080 645 1789 693 est species et sic de aliis. ideo talium dicitur esse scientia rationalis
1089 685 1798 737 Nihil ergo refert ad scientiam realem. an termiui propo¬
1072 731 1792 785 nis scite sint res ex animam vel tantum sint in anima. dum
1079 781 1796 837 modo stent et supponant pro ipsis rebus ex. et ita
1071 825 1784 875 propter scientiam reale non oportet ponere tales res vniversales
1081 867 1796 927 distinctas realiter a rebus singularibus. ⁋ Petr hoc
1074 910 1789 965 ad formam argumenti dico quod scientiam esse de rebu
1068 949 1792 1005 potest intelligi tripliciter. Uel quia ipsa res est scita. et
1061 1001 1787 1053 sic nulla scientia est de rebus substantialibus. nnaxime
1071 1047 1792 1097 qui nihil scitur nisi complexum. complexum autem non est extra
1069 1088 1796 1150 animam. nisi forte in voce vel in consimili signo ⁋ Aliter
1074 1134 1782 1183 quod res sint partes illius quod scitur. et sic non oportet scientiam
1064 1179 1783 1224 realem esse de rebus ex. Tertio modo quod res sint il¬
1070 1209 1788 1271 la pro quibus partes sciti supponunt. et sic scientia reali
1075 1264 1787 1325 est de rebus. sed non de rebus vniversalibus. quia pro illis
1069 1307 1788 1360 non fit supposon. Nam in ista propositione in mente
1071 1354 1790 1414 omne corpus componitur ex materia et forma singula
1059 1393 1784 1454 ri. non fit suppo pro aliquo corpore vniversali quia nullum
1062 1440 1780 1499 tale corpus est. etiam si esset non componeretur ex mate
1060 1484 1789 1538 ria et forma singulari. Sed scientia isto modo est de re¬
1066 1522 1778 1585 bus singularibus. quia pro ipsis singularibus termini
1062 1560 1785 1632 supponunt. Et isto modo non negat philosophus esse scientiam
1062 1614 1775 1677 de singularibus. sed secundo modo. quia termini propositionum
1065 1649 1773 1724 scitarum non sunt res singulares. sed sunt vniversalia de qui
1065 1694 1784 1771 bus est scientia secundem modo. quia vniversalia sunt termini propo
1056 1740 1773 1812 sitionum scitarum. Et si aliquando inueniatur quod scientia est
1054 1787 1770 1856 de rebus vniversalibus debet intelligi quod est de vniversalibus praedica¬
1061 1828 1768 1901 bilibus de rebus. ⁋ Breuiter ergo ad intentionem
1050 1877 1763 1947 philosophi est sciendum quod scientia realis non per hoc distingu
1056 1924 1763 1991 tur a rationali. quia scientia realis est de rebus. ita quod ipse
1047 1971 1769 2032 res sint propones scite vel partes illarum propo¬
1056 2008 1764 2079 sitionum scitarum. et rationalis non est sic de rebus. sed per
1051 2054 1756 2120 hoc quod partes scilicet termini propositionum scitarum
1047 2102 1772 2165 scientia reali stant et supponunt pro rebus. non sic autem
1044 2146 1763 2211 termini propositionum scitarum scientia rationali. sed illi
1055 2191 1754 2257 termini stant et supponunt pro aliis. Exemplum
1044 2228 1764 2299 patet de istis. homo est risibilis. omnis homo est susceptibils
1050 2280 1757 2343 discipline. et sic. de aliis que sciuntur scientia reali. et
1044 2319 1754 2391 de istis genus praedicatur in quid de differntibus specie
1048 2363 1767 2433 species speriealissima tantum praedicatur de indiuiduis et sic
1047 2410 1787 2480 de aliis ⁋ Ad tertium dico quod hec vox homo non
1045 2453 1745 2522 significat primo aliquam rem. si luod primo teneatu
1036 2505 1766 2569 positiue. si autem teneatur negatiue. tunc dico quod si¬
1043 2555 1760 2609 gnificar aliquam rem primo. quia significat primo
1042 2598 1752 2648 quanlibet rem singularem de qua praedicatur. Et si
1036 2635 1751 2697 diceres quod tunc esset vox equiuoca. quia vox equiuoca
