2196 3072
250 240 968 315 citur ex singularibus suis. ita quod praedicatum repu
259 300 957 357 gnat cuilibet alteri a singularibus. sicut ista. omnis
244 338 962 405 homo est singularis et vnus numero. ergo eodem modo
250 386 954 442 erit de vniversali quolibet. quod simpliciter erit verum si praedi¬
250 427 960 486 catum repugnat cuilibet alteri a singularibus.
244 466 957 536 ergo ad verificandum tales propositiones vniversales a parte
241 521 950 579 rei sufficiunt singularia. et ita tales res vniuer¬
238 557 953 623 sales. omnino frustra ponuntur. Et tota causa est. quia in
234 606 950 667 talibus propositionibus termini supponunt personaliter
238 648 945 714 et non simpliciter. hoc est supponunt pro singularibus et
235 695 941 756 non pro seipsis. ⁋ Et si dicitur. ista proposito est vera homo est
228 732 942 800 primo risibilis. aut ergo secundum quod homo habet supponem
232 785 951 844 personalem. et tunc est simpliciter falsa. quia nullus homo primo
229 832 942 890 est risibilis. aut secundum quod supponit pro conceptu et tunc
223 877 941 935 etiam est falsa. quia tunc denotatur quod ille conceptus sit
217 911 945 985 primo risibilis. quod est manifeste falsum. quia iste com¬
217 965 940 1012 ceptus nec primo nec secundario potest ridere. ergo
226 1008 942 1060 portet quod sit vera secundum quod supponit pro aliquo medio inter
220 1052 942 1112 rem singularem et conceptum ⁋ Respondeo quod sicut di
211 1091 929 1152 ctum est ad quantum argumentum quod hec est falsa de
213 1135 930 1199 virtute sermonis. homo est primo risibilis sicut et ista.
219 1177 939 1243 aliquid est primum obiectum et adequatum alicuius po¬
201 1225 938 1289 tentie. sed est vera secundum intellectum recte loquentium.
208 1269 939 1333 qui per ipsam intelligunt vnum actum signatum. scilicet
205 1311 932 1373 istum. de homine praedicatur primo risibile. et in isto actu
210 1352 925 1415 signato homo habet supponem simplicem. et supponit
211 1403 927 1466 pro conceptu. quia de isto conceptu praedicatur primo risibi
205 1444 929 1511 le non pro se sed pro rebus singularibus. et ideo in actu
198 1488 930 1554 exercitato correspondente qui erit. aliquas homo est
199 1536 929 1596 risibilis. homo habet supponem personale. Sicut in
199 1572 918 1641 isto actu signato. genus praedicatur de specie. ge¬
204 1624 920 1680 nus supponit pro conceptu. quia conceptus genetur pre
207 1657 921 1727 dicatur de conceptu speciei non pro se sed prorebus Et
208 1701 927 1771 ita in actu exercitato correspondente qui non debet sic
191 1742 913 1810 exerceri. species est grgo nus. sed sic. homo est a. al tmi¬
193 1796 917 1859 ni habebunt supponem personalem ⁋ Ad primam confir¬
190 1841 905 1893 mationem dico quod aliqua passio inest multis per na
192 1885 906 1946 turam communem extra animam. quia est aliquid idem in illis
186 1929 899 1984 manens in eis successiue ⁋ Aliquando autm dicitur inesse ill
186 1971 913 2033 per naturam communem. non per informationem sed per praedicati
193 2006 906 2077 poinem. quia praedicatur primo de natura communi. hoc
189 2059 908 2119 est de aliquo communi ad naturas illorum per praedicationem
180 2100 902 2165 et alterum duorum modorum intelligit philosophus de quo
173 2148 895 2205 alias. ⁋ Per idem ad secundam confirmationem. quod non
184 2183 899 2253 manet eadem dyaphoneitas numero. nisi idem
187 2231 909 2300 ubiectum numero maneat. quia secundum istos etiam vnum
184 2280 903 2342 accidens numero est primo in vno subiecto numero.
187 2319 896 2390 ⁋ Ad septimum dico quod agens naturale in agen¬
181 2371 892 2421 do intendit veram rem singularem. quia illud intedit
177 2410 887 2476 quod per se et primo producitur. sed res singularis per
183 2453 889 2509 se et primo producitur. ergo etc. Et quando dicitur quod non
187 2503 891 2564 plus intendit vnam rem singularem quam aliam cum
187 2548 888 2599 equaliter respiciat omns. Respondeo quod vnam determina
181 2590 892 2649 te intendit eam scilicet que determinate producetur.
192 2626 904 2703 Uude quia idem est intentum ab agente priori
1072 256 1782 334 et posteriori. ideo quia agens primum intendit aliquid
1068 308 1776 379 vnum determinate. illud vnum intenditur ab agente
1065 353 1778 411 naturali. nec equaliter respicitur quodlibet singula
1068 399 1787 460 re ab agente naturali. sicut nec quodlibet indif¬
1068 432 1778 515 ferenter producitur. De isto tamen magis dicetur in quarto
1056 487 1781 555 ⁋ Et si proteruiatur contra hoc et contra alia predi¬
1057 527 1781 599 cta. quod hec est vera aliquis promittit se daturum
1063 573 1770 642 alteri aliquem equum. tunc quero. aut iste promit
1060 613 1767 684 tit alteri rem aliquam singularem. aut vniversalem. aut con
1063 664 1773 722 ceptum. Non rem singularem. quia non plus vnam quam
1060 701 1772 772 aliam. et ita vel nullum equum promittit. et ita posset
1050 754 1769 820 tenere promissum nullum equum dando. Uel promit
1057 794 1760 862 tit quemlibet equum. et ita non posset tenere pro¬
1050 838 1764 899 missum nisi dando quemlibet equum. Si promittat
1057 885 1765 946 rem vniversalem. habetur propositum. Si conceptum hoc non
1048 924 1761 1001 est verum. quia promittit veram rem. Similiter tunc posset
1047 971 1769 1040 adimplere promissum non dando aliquem equum
1048 1012 1766 1093 realem. sed tantum quendam conceptum Ista cauilla¬
1038 1056 1763 1142 tio non esset hic ponenda. nisi quia aliqui putan
1033 1097 1751 1171 tes se scire logicam ponderarent talia puerilia.
1042 1140 1747 1219 propter que ponunt multa absurda circa suppo¬
1037 1191 1753 1258 sitionem terminorum. sed hoc tractare foret nimis
1035 1234 1758 1303 prolixum et tediosum. ideo dimitto et dico quod iste
1051 1283 1752 1349 oromittit veram rem singularem. quia in ista propo
1033 1325 1757 1395 sitione. iste promittit alteri equum. l equum sup¬
1051 1372 1757 1433 onit personaliter pro equis singularibus. Unde ta¬
1027 1412 1745 1474 lis nunquam impleret promissu. si daret aliquod vni
1027 1458 1743 1525 uersale. nisi daret aliquem equum particularem.
1027 1492 1751 1566 Unde sicut iste sic dicendo. promitto tibi vnum
1032 1539 1745 1607 equum particularem promittit singularem. ita sic di¬
1023 1590 1750 1652 cendo promitto tibi equum. Et quando dicitur quod non plus
1026 1628 1749 1687 promittit vnam rem singularem quam aliam. ergo vel nul¬
1024 1675 1734 1738 lam promittit vel quanlibet. Non sequitur. sed est
1020 1714 1736 1786 fallacia figure dictionis. commutando vnum mo¬
1017 1765 1727 1824 dum supponendi in alium. sicut sic arguendo. om
1021 1801 1728 1873 nis homo est homo singularis. sed non plus est
1018 1847 1737 1914 vnus homo singularis quam alius ergo omnis ho
1017 1898 1731 1963 mo est quilibet homo singularis vel nullus.
1027 1933 1730 2005 quia in prima homo singularis supponit con¬
1008 1976 1722 2051 fuse tantum. et in secunda spponit confuse et
1005 2024 1730 2095 distributiue. ⁋ Ita est in proposito. in ista pro¬
1008 2068 1727 2131 posititione promitto tibi equum. loed equum sup¬
1008 2121 1711 2177 ponit confuse tantum. vel aliquo modo consi
1008 2163 1724 2228 mili. quia non supponit confuse et distributi¬
1012 2197 1707 2261 ue. et contingit inferre quodlibet singulare sub
996 2247 1709 2315 disiunctione. ita quod consequens sit de disiuncto
1003 2293 1715 2358 predicato et non disiunctiua. Quia bene. se¬
1002 2339 1707 2403 quitur. promitto tibi equum. igitur promitto
997 2379 1700 2441 tibi istum equum illum vel illum. et sic de omnibus
1003 2416 1704 2489 presentibus et futuris. Sed disiunctiua non se
997 2473 1706 2529 quitur. non enim sequitur promitto tibi equum
993 2519 1712 2575 ergo promitto tibi equum istum vel promitto
994 2559 1703 2617 tibi illum equum. et sic de aliis. Sicut bene se
987 2604 1714 2668 quitur. omnis homo est animal. ergo omnis homo est
985 2641 1716 2726 hoc animal vel illud animal. et sic de singulis
