2236 3062
430 246 1156 333 sed non sequitur disiunctiua. omnis homo est animal. ergo
437 296 1160 369 omnis homo est hoc anima. vel omnis homo est illud animal. et sic
434 342 1151 414 de aliis multis talibus. Quia sepre terminus praedi¬
437 392 1154 454 catus habet suppositionem confusam tantum. vel aliquam
446 435 1153 511 quantum ad praedicata consimilem cum signo distributiuo prae¬
434 487 1151 543 cedenti. Ueruntamen vtrum de vi ymonis habeat suppe¬
443 519 1164 592 sitionem confusam tantum vel non. ad praesens non curo. Et ideo
440 563 1154 632 ista omittantur. quia pertinent ad logicos. Ignoram
444 612 1160 678 tia tamen istorum facit multa difficilia. et in theologia
444 654 1169 719 et in aliis scientiis realibus. quae si ista et consimilia pueri¬
443 700 1169 765 lia essent perfecte scita. essent valde facilia: vel nul
447 750 1163 818 lam penitus haberent difficultatem. ⁋ Ad. viii. dico
440 788 1163 860 quod genus generalissimum est conceptus mentis. qualiter tamen est
452 832 1163 905 vnum genus. patebit in sequentibus. ⁋ Ad. ix. dico
452 874 1166 951 quod porphirius vult quod species est vnum collectiuum mul
462 925 1175 986 torum. in vnam naturam non realem. sed in vnum quod importat
452 964 1179 1032 naturas multorum. et ideo dicitur vna natura per signi¬
447 1015 1168 1075 ficationem. quia est vnum importans multa. Et eodem
456 1051 1172 1126 modo plures homines participatione speciei sunt vnus homo.
461 1096 1174 1164 non vnus homo numero. nec omnis homo communis. quia etiam secundum
456 1151 1178 1208 istos nullus homo est talis homo communis. sed vult quod de plu
456 1188 1181 1257 ribus hominibus contentur sub vna specie praedicetur. quia alia
470 1231 1177 1303 participatio non est possibilis vnus homo haec est vnus ter
461 1272 1181 1341 minus de quo praedicatur homo. quando homo supponit simpliciter
459 1320 1177 1384 si tamen praedicetur de pluribus hominibus. supponit persona
461 1360 1187 1433 liter ⁋ Ad decimum dicendum. quod quia philosophus in libro praedi¬
459 1412 1176 1476 camentorum tractat principaliter de nominibus et terminis
467 1450 1176 1525 propositionum. et ideo illud frequentur attribuitur termi¬
465 1500 1180 1564 non propositionis quod attribuitur rei. et aliquando econuerso.
453 1536 1184 1609 Et ratio est. quia purus logicus non habet disputare vtrum
465 1583 1175 1647 vniversalia quae sunt termi propositionum sint res ex animam ve
466 1630 1181 1691 tantum in anima. vel in voce vel in scripto. et ideo non di¬
458 1677 1190 1740 stinguit. sed aliquando attribuit rei quod conuenit vniversali ter¬
462 1715 1190 1784 mino propositionis. et aliquando econuerso. Dico ergo quod in
465 1757 1185 1829 tellectus suus ibidem est iste. quod eorum quae sunt id est nomi¬
465 1812 1186 1875 num vel terminorum importantium ea quae sunt vere exra animam
466 1843 1186 1918 et vere res. quadam dicuntur de subiecto. hoc est de substanti
473 1898 1185 1963 prima. quia ipsimet termi dicuntur de substantia prima. non pro
473 1936 1189 2002 se sed pro ipsa substantia prima. et non sunt in subiecto. hoc est
480 1980 1196 2044 non important rem aliquam existentem in subiecto. et econuer¬
480 2017 1189 2086 so modo. quaedam dicuntur de subiecto non pro se sed pro re
477 2065 1196 2135 et sunt in subiecto. hoc est important rem in subiecto
479 2107 1185 2181 existentem. Et ita in actu signato terminus habet eandem sup
476 2163 1189 2226 positionem semper. et tamen in duobus actibus exercitatis cor
487 2207 1192 2267 respondentibus habet variam suppositionem. quia in vno sim
482 2240 1197 2319 plicem vel materialem. et in alio personalem. ⁋ Ad vn
482 2286 1195 2354 decimum dico quod ibi non est diuisio in res distinctas
488 2331 1205 2399 quando substantia diuiditur in substantiam primam et secundam. sed est diuisio
486 2380 1204 2447 in illa quae ponuntur in linea praedicamentali. quorum
492 2425 1194 2486 aliqua possunt esse vere res. et aliqua simpliciter non sunt res
494 2468 1198 2535 quae sunt substantia. Et causa est. quia substantia quae est genus generalissimi
494 2512 1207 2584 de omnibus talibus per se et in quid praedicatur. quamuis de ali
489 2546 1208 2620 quibus praedicetur pro se. puta de rebus. si res praedicetur.
495 2594 1208 2667 ⁋ Predicatur autem de aliquibus. puta de conceptibus.
489 2628 1213 2730 non pro se sed pro rebus. quia in talibus propositionibus termini
1263 228 1984 304 non supponunt pro se et simpliciter. sed pro ipsis singularibus
1272 280 1990 340 et personaliter. Uerbi gratia. in ista propositione. omnis homo est
1270 331 1987 394 animal. et in ista. omne animal est corpus. et in ista omne
1266 380 1985 443 corpus est substantia. termini non supponunt pro
1268 418 1997 478 seipis et simpliciter. sed pro ipsis singularibus et persona¬
1272 458 1979 529 liter. et tamen quaelibet istarum est per se primo modo. et similiter et
1266 508 1985 562 quolibet istorum praedicatur iste terminus subiecta. Eodem
1275 553 1973 613 modo et propter hoc isti termini ponuntur in linea
1272 595 1993 652 dicamentali. Et isti soli termini vel consmiles se habent
1266 638 1993 695 secundum superius et inferius. Et ita diuisio substantie
1278 689 1978 744 que est genus generalissimum. est in illa quae praedicantu
1274 728 1984 786 de multis. et in illa quae non predicantur de multi. ⁋ Ad
1269 772 1991 838 confirmationem. quod species dicuntur magis substantia quam genus.
1274 819 1991 873 quia aliqua imperfectiora importantur per genus quam per
1280 860 1993 919 speciem. salte aliqualiter. etiam quia sunt propinquora in
1287 906 1996 964 linea praedicamentali ipsi indiuiduo quod solum est
1274 948 1994 1014 res in illo genere. et propter rationes philosophi quis ponit ibidm
1274 995 2004 1055 Et si dicitur quod philosophus assignat aliquas proprietates esse
1283 1039 1999 1099 communes substantie prime et secunde. que non possunt come
1299 1082 2005 1140 petere nisi rei. sicut esse susceptiuum contrariorum.
1275 1128 2011 1189 Dicendum quod dicit illas esse communes. non per realem
1287 1171 2005 1227 inherentiam. sed per veram praedicationem. quia vere possunt
1284 1213 2008 1284 praedicari de conceptibus. non pro se sed pro rebus. sicut
1281 1257 2015 1312 esse animal. vere praedicatur de hac voce homo. quando propositio
1275 1306 2008 1361 profertur homo est animal et praedicatur de hac voce homo
1288 1342 2020 1412 non pro se sed pro re singulari pro qua haec vox homo sup¬
1290 1397 2006 1453 ponit. Unde non denotatur quod hoc vox homo sit animali. sed quod
1280 1439 2015 1492 illa res quam hec vox significat vere est animal. ⁋ Ad
1280 1481 2016 1535 duodecimum per idem. quia illa diuisio est terminorum
1280 1519 2008 1593 importantium veras res. quia quidam sunt vniversales. quidam
1285 1562 2035 1621 singulares. et vocantur res. quia sunt importantes ve¬
1296 1606 2020 1670 ras res. Ad decimuntertium respondeo quod triplex est
1295 1655 2011 1712 identitas realis quae conuenit ipsis rebus. scilicet identitas
1299 1698 2020 1757 numeralis conuenit vni soli rei. identitas autem speci
1293 1743 2018 1803 fica non conuenit vni soli indiuiduo sed conuenit plu
1290 1793 2018 1848 ribus indiuiduis. ita quod non praedicatur de quocumque
1290 1831 2026 1879 vno sed de pluribus. Et quod hec sit intentio philosophi patet.
1287 1873 2026 1924 qui dicit idem numero quiadem scilicet sunt. quorum nomina plura
1297 1921 2024 1978 res vero vna vt tunica et vestis. Specie autem. que
1298 1961 2014 2018 cumque sunt plura indistincta secundum speciemvt homo
1295 2006 2018 2072 homini. et equus equo. ⁋ Nam hec dicuntur spe¬
1305 2055 2016 2115 cie eadem. quecumque sub eadem specie sunt. Si
1299 2103 2014 2156 militer autem genere eadem. quecunque sub eo
1302 2148 2023 2199 dem genere sunt. vt homo et equus. Ex quo patet
1301 2184 2011 2246 quod idem specie vel idem genere non dicuntu
1305 2229 2020 2290 de aliquo quod non est indiuiduum. sed dicum
1311 2275 2014 2335 tur de ipsismet indiuiduis. ita quod sortes et pla
1301 2318 2032 2381 to sunt idem specie. et iste homo est idem ge¬
1302 2356 2024 2417 nere cum isto equo. hoc est dictum sicut expo
1314 2411 2024 2462 nit Aristoteles quod sortes et plato continentur
1307 2450 2023 2512 sub eadem specie. et iste homo continetur sub
1308 2496 2032 2552 eodem genere sub quo continetur iste equus. Et ita
1300 2538 2018 2606 concedo quod aliqua est identitas minor vnitate scilicet idem
1314 2585 2012 2648 titate numerali. sed talis identitas non est alicuiu
1314 2624 2027 2692 vniuersalis. sed est ipsorum singularium vel sup¬
