<?xml version="1.0" encoding="UTF-8" standalone="yes"?>
<PcGts xmlns="http://schema.primaresearch.org/PAGE/gts/pagecontent/2013-07-15" xmlns:xsi="http://www.w3.org/2001/XMLSchema-instance" xsi:schemaLocation="http://schema.primaresearch.org/PAGE/gts/pagecontent/2013-07-15 http://schema.primaresearch.org/PAGE/gts/pagecontent/2013-07-15/pagecontent.xsd">
    <Metadata>
        <Creator>prov=University of Rostock/Institute of Mathematics/CITlab|PLANET AI GmbH/Gundram Leifert/gundram.leifert@planet-ai.de:name=cod-LyXLXy-m2-withbase(htr_id=25980)::::v=2.6.6
prov=University of Rostock/Institute of Mathematics/CITlab|PLANET AI GmbH/Tobias Gruening/tobias.gruening@planet-ai.de:name=de.uros.citlab.module.baseline2polygon.B2PSeamMultiOriented:v=2.6.6
prov=University of Rostock/Institute of Mathematics/CITlab|PLANET AI GmbH/Tobias Gruening/tobias.gruening@planet-ai.de:name=/net_tf/LA73_249_0mod360.pb:de.uros.citlab.segmentation.CITlab_LA_ML:v=2.6.6
Transkribus</Creator>
        <Created>2020-08-11T01:43:25.599+02:00</Created>
        <LastChange>2020-09-05T00:07:55.911+02:00</LastChange>
        <TranskribusMetadata docId="449428" pageId="18338801" pageNr="191" tsid="39289350" status="IN_PROGRESS" userId="25065" imgUrl="https://files.transkribus.eu/Get?id=SRZKPTBOFJIXCETZTEYZJXNN&amp;fileType=view" xmlUrl="https://files.transkribus.eu/Get?id=MTUUSHSFCTIAWDQQUOBONDMZ" imageId="13970623"/>
    </Metadata>
    <Page imageFilename="190.jpg" imageWidth="2222" imageHeight="3070">
        <ReadingOrder>
            <OrderedGroup id="ro_1599307810247" caption="Regions reading order">
                <RegionRefIndexed index="0" regionRef="r2"/>
                <RegionRefIndexed index="1" regionRef="r3"/>
            </OrderedGroup>
        </ReadingOrder>
        <TextRegion orientation="0.0" id="r2" custom="readingOrder {index:0;}">
            <Coords points="182,165 182,2662 965,2662 965,165"/>
            <TextLine id="r2l3" custom="readingOrder {index:0;}">
                <Coords points="268,266 943,283 970,277 971,237 269,216"/>
                <Baseline points="273,249 307,252 342,254 376,257 411,258 446,260 480,260 515,261 549,261 584,262 619,263 653,263 688,263 722,264 757,264 792,266 826,266 861,266 895,267 930,269 965,270"/>
                <TextEquiv>
                    <Unicode>positorum. sicut sortes et plato sunt vnum specie.</Unicode>
                </TextEquiv>
            </TextLine>
            <TextLine id="r2l4" custom="readingOrder {index:1;}">
                <Coords points="253,311 940,324 965,322 966,279 254,268"/>
                <Baseline points="258,297 293,299 328,300 363,302 398,303 433,303 468,305 503,305 538,306 573,306 609,307 644,308 679,308 714,309 749,309 784,309 819,311 854,311 889,311 924,312 960,314"/>
                <TextEquiv>
                    <Unicode>⁋ Ad primum principale respondeo. quod hec est falsa</Unicode>
                </TextEquiv>
            </TextLine>
            <TextLine id="r2l5" custom="readingOrder {index:2;}">
                <Coords points="258,351 956,369 963,324 258,313"/>
                <Baseline points="263,342 297,344 332,345 367,347 401,347 436,348 471,348 505,350 540,350 575,350 610,351 644,351 679,351 714,351 748,353 783,353 818,354 852,354 887,356 922,357 957,359"/>
                <TextEquiv>
                    <Unicode>de virtute sermonis. homo vniversalis et homo particular</Unicode>
                </TextEquiv>
            </TextLine>
            <TextLine id="r2l6" custom="readingOrder {index:3;}">
                <Coords points="244,397 937,417 955,365 244,352"/>
                <Baseline points="249,386 284,387 319,389 354,390 389,391 424,392 459,393 494,393 529,394 564,395 599,395 634,395 669,396 704,396 739,396 774,398 809,398 844,398 879,399 914,401 950,402"/>
                <TextEquiv>
                    <Unicode>sunt vnum essentialiter. nec hoc intedit comen. sed in</Unicode>
                </TextEquiv>
            </TextLine>
            <TextLine id="r2l7" custom="readingOrder {index:4;}">
                <Coords points="247,441 953,458 954,414 896,407 248,403"/>
                <Baseline points="252,429 286,431 321,434 356,434 391,436 426,437 460,438 495,438 530,440 565,440 600,440 634,441 669,441 704,441 739,441 774,442 808,443 843,443 878,443 913,444 948,446"/>
                <TextEquiv>
                    <Unicode>tendit quod sunt vnum essentialiter. quia vnum essentialiter</Unicode>
                </TextEquiv>
            </TextLine>
            <TextLine id="r2l8" custom="readingOrder {index:5;}">
                <Coords points="249,492 952,506 953,458 250,439"/>
                <Baseline points="255,474 289,476 324,478 358,479 393,481 428,482 462,483 497,483 532,483 566,485 601,485 636,485 670,485 705,486 740,486 774,486 809,486 844,488 878,488 913,489 948,489"/>
                <TextEquiv>
                    <Unicode>praedicatur de reliquo et importat essentiam alterius</Unicode>
                </TextEquiv>
            </TextLine>
            <TextLine id="r2l9" custom="readingOrder {index:6;}">
                <Coords points="252,534 960,555 961,507 899,497 253,492"/>
                <Baseline points="257,519 293,521 330,522 367,524 404,524 440,525 477,526 514,527 551,528 588,528 624,528 661,530 698,530 735,531 772,531 808,531 845,533 882,533 919,533 956,534"/>
                <TextEquiv>
                    <Unicode>nec tamen est realiter de esentia alterius. ⁋ Ad secundum</Unicode>
                </TextEquiv>
            </TextLine>
            <TextLine id="r2l10" custom="readingOrder {index:7;}">
                <Coords points="243,575 913,597 950,590 951,555 244,532"/>
                <Baseline points="249,561 283,563 318,566 353,567 388,568 423,569 457,570 492,570 527,572 562,572 597,573 631,573 666,573 701,575 736,575 771,575 805,575 840,576 875,576 910,578 945,578"/>
                <TextEquiv>
                    <Unicode>dicendum quod vniversalia siue sint incorruptibilia siue no</Unicode>
                </TextEquiv>
            </TextLine>
            <TextLine id="r2l11" custom="readingOrder {index:8;}">
                <Coords points="241,618 931,639 950,599 242,574"/>
                <Baseline points="246,608 280,609 315,611 350,611 385,612 420,614 455,614 490,615 525,615 560,615 595,617 629,617 664,617 699,618 734,618 769,618 804,620 839,620 874,621 909,623 944,624"/>
                <TextEquiv>
                    <Unicode>sint res incorruptibiles. possunt tamen dici incorrup¬</Unicode>
                </TextEquiv>
            </TextLine>
            <TextLine id="r2l12" custom="readingOrder {index:9;}">
                <Coords points="238,665 888,685 943,675 944,632 239,623"/>
                <Baseline points="243,653 277,653 312,654 347,654 382,656 416,657 451,657 486,659 521,659 555,660 590,660 625,662 660,662 694,663 729,663 764,665 799,665 833,665 868,666 903,666 938,666"/>
                <TextEquiv>
                    <Unicode>tibilia. quia secundum intentionem philosophi de eis semper praedi¬</Unicode>
                </TextEquiv>
            </TextLine>
            <TextLine id="r2l13" custom="readingOrder {index:10;}">
                <Coords points="241,706 943,719 944,676 242,664"/>
                <Baseline points="246,698 280,698 315,699 349,699 384,701 419,701 453,702 488,702 522,704 557,704 592,705 626,705 661,707 695,707 730,707 765,708 799,710 834,710 868,711 903,711 938,711"/>
                <TextEquiv>
                    <Unicode>catur esse. ita quod huiusmodi semper est vera. homo est si propositi</Unicode>
                </TextEquiv>
            </TextLine>
            <TextLine id="r2l14" custom="readingOrder {index:11;}">
                <Coords points="229,754 941,762 940,730 871,722 229,709"/>
                <Baseline points="234,740 269,741 304,743 339,743 374,744 409,744 444,746 479,746 514,747 549,747 585,749 620,749 655,750 690,750 725,752 760,752 795,752 830,753 865,753 900,755 936,755"/>
                <TextEquiv>
                    <Unicode>illa formaretur. non sic autem esse semper praedicatur de</Unicode>
                </TextEquiv>
            </TextLine>
            <TextLine id="r2l15" custom="readingOrder {index:12;}">
                <Coords points="235,802 953,808 953,772 888,760 236,759"/>
                <Baseline points="240,783 275,785 310,786 346,787 381,788 417,789 452,790 487,791 523,792 558,792 594,794 629,794 664,795 700,795 735,797 771,797 806,798 841,798 877,799 912,800 948,800"/>
                <TextEquiv>
                    <Unicode>aliquo singulari sensibili secundum intetionem philosophi. quia</Unicode>
                </TextEquiv>
            </TextLine>
            <TextLine id="r2l16" custom="readingOrder {index:13;}">
                <Coords points="235,846 931,860 944,817 236,804"/>
                <Baseline points="240,830 274,831 309,831 344,833 379,834 414,834 449,834 484,836 519,836 554,837 589,837 623,839 658,839 693,840 728,840 763,842 798,842 833,843 868,843 903,845 938,845"/>
                <TextEquiv>
                    <Unicode>quocumque singulari demonstrato. hec est contin¬</Unicode>
                </TextEquiv>
            </TextLine>
            <TextLine id="line_1597578092189_665" custom="readingOrder {index:14;}">
                <Coords points="237,896 569,874 635,916 809,902 809,864 742,847 513,864 458,864 417,837 238,847"/>
                <Baseline points="242,879 267,877 292,876 317,876 343,877 368,878 393,879 418,880 444,881 627,884 652,882 677,882 702,883 728,884 753,885 778,886 804,887"/>
                <TextEquiv>
                    <Unicode>gens: hoc est. Questio. v.</Unicode>
                </TextEquiv>
            </TextLine>
            <TextLine id="r2l19" custom="readingOrder {index:15;}">
                <Coords points="442,983 747,967 796,985 950,987 950,896 880,899 857,918 712,898 671,919 588,894 540,912 442,893"/>
                <Baseline points="447,962 473,962 499,962 525,962 551,962 578,962 604,962 630,962 656,962 682,962 709,962 735,962 761,962 787,963 813,963 840,963 866,963 892,965 918,965 945,965"/>
                <TextEquiv>
                    <Unicode>Imilit circa idem</Unicode>
                </TextEquiv>
            </TextLine>
            <TextLine id="r2l20" custom="readingOrder {index:16;}">
                <Coords points="402,1028 771,1019 929,1036 929,987 770,992 697,971 667,987 618,972 583,987 563,974 423,987 403,971"/>
                <Baseline points="407,1011 432,1011 458,1011 484,1013 510,1013 536,1013 562,1013 587,1013 613,1013 639,1013 665,1013 691,1013 717,1014 743,1014 768,1014 794,1014 820,1016 846,1016 872,1017 898,1018 924,1019"/>
                <TextEquiv>
                    <Unicode> quero secundo Utrum vniversale et vniuocum</Unicode>
                </TextEquiv>
            </TextLine>
            <TextLine id="r2l21" custom="readingOrder {index:17;}">
                <Coords points="405,1064 634,1081 674,1066 938,1073 938,1037 842,1023 701,1037 405,1026"/>
                <Baseline points="410,1053 436,1054 462,1056 488,1056 514,1057 540,1058 566,1058 593,1058 619,1058 645,1058 671,1058 697,1058 723,1058 749,1058 776,1059 802,1059 828,1059 854,1061 880,1061 906,1063 933,1064"/>
                <TextEquiv>
                    <Unicode>sit vera res ex animam realiter distincta</Unicode>
                </TextEquiv>
            </TextLine>
            <TextLine id="r2l22" custom="readingOrder {index:18;}">
                <Coords points="421,1111 940,1120 940,1083 893,1068 799,1080 753,1065 681,1085 659,1068 639,1081 421,1070"/>
                <Baseline points="426,1097 451,1098 476,1098 502,1100 527,1100 553,1100 578,1101 604,1101 629,1101 655,1101 680,1101 705,1101 731,1101 756,1101 782,1102 807,1103 833,1103 858,1104 884,1104 909,1106 935,1107"/>
                <TextEquiv>
                    <Unicode>ab indiuiduo. in eo tamen realiter existens.</Unicode>
                </TextEquiv>
            </TextLine>
            <TextLine id="r2l23" custom="readingOrder {index:19;}">
                <Coords points="229,1143 934,1165 934,1120 845,1111 229,1111"/>
                <Baseline points="234,1137 268,1139 303,1140 338,1140 373,1140 407,1142 442,1142 477,1142 512,1143 546,1143 581,1143 616,1143 651,1145 685,1145 720,1145 755,1146 790,1146 824,1148 859,1148 894,1149 929,1149"/>
                <TextEquiv>
                    <Unicode>realiter multiplicata et variata. ⁋ Quod sic. Primo quod</Unicode>
                </TextEquiv>
            </TextLine>
            <TextLine id="r2l24" custom="readingOrder {index:20;}">
                <Coords points="217,1190 875,1211 929,1204 930,1166 218,1145"/>
                <Baseline points="222,1181 257,1182 292,1184 327,1184 362,1185 397,1185 432,1187 467,1187 502,1188 537,1188 573,1188 608,1190 643,1190 678,1190 713,1191 748,1191 783,1191 818,1191 853,1191 888,1192 924,1193"/>
                <TextEquiv>
                    <Unicode>sit res extra animam realiter distincta ab indiuiduo</Unicode>
                </TextEquiv>
            </TextLine>
            <TextLine id="r2l25" custom="readingOrder {index:21;}">
                <Coords points="229,1246 950,1242 950,1198 229,1196"/>
                <Baseline points="234,1226 269,1227 305,1228 340,1229 376,1230 411,1230 447,1230 482,1232 518,1232 553,1232 589,1232 625,1232 660,1233 696,1233 731,1233 767,1233 802,1234 838,1235 873,1235 909,1236 945,1238"/>
                <TextEquiv>
                    <Unicode>quia secundum consemeneie. vii. meth. commen. xlvi. vniversale non signifi¬</Unicode>
                </TextEquiv>
            </TextLine>
            <TextLine id="r2l26" custom="readingOrder {index:22;}">
                <Coords points="205,1274 635,1299 929,1286 927,1247 831,1239 772,1258 205,1245"/>
                <Baseline points="210,1272 245,1272 281,1272 317,1272 352,1274 388,1274 424,1274 459,1275 495,1275 531,1275 567,1277 602,1277 638,1277 674,1278 709,1278 745,1278 781,1280 816,1280 852,1280 888,1280 924,1280"/>
                <TextEquiv>
                    <Unicode>cat substantiam nisi substantiam quam significat pars. ergo res si¬</Unicode>
                </TextEquiv>
            </TextLine>
            <TextLine id="r2l27" custom="readingOrder {index:23;}">
                <Coords points="207,1329 914,1342 941,1327 942,1279 838,1302 208,1291"/>
                <Baseline points="213,1316 249,1316 285,1317 321,1317 357,1317 393,1319 429,1319 466,1319 502,1320 538,1320 574,1320 610,1322 646,1322 682,1322 719,1323 755,1323 791,1323 827,1323 863,1323 899,1323 936,1325"/>
                <TextEquiv>
                    <Unicode>gnificata per vniversale est pars. sed pars realiter distinguitur.</Unicode>
                </TextEquiv>
            </TextLine>
            <TextLine id="r2l28" custom="readingOrder {index:24;}">
                <Coords points="204,1370 906,1385 935,1380 936,1327 870,1345 336,1320 205,1335"/>
                <Baseline points="210,1356 246,1358 282,1359 318,1361 354,1361 390,1362 426,1364 462,1364 498,1364 534,1365 570,1365 606,1365 642,1365 678,1365 714,1367 750,1367 786,1367 822,1368 858,1368 894,1370 930,1371"/>
                <TextEquiv>
                    <Unicode>a toto. ergo etc. Quod autem sit multiplicata et variatam</Unicode>
                </TextEquiv>
            </TextLine>
            <TextLine id="r2l29" custom="readingOrder {index:25;}">
                <Coords points="201,1420 929,1417 929,1388 891,1378 202,1374"/>
                <Baseline points="207,1404 242,1404 278,1406 314,1406 350,1406 386,1406 422,1407 457,1407 493,1407 529,1409 565,1409 601,1409 637,1409 673,1410 708,1410 744,1410 780,1410 816,1410 852,1410 888,1410 924,1410"/>
                <TextEquiv>
                    <Unicode>patet per idem. quia pars variatur ad variationem totius cuius</Unicode>
                </TextEquiv>
            </TextLine>
            <TextLine id="r2l30" custom="readingOrder {index:26;}">
                <Coords points="205,1453 926,1468 927,1426 863,1419 206,1418"/>
                <Baseline points="210,1445 245,1446 281,1448 316,1449 352,1449 387,1451 423,1451 458,1452 494,1452 529,1452 565,1454 601,1454 636,1454 672,1454 707,1455 743,1455 778,1455 814,1455 849,1455 885,1457 921,1457"/>
                <TextEquiv>
                    <Unicode>est pars. et hoc si simul sit pars multorum totorum. ⁋ Ad </Unicode>
                </TextEquiv>
            </TextLine>
            <TextLine id="r2l31" custom="readingOrder {index:27;}">
                <Coords points="211,1505 932,1514 932,1465 211,1462"/>
                <Baseline points="216,1490 251,1491 287,1493 322,1493 358,1494 393,1494 429,1496 464,1496 500,1496 535,1496 571,1497 607,1497 642,1497 678,1497 713,1499 749,1499 784,1499 820,1500 855,1500 891,1502 927,1502"/>
                <TextEquiv>
                    <Unicode>oppositum. omnis res extra animam distincta ab indi</Unicode>
                </TextEquiv>
            </TextLine>
            <TextLine id="r2l32" custom="readingOrder {index:28;}">
                <Coords points="202,1542 925,1563 926,1522 202,1499"/>
                <Baseline points="207,1535 242,1536 278,1536 314,1537 349,1538 385,1539 421,1539 456,1539 492,1541 528,1541 564,1541 599,1542 635,1542 671,1542 706,1544 742,1544 778,1544 813,1545 849,1545 885,1545 921,1547"/>
                <TextEquiv>
                    <Unicode>uiduo. in eo tamen realiter existens. realiter multiplicata</Unicode>
                </TextEquiv>
            </TextLine>
            <TextLine id="r2l33" custom="readingOrder {index:29;}">
                <Coords points="211,1585 920,1606 920,1572 867,1556 212,1550"/>
                <Baseline points="216,1577 252,1578 289,1580 326,1581 363,1583 399,1583 436,1584 473,1584 510,1586 547,1586 583,1586 620,1586 657,1586 694,1587 731,1587 767,1587 804,1588 841,1589 878,1590 915,1590"/>
                <TextEquiv>
                    <Unicode>et variata est pars eius essentialis vel accidens eius.</Unicode>
                </TextEquiv>
            </TextLine>
            <TextLine id="r2l34" custom="readingOrder {index:30;}">
                <Coords points="205,1634 917,1652 918,1606 853,1595 206,1589"/>
                <Baseline points="210,1622 245,1622 280,1623 315,1623 350,1625 385,1626 420,1626 455,1626 490,1628 525,1628 561,1628 596,1629 631,1629 666,1629 701,1631 736,1631 771,1631 806,1632 841,1632 876,1633 912,1634"/>
                <TextEquiv>
                    <Unicode>sed inter totum et partem. similiter inter subiectum et suum</Unicode>
                </TextEquiv>
            </TextLine>
            <TextLine id="r2l35" custom="readingOrder {index:31;}">
                <Coords points="192,1673 929,1693 929,1648 857,1642 192,1637"/>
                <Baseline points="197,1665 233,1667 269,1667 306,1667 342,1668 378,1668 415,1670 451,1670 487,1670 524,1671 560,1671 596,1672 633,1673 669,1673 705,1673 742,1674 778,1674 814,1674 851,1674 887,1676 924,1676"/>
                <TextEquiv>
                    <Unicode>accidens est talis proportio. quod si vnum sit singulare.</Unicode>
                </TextEquiv>
            </TextLine>
            <TextLine id="r2l36" custom="readingOrder {index:32;}">
                <Coords points="202,1715 919,1741 920,1696 202,1675"/>
                <Baseline points="207,1709 242,1709 277,1710 313,1710 348,1712 384,1712 419,1713 454,1713 490,1713 525,1715 561,1715 596,1715 631,1716 667,1716 702,1716 738,1718 773,1718 808,1719 844,1719 879,1719 915,1721"/>
                <TextEquiv>
                    <Unicode>reliquum erit singulare. ergo omnis talis res est vere sin</Unicode>
                </TextEquiv>
            </TextLine>
            <TextLine id="r2l37" custom="readingOrder {index:33;}">
                <Coords points="204,1770 897,1776 916,1774 917,1738 205,1719"/>
                <Baseline points="210,1754 245,1754 280,1755 315,1755 350,1755 385,1755 420,1757 455,1757 490,1758 525,1758 561,1759 596,1760 631,1760 666,1761 701,1761 736,1763 771,1763 806,1763 841,1763 876,1763 912,1763"/>
                <TextEquiv>
                    <Unicode>gularis. et per consequens non est vniversalis ⁋ Ad quaonem est vna</Unicode>
                </TextEquiv>
            </TextLine>
            <TextLine id="r2l38" custom="readingOrder {index:34;}">
                <Coords points="199,1806 911,1825 903,1772 199,1771"/>
                <Baseline points="204,1799 239,1799 274,1799 309,1800 344,1800 379,1800 414,1800 449,1802 484,1802 519,1802 555,1803 590,1803 625,1804 660,1805 695,1805 730,1806 765,1806 800,1806 835,1808 870,1808 906,1808"/>
                <TextEquiv>
                    <Unicode>opinio quae imponitur doctori subtili a quaibusdam. sicut</Unicode>
                </TextEquiv>
            </TextLine>
            <TextLine id="r2l39" custom="readingOrder {index:35;}">
                <Coords points="202,1850 809,1873 916,1855 916,1824 891,1820 203,1807"/>
                <Baseline points="207,1841 242,1842 277,1842 312,1842 347,1843 383,1844 418,1845 453,1845 488,1847 523,1847 559,1848 594,1848 629,1849 664,1850 699,1850 735,1850 770,1851 805,1850 840,1850 875,1850 911,1848"/>
                <TextEquiv>
                    <Unicode>ab aliis opinio recitata et improbata in prece¬</Unicode>
                </TextEquiv>
            </TextLine>
            <TextLine id="r2l40" custom="readingOrder {index:36;}">
                <Coords points="192,1891 909,1911 917,1866 192,1860"/>
                <Baseline points="197,1886 232,1886 268,1886 304,1886 340,1886 375,1887 411,1887 447,1889 483,1889 518,1890 554,1891 590,1892 626,1893 661,1893 697,1895 733,1895 769,1895 804,1896 840,1896 876,1895 912,1895"/>
                <TextEquiv>
                    <Unicode>dente quaone sibi imponitur. Et est opinio quod vniversale est</Unicode>
                </TextEquiv>
            </TextLine>
            <TextLine id="r2l41" custom="readingOrder {index:37;}">
                <Coords points="198,1939 871,1954 917,1947 918,1911 199,1895"/>
                <Baseline points="203,1929 238,1929 273,1931 309,1931 344,1932 380,1932 415,1932 451,1934 486,1934 522,1934 557,1935 592,1935 628,1935 663,1937 699,1937 734,1937 770,1938 805,1938 841,1938 876,1940 912,1940"/>
                <TextEquiv>
                    <Unicode>vera res ex animam distincta realiter ab vna differentia</Unicode>
                </TextEquiv>
            </TextLine>
            <TextLine id="r2l42" custom="readingOrder {index:38;}">
                <Coords points="189,1989 913,2002 904,1947 190,1938"/>
                <Baseline points="194,1973 229,1973 265,1974 301,1974 336,1975 372,1976 408,1976 443,1977 479,1977 515,1979 551,1979 586,1980 622,1980 658,1982 693,1982 729,1982 765,1983 800,1983 836,1983 872,1983 908,1983"/>
                <TextEquiv>
                    <Unicode>contrabente. realiter tamen multiplicata et variata per talem</Unicode>
                </TextEquiv>
            </TextLine>
            <TextLine id="r2l43" custom="readingOrder {index:39;}">
                <Coords points="202,2028 901,2040 902,2004 203,1984"/>
                <Baseline points="207,2018 241,2018 275,2018 310,2019 344,2019 379,2019 413,2020 448,2021 482,2021 517,2022 551,2022 585,2024 620,2024 654,2025 689,2025 723,2027 758,2027 792,2027 827,2027 861,2028 896,2028"/>
                <TextEquiv>
                    <Unicode>prfram contrahentem. Sed ista opinio videtur esse sim¬</Unicode>
                </TextEquiv>
            </TextLine>
            <TextLine id="r2l44" custom="readingOrder {index:40;}">
                <Coords points="193,2077 901,2082 902,2039 194,2037"/>
                <Baseline points="198,2064 232,2063 267,2063 302,2063 337,2064 372,2064 407,2064 442,2064 477,2066 512,2066 547,2067 581,2067 616,2069 651,2069 686,2070 721,2070 756,2072 791,2072 826,2072 861,2073 896,2073"/>
                <TextEquiv>
                    <Unicode>plicitur falsa. quia res realiter distincta ab alia re. se</Unicode>
                </TextEquiv>
            </TextLine>
            <TextLine id="r2l45" custom="readingOrder {index:41;}">
                <Coords points="192,2120 854,2133 892,2127 893,2082 193,2076"/>
                <Baseline points="198,2106 232,2106 267,2106 301,2106 336,2108 370,2108 405,2108 439,2109 474,2109 508,2110 543,2111 577,2112 612,2112 646,2113 681,2114 715,2115 750,2115 784,2115 819,2115 853,2117 888,2117"/>
                <TextEquiv>
                    <Unicode>ipsa vel per aliquid sibi intrinsecum distinguitur ab</Unicode>
                </TextEquiv>
            </TextLine>
            <TextLine id="r2l46" custom="readingOrder {index:42;}">
                <Coords points="194,2156 902,2172 885,2124 195,2123"/>
                <Baseline points="200,2151 234,2150 269,2150 304,2150 339,2150 374,2151 409,2151 443,2151 478,2153 513,2153 548,2154 583,2156 618,2156 653,2157 687,2159 722,2159 757,2160 792,2160 827,2160 862,2162 897,2162"/>
                <TextEquiv>
                    <Unicode>eadam re. sed humanitas quae est in sorte secundum istam opi¬</Unicode>
                </TextEquiv>
            </TextLine>
            <TextLine id="r2l47" custom="readingOrder {index:43;}">
                <Coords points="186,2202 714,2222 770,2203 796,2223 893,2215 894,2178 187,2163"/>
                <Baseline points="191,2195 225,2193 260,2193 295,2193 330,2194 365,2195 400,2195 434,2195 469,2196 504,2198 539,2198 574,2199 609,2199 644,2201 678,2201 713,2202 748,2204 783,2204 818,2205 853,2205 888,2207"/>
                <TextEquiv>
                    <Unicode>nionem realiter distinguit ab humanitate que est in</Unicode>
                </TextEquiv>
            </TextLine>
            <TextLine id="r2l48" custom="readingOrder {index:44;}">
                <Coords points="196,2254 901,2262 901,2222 878,2214 196,2205"/>
                <Baseline points="201,2238 235,2238 270,2239 305,2240 340,2240 374,2240 409,2241 444,2241 479,2242 513,2243 548,2243 583,2244 618,2244 652,2245 687,2246 722,2246 757,2247 791,2247 826,2249 861,2249 896,2250"/>
                <TextEquiv>
                    <Unicode>platone. ergo seipsa vel per aliquid intrinsecum distin¬</Unicode>
                </TextEquiv>
            </TextLine>
            <TextLine id="r2l49" custom="readingOrder {index:45;}">
                <Coords points="181,2295 746,2292 836,2311 891,2303 892,2267 181,2257"/>
                <Baseline points="186,2282 221,2282 256,2283 291,2283 326,2284 361,2285 396,2285 431,2286 466,2286 501,2287 536,2288 571,2288 606,2289 641,2289 676,2291 711,2291 746,2292 781,2292 816,2293 851,2294 887,2295"/>
                <TextEquiv>
                    <Unicode>guitur ab ea. ergo circumscriptums differentiis contrahentibus</Unicode>
                </TextEquiv>
            </TextLine>
            <TextLine id="r2l50" custom="readingOrder {index:46;}">
                <Coords points="189,2332 890,2355 891,2302 190,2296"/>
                <Baseline points="194,2325 228,2325 263,2327 297,2327 332,2327 366,2328 401,2328 435,2330 470,2330 504,2331 539,2331 574,2333 608,2333 643,2334 677,2334 712,2336 746,2336 781,2337 815,2337 850,2337 885,2339"/>
                <TextEquiv>
                    <Unicode>iste bumanitates distinguuntur. sed non distinguuntur</Unicode>
                </TextEquiv>
            </TextLine>
            <TextLine id="r2l51" custom="readingOrder {index:47;}">
                <Coords points="186,2379 895,2396 895,2355 844,2349 187,2334"/>
                <Baseline points="191,2370 227,2370 264,2372 301,2372 338,2373 374,2373 411,2375 448,2375 485,2376 522,2376 558,2378 595,2378 632,2379 669,2379 706,2379 742,2381 779,2381 816,2381 853,2382 890,2382"/>
                <TextEquiv>
                    <Unicode>specie. ergo numeraliter. ergo vtraque ipsarum se ipsa sine</Unicode>
                </TextEquiv>
            </TextLine>
            <TextLine id="r2l52" custom="readingOrder {index:48;}">
                <Coords points="188,2425 901,2444 902,2400 877,2385 189,2383"/>
                <Baseline points="194,2415 229,2415 264,2415 299,2417 334,2417 369,2418 404,2418 439,2418 474,2420 509,2420 545,2421 580,2421 615,2423 650,2424 685,2424 720,2424 755,2426 790,2426 825,2426 860,2427 896,2427"/>
                <TextEquiv>
                    <Unicode>ifferentia phbente est vna numero et singularis. Et si dicitur</Unicode>
                </TextEquiv>
            </TextLine>
            <TextLine id="r2l53" custom="readingOrder {index:49;}">
                <Coords points="189,2473 729,2475 821,2497 886,2477 887,2433 794,2450 190,2425"/>
                <Baseline points="194,2459 228,2459 262,2459 297,2460 331,2460 365,2462 400,2462 434,2463 468,2463 503,2465 537,2466 571,2466 606,2468 640,2468 674,2469 709,2470 743,2471 777,2472 812,2472 846,2472 881,2472"/>
                <TextEquiv>
                    <Unicode>viste humanitates non sunt per se in specie. quia praecise</Unicode>
                </TextEquiv>
            </TextLine>
            <TextLine id="r2l54" custom="readingOrder {index:50;}">
                <Coords points="185,2512 735,2519 792,2538 894,2530 895,2492 186,2471"/>
                <Baseline points="191,2501 227,2502 264,2502 301,2504 338,2504 374,2505 411,2507 448,2508 485,2508 522,2510 558,2511 595,2511 632,2513 669,2514 706,2514 742,2514 779,2516 816,2516 853,2516 890,2516"/>
                <TextEquiv>
                    <Unicode>indiuidua non sunt per se in specie. et ideo seipsis no</Unicode>
                </TextEquiv>
            </TextLine>
            <TextLine id="r2l55" custom="readingOrder {index:51;}">
                <Coords points="177,2558 847,2577 886,2574 887,2529 178,2509"/>
                <Baseline points="182,2547 218,2547 255,2547 292,2548 329,2549 365,2549 402,2550 439,2551 476,2552 513,2553 549,2554 586,2555 623,2556 660,2558 697,2558 733,2559 770,2559 807,2561 844,2561 881,2561"/>
                <TextEquiv>
                    <Unicode>distinguuntur numeraliter. hoc nihil est. quia quamuis forme</Unicode>
                </TextEquiv>
            </TextLine>
            <TextLine id="r2l56" custom="readingOrder {index:52;}">
                <Coords points="177,2596 884,2613 867,2576 178,2561"/>
                <Baseline points="182,2591 216,2591 251,2592 286,2592 321,2594 356,2595 391,2595 425,2597 460,2597 495,2598 530,2598 565,2600 600,2600 635,2601 669,2601 704,2602 739,2603 774,2604 809,2604 844,2606 879,2606"/>
                <TextEquiv>
                    <Unicode>non sint per se in specie. sed tantum composita. tamen vere due</Unicode>
                </TextEquiv>
            </TextLine>
            <TextLine id="r2l57" custom="readingOrder {index:53;}">
                <Coords points="183,2653 874,2672 893,2612 185,2598"/>
                <Baseline points="189,2634 223,2636 258,2637 293,2638 328,2639 363,2640 398,2642 433,2642 468,2643 503,2643 538,2645 572,2645 607,2645 642,2646 677,2646 712,2648 747,2648 782,2649 817,2649 852,2651 887,2652"/>
                <TextEquiv>
                    <Unicode>forme etiam materiis circuscriptis distinguuntur</Unicode>
                </TextEquiv>
            </TextLine>
            <TextEquiv>
                <Unicode>positorum. sicut sortes et plato sunt vnum specie.
⁋ Ad primum principale respondeo. quod hec est falsa
de virtute sermonis. homo vniversalis et homo particular
sunt vnum essentialiter. nec hoc intedit comen. sed in
tendit quod sunt vnum essentialiter. quia vnum essentialiter
praedicatur de reliquo et importat essentiam alterius
nec tamen est realiter de esentia alterius. ⁋ Ad secundum
dicendum quod vniversalia siue sint incorruptibilia siue no
sint res incorruptibiles. possunt tamen dici incorrup¬
tibilia. quia secundum intentionem philosophi de eis semper praedi¬
catur esse. ita quod huiusmodi semper est vera. homo est si propositi
illa formaretur. non sic autem esse semper praedicatur de
aliquo singulari sensibili secundum intetionem philosophi. quia
quocumque singulari demonstrato. hec est contin¬
gens: hoc est. Questio. v.
Imilit circa idem
 quero secundo Utrum vniversale et vniuocum
sit vera res ex animam realiter distincta
ab indiuiduo. in eo tamen realiter existens.
realiter multiplicata et variata. ⁋ Quod sic. Primo quod
sit res extra animam realiter distincta ab indiuiduo
quia secundum consemeneie. vii. meth. commen. xlvi. vniversale non signifi¬
cat substantiam nisi substantiam quam significat pars. ergo res si¬
gnificata per vniversale est pars. sed pars realiter distinguitur.
a toto. ergo etc. Quod autem sit multiplicata et variatam
patet per idem. quia pars variatur ad variationem totius cuius
est pars. et hoc si simul sit pars multorum totorum. ⁋ Ad 
oppositum. omnis res extra animam distincta ab indi
uiduo. in eo tamen realiter existens. realiter multiplicata
et variata est pars eius essentialis vel accidens eius.
sed inter totum et partem. similiter inter subiectum et suum
accidens est talis proportio. quod si vnum sit singulare.
reliquum erit singulare. ergo omnis talis res est vere sin
gularis. et per consequens non est vniversalis ⁋ Ad quaonem est vna
opinio quae imponitur doctori subtili a quaibusdam. sicut
ab aliis opinio recitata et improbata in prece¬
dente quaone sibi imponitur. Et est opinio quod vniversale est
vera res ex animam distincta realiter ab vna differentia
contrabente. realiter tamen multiplicata et variata per talem
prfram contrahentem. Sed ista opinio videtur esse sim¬
plicitur falsa. quia res realiter distincta ab alia re. se
ipsa vel per aliquid sibi intrinsecum distinguitur ab
eadam re. sed humanitas quae est in sorte secundum istam opi¬
nionem realiter distinguit ab humanitate que est in
platone. ergo seipsa vel per aliquid intrinsecum distin¬
guitur ab ea. ergo circumscriptums differentiis contrahentibus
iste bumanitates distinguuntur. sed non distinguuntur
specie. ergo numeraliter. ergo vtraque ipsarum se ipsa sine
ifferentia phbente est vna numero et singularis. Et si dicitur
viste humanitates non sunt per se in specie. quia praecise
indiuidua non sunt per se in specie. et ideo seipsis no
distinguuntur numeraliter. hoc nihil est. quia quamuis forme
non sint per se in specie. sed tantum composita. tamen vere due
forme etiam materiis circuscriptis distinguuntur</Unicode>
            </TextEquiv>
        </TextRegion>
        <TextRegion orientation="0.0" id="r3" custom="readingOrder {index:1;}">
            <Coords points="996,183 996,2674 1788,2674 1788,183"/>
            <TextLine id="r3l3" custom="readingOrder {index:0;}">
                <Coords points="1074,284 1768,302 1793,299 1795,244 1413,257 1349,231 1076,227"/>
                <Baseline points="1080,269 1115,270 1150,271 1186,273 1221,275 1257,275 1292,276 1327,278 1363,278 1398,279 1434,279 1469,281 1504,281 1540,282 1575,282 1611,284 1646,284 1681,285 1717,285 1752,287 1788,287"/>
                <TextEquiv>
                    <Unicode>numeraliter ⁋ Unde due anime separate numeraliter</Unicode>
                </TextEquiv>
            </TextLine>
            <TextLine id="r3l4" custom="readingOrder {index:1;}">
                <Coords points="1072,327 1792,343 1780,294 1073,285"/>
                <Baseline points="1077,314 1112,315 1148,317 1183,318 1219,320 1254,320 1290,321 1325,323 1361,323 1396,324 1432,325 1468,326 1503,326 1539,327 1574,327 1610,327 1645,329 1681,329 1716,330 1752,332 1788,332"/>
                <TextEquiv>
                    <Unicode>distinguuntur. ergo non obstante quod iste humanitates</Unicode>
                </TextEquiv>
            </TextLine>
            <TextLine id="r3l5" custom="readingOrder {index:2;}">
                <Coords points="1087,370 1786,383 1786,348 1719,335 1607,349 1088,324"/>
                <Baseline points="1092,359 1126,360 1160,362 1195,363 1229,363 1264,365 1298,366 1333,366 1367,368 1402,369 1436,369 1470,371 1505,371 1539,372 1574,372 1608,372 1643,374 1677,374 1712,374 1746,375 1781,375"/>
                <TextEquiv>
                    <Unicode>ortis et platonis non sint per se in specie. tamen nume¬</Unicode>
                </TextEquiv>
            </TextLine>
            <TextLine id="r3l6" custom="readingOrder {index:3;}">
                <Coords points="1068,419 1140,405 1232,428 1323,413 1724,439 1781,428 1783,382 1069,376"/>
                <Baseline points="1074,404 1109,405 1144,405 1179,407 1214,408 1249,409 1284,410 1319,411 1354,411 1389,413 1425,414 1460,415 1495,416 1530,416 1565,417 1600,418 1635,419 1670,420 1705,420 1740,422 1776,422"/>
                <TextEquiv>
                    <Unicode>raliter distinguuntur circumscriptis quibuscumque realiter</Unicode>
                </TextEquiv>
            </TextLine>
            <TextLine id="r3l7" custom="readingOrder {index:4;}">
                <Coords points="1069,458 1690,482 1769,477 1770,441 1070,419"/>
                <Baseline points="1074,446 1108,447 1143,449 1177,450 1212,452 1246,453 1281,453 1315,455 1350,456 1384,456 1419,458 1453,458 1488,459 1522,459 1557,461 1591,461 1626,462 1660,463 1695,464 1729,465 1764,467"/>
                <TextEquiv>
                    <Unicode>differentibus ⁋ Et si dicitur quod iste humanitates no</Unicode>
                </TextEquiv>
            </TextLine>
            <TextLine id="r3l8" custom="readingOrder {index:5;}">
                <Coords points="1074,504 1763,529 1765,474 1076,463"/>
                <Baseline points="1080,491 1113,492 1147,494 1181,495 1215,495 1249,497 1283,498 1317,498 1351,500 1385,500 1419,501 1452,501 1486,502 1520,503 1554,504 1588,505 1622,506 1656,507 1690,509 1724,511 1758,512"/>
                <TextEquiv>
                    <Unicode>distinguuntur nisi per differentia contrahentes. ⁋ Contra hunc</Unicode>
                </TextEquiv>
            </TextLine>
            <TextLine id="r3l9" custom="readingOrder {index:6;}">
                <Coords points="1063,550 1728,574 1768,566 1769,528 1064,501"/>
                <Baseline points="1068,536 1102,537 1137,538 1172,539 1207,540 1241,540 1276,542 1311,542 1346,543 1380,543 1415,545 1450,545 1485,546 1519,546 1554,548 1589,548 1624,549 1658,551 1693,552 1728,553 1763,555"/>
                <TextEquiv>
                    <Unicode>nitas sortum per te realis distinguitur a differentia contrhbente</Unicode>
                </TextEquiv>
            </TextLine>
            <TextLine id="r3l10" custom="readingOrder {index:7;}">
                <Coords points="1069,595 1655,598 1723,617 1777,607 1778,564 1070,547"/>
                <Baseline points="1074,581 1108,582 1143,583 1178,584 1213,585 1248,585 1283,587 1318,587 1353,588 1388,588 1423,588 1457,590 1492,590 1527,591 1562,592 1597,593 1632,594 1667,595 1702,596 1737,599 1772,600"/>
                <TextEquiv>
                    <Unicode>illam humanitatem. aut ergo seipsa realiter distinguitur.</Unicode>
                </TextEquiv>
            </TextLine>
            <TextLine id="r3l11" custom="readingOrder {index:8;}">
                <Coords points="1062,631 1768,654 1769,607 1063,590"/>
                <Baseline points="1067,624 1101,626 1136,628 1171,629 1206,630 1241,630 1275,632 1310,632 1345,632 1380,633 1415,633 1449,633 1484,635 1519,635 1554,635 1589,636 1623,638 1658,639 1693,641 1728,642 1763,645"/>
                <TextEquiv>
                    <Unicode>aut per illud conthens. Non per ipsum contrahens. quia ni¬</Unicode>
                </TextEquiv>
            </TextLine>
            <TextLine id="r3l12" custom="readingOrder {index:9;}">
                <Coords points="1059,680 1770,705 1781,661 1060,632"/>
                <Baseline points="1064,669 1099,669 1135,671 1170,672 1206,672 1241,674 1277,674 1312,675 1348,675 1383,677 1419,677 1455,678 1490,678 1526,680 1561,680 1597,681 1632,683 1668,684 1703,686 1739,687 1775,689"/>
                <TextEquiv>
                    <Unicode>hil distinguitur ab a per ipsum a. sed magis est idem</Unicode>
                </TextEquiv>
            </TextLine>
            <TextLine id="r3l13" custom="readingOrder {index:10;}">
                <Coords points="1056,727 1780,744 1781,700 1058,679"/>
                <Baseline points="1062,713 1097,714 1133,716 1168,716 1204,717 1240,717 1275,719 1311,720 1347,720 1382,722 1418,722 1454,723 1489,723 1525,725 1561,725 1596,726 1632,728 1668,729 1703,730 1739,732 1775,734"/>
                <TextEquiv>
                    <Unicode>ipsi a par a. ergo humanitas seipsa distinguitur a</Unicode>
                </TextEquiv>
            </TextLine>
            <TextLine id="r3l14" custom="readingOrder {index:11;}">
                <Coords points="1055,769 1737,792 1766,784 1767,749 1056,727"/>
                <Baseline points="1061,756 1096,758 1131,759 1166,761 1201,761 1236,762 1271,762 1306,764 1341,765 1376,765 1411,766 1446,767 1481,767 1516,768 1551,769 1586,770 1621,771 1656,772 1691,773 1726,774 1761,776"/>
                <TextEquiv>
                    <Unicode>differentia contrahente. ergo sunt hic due res re</Unicode>
                </TextEquiv>
            </TextLine>
            <TextLine id="r3l15" custom="readingOrder {index:12;}">
                <Coords points="1047,808 1768,824 1768,784 1048,770"/>
                <Baseline points="1052,801 1087,802 1123,803 1158,804 1194,806 1229,806 1265,807 1300,808 1336,809 1371,809 1407,810 1443,810 1478,812 1514,812 1549,813 1585,814 1620,815 1656,816 1691,817 1727,818 1763,821"/>
                <TextEquiv>
                    <Unicode>aliter distincte seipsis. sed hoc non est possibile. ni¬</Unicode>
                </TextEquiv>
            </TextLine>
            <TextLine id="r3l16" custom="readingOrder {index:13;}">
                <Coords points="1051,855 1721,878 1759,875 1760,831 1052,810"/>
                <Baseline points="1056,845 1090,846 1125,848 1160,849 1195,851 1230,851 1265,851 1300,852 1335,853 1370,854 1405,854 1439,855 1474,855 1509,856 1544,857 1579,858 1614,859 1649,860 1684,861 1719,863 1754,864"/>
                <TextEquiv>
                    <Unicode>si vtraque sit vna numero. ergo humanitas illa di¬</Unicode>
                </TextEquiv>
            </TextLine>
            <TextLine id="r3l17" custom="readingOrder {index:14;}">
                <Coords points="1048,906 1697,923 1759,918 1760,875 1049,859"/>
                <Baseline points="1053,890 1088,891 1123,893 1158,894 1193,895 1228,896 1263,896 1298,897 1333,897 1368,897 1403,899 1438,899 1473,900 1508,900 1543,901 1578,902 1613,903 1648,905 1683,905 1718,907 1754,909"/>
                <TextEquiv>
                    <Unicode>stincta realiter ab illa differentia contrahente est</Unicode>
                </TextEquiv>
            </TextLine>
            <TextLine id="r3l18" custom="readingOrder {index:15;}">
                <Coords points="1051,948 1765,959 1766,915 1052,907"/>
                <Baseline points="1056,935 1091,936 1126,937 1161,938 1196,939 1232,941 1267,941 1302,941 1337,942 1372,942 1408,944 1443,944 1478,945 1513,945 1548,947 1584,947 1619,948 1654,948 1689,950 1724,951 1760,953"/>
                <TextEquiv>
                    <Unicode>vna numero. ergo et numeraliter distincta. ergo non</Unicode>
                </TextEquiv>
            </TextLine>
            <TextLine id="r3l19" custom="readingOrder {index:16;}">
                <Coords points="1050,986 1759,1016 1743,964 1051,952"/>
                <Baseline points="1055,978 1091,980 1128,981 1165,983 1202,983 1238,984 1275,986 1312,986 1349,987 1386,987 1422,988 1459,989 1496,989 1533,990 1570,991 1606,992 1643,993 1680,995 1717,997 1754,999"/>
                <TextEquiv>
                    <Unicode>est hec vna numero per illam differentiam contahentem. sed per</Unicode>
                </TextEquiv>
            </TextLine>
            <TextLine id="r3l20" custom="readingOrder {index:17;}">
                <Coords points="1042,1038 1723,1056 1748,1051 1749,1016 1043,989"/>
                <Baseline points="1047,1022 1081,1023 1116,1025 1151,1026 1186,1028 1221,1028 1255,1029 1290,1031 1325,1031 1360,1032 1395,1032 1429,1033 1464,1034 1499,1034 1534,1035 1569,1036 1603,1037 1638,1038 1673,1040 1708,1040 1743,1043"/>
                <TextEquiv>
                    <Unicode>seipsam. Similiter quando aliquid seipso realiter distinguitur</Unicode>
                </TextEquiv>
            </TextLine>
            <TextLine id="r3l21" custom="readingOrder {index:18;}">
                <Coords points="1044,1081 1756,1104 1757,1053 1736,1050 1045,1037"/>
                <Baseline points="1050,1067 1085,1068 1120,1069 1155,1070 1190,1071 1225,1072 1260,1073 1295,1074 1330,1074 1365,1076 1400,1076 1435,1077 1470,1078 1505,1079 1540,1080 1575,1080 1610,1082 1645,1083 1680,1083 1715,1085 1751,1086"/>
                <TextEquiv>
                    <Unicode>ab aliquo sibi extrinseco. eadem ratione distingui¬</Unicode>
                </TextEquiv>
            </TextLine>
            <TextLine id="r3l22" custom="readingOrder {index:19;}">
                <Coords points="1038,1121 1749,1142 1750,1100 1643,1089 1039,1086"/>
                <Baseline points="1043,1110 1078,1111 1113,1112 1148,1113 1183,1115 1218,1116 1253,1117 1288,1118 1323,1119 1358,1119 1394,1120 1429,1121 1464,1122 1499,1123 1534,1124 1569,1124 1604,1125 1639,1127 1674,1128 1709,1129 1745,1131"/>
                <TextEquiv>
                    <Unicode>tur seipso ab alio sibi extrinseco. ergo si humanitas</Unicode>
                </TextEquiv>
            </TextLine>
            <TextLine id="r3l23" custom="readingOrder {index:20;}">
                <Coords points="1032,1162 1741,1186 1724,1140 1033,1128"/>
                <Baseline points="1037,1154 1072,1155 1107,1157 1142,1158 1177,1160 1212,1160 1247,1161 1282,1161 1317,1163 1352,1163 1387,1164 1422,1164 1457,1165 1492,1166 1527,1167 1562,1167 1597,1169 1632,1170 1667,1171 1702,1173 1737,1175"/>
                <TextEquiv>
                    <Unicode>sortis seipsa realiter distinguitur a differentia contra</Unicode>
                </TextEquiv>
            </TextLine>
            <TextLine id="r3l24" custom="readingOrder {index:21;}">
                <Coords points="1036,1209 1741,1237 1742,1192 1708,1181 1037,1163"/>
                <Baseline points="1041,1199 1075,1200 1110,1200 1145,1202 1180,1202 1215,1203 1249,1203 1284,1205 1319,1206 1354,1207 1389,1208 1423,1209 1458,1209 1493,1211 1528,1212 1563,1212 1597,1214 1632,1215 1667,1215 1702,1217 1737,1217"/>
                <TextEquiv>
                    <Unicode>hente. eadem ratione seipsa distinguitur realiter ab hu¬</Unicode>
                </TextEquiv>
            </TextLine>
            <TextLine id="r3l25" custom="readingOrder {index:22;}">
                <Coords points="1044,1251 1750,1276 1751,1236 1688,1223 1046,1212"/>
                <Baseline points="1050,1241 1084,1242 1119,1244 1154,1245 1189,1247 1223,1247 1258,1248 1293,1249 1328,1250 1362,1251 1397,1251 1432,1253 1467,1253 1501,1254 1536,1254 1571,1256 1606,1257 1640,1259 1675,1260 1710,1260 1745,1263"/>
                <TextEquiv>
                    <Unicode>manitate platonis. Confirmo. quia non videtur con</Unicode>
                </TextEquiv>
            </TextLine>
            <TextLine id="r3l26" custom="readingOrder {index:23;}">
                <Coords points="1041,1294 1744,1318 1745,1272 1724,1268 1042,1251"/>
                <Baseline points="1047,1286 1081,1287 1116,1287 1150,1289 1185,1290 1220,1290 1254,1292 1289,1292 1323,1293 1358,1293 1393,1293 1427,1295 1462,1295 1496,1296 1531,1296 1566,1298 1600,1299 1635,1300 1669,1302 1704,1304 1739,1305"/>
                <TextEquiv>
                    <Unicode>tradictio quod humanitas sortis separetur a diffe¬</Unicode>
                </TextEquiv>
            </TextLine>
            <TextLine id="r3l27" custom="readingOrder {index:24;}">
                <Coords points="1039,1341 1745,1360 1746,1317 1680,1309 1040,1303"/>
                <Baseline points="1044,1331 1078,1332 1113,1332 1148,1334 1183,1334 1218,1334 1252,1335 1287,1335 1322,1335 1357,1337 1392,1337 1426,1338 1461,1338 1496,1340 1531,1340 1566,1341 1600,1343 1635,1344 1670,1346 1705,1348 1740,1349"/>
                <TextEquiv>
                    <Unicode>rentia contrahente. et similiter humanitas platonis.</Unicode>
                </TextEquiv>
            </TextLine>
            <TextLine id="r3l28" custom="readingOrder {index:25;}">
                <Coords points="1039,1381 1744,1402 1745,1361 1689,1355 1040,1341"/>
                <Baseline points="1044,1373 1078,1375 1113,1376 1148,1377 1183,1379 1217,1379 1252,1380 1287,1380 1322,1380 1356,1380 1391,1382 1426,1382 1461,1382 1495,1383 1530,1383 1565,1385 1600,1386 1634,1388 1669,1390 1704,1392 1739,1395"/>
                <TextEquiv>
                    <Unicode>Tunc quero. aut illa humanitas non variata que</Unicode>
                </TextEquiv>
            </TextLine>
            <TextLine id="r3l29" custom="readingOrder {index:26;}">
                <Coords points="1041,1425 1744,1457 1745,1402 1041,1384"/>
                <Baseline points="1046,1419 1080,1419 1115,1421 1149,1422 1184,1422 1219,1424 1253,1424 1288,1424 1323,1425 1357,1425 1392,1425 1427,1425 1461,1427 1496,1427 1531,1428 1565,1428 1600,1430 1635,1431 1669,1433 1704,1436 1739,1437"/>
                <TextEquiv>
                    <Unicode>fuit sortis realiter distinguitur ab illa humanitate quae</Unicode>
                </TextEquiv>
            </TextLine>
            <TextLine id="r3l30" custom="readingOrder {index:27;}">
                <Coords points="1029,1475 1734,1498 1735,1456 1030,1425"/>
                <Baseline points="1034,1461 1068,1463 1103,1464 1138,1466 1173,1467 1208,1467 1242,1467 1277,1469 1312,1469 1347,1469 1382,1470 1416,1470 1451,1471 1486,1472 1521,1472 1556,1473 1590,1475 1625,1476 1660,1478 1695,1481 1730,1482"/>
                <TextEquiv>
                    <Unicode>fuit platonis. aut non. Si sic. habetur propositum quod</Unicode>
                </TextEquiv>
            </TextLine>
            <TextLine id="r3l31" custom="readingOrder {index:28;}">
                <Coords points="1033,1515 1736,1541 1750,1502 1034,1476"/>
                <Baseline points="1038,1505 1073,1507 1108,1508 1144,1509 1179,1511 1214,1511 1250,1512 1285,1512 1320,1514 1356,1514 1391,1514 1426,1515 1462,1515 1497,1515 1532,1517 1568,1517 1603,1518 1638,1520 1674,1521 1709,1523 1745,1524"/>
                <TextEquiv>
                    <Unicode>distinguntur realiter seipsis. quia per differentias contra</Unicode>
                </TextEquiv>
            </TextLine>
            <TextLine id="r3l32" custom="readingOrder {index:29;}">
                <Coords points="1030,1558 1699,1584 1729,1580 1730,1543 1031,1515"/>
                <Baseline points="1035,1550 1069,1551 1103,1553 1138,1554 1172,1554 1207,1556 1241,1556 1276,1557 1310,1557 1345,1557 1379,1559 1413,1559 1448,1559 1482,1560 1517,1560 1551,1562 1586,1562 1620,1564 1655,1565 1689,1566 1724,1569"/>
                <TextEquiv>
                    <Unicode>hbentes. non distinguuntur. cum ille non sint. Si non</Unicode>
                </TextEquiv>
            </TextLine>
            <TextLine id="r3l33" custom="readingOrder {index:30;}">
                <Coords points="1020,1595 1129,1617 1654,1628 1734,1620 1735,1591 1571,1567 1441,1583 1289,1560 1247,1577 1217,1559 1184,1576 1021,1564"/>
                <Baseline points="1025,1593 1060,1595 1095,1596 1130,1598 1166,1598 1201,1599 1236,1599 1271,1600 1307,1601 1342,1601 1377,1602 1412,1602 1448,1604 1483,1604 1518,1605 1553,1607 1589,1607 1624,1608 1659,1610 1694,1611 1730,1614"/>
                <TextEquiv>
                    <Unicode>distinguuntur realiter. Contra. impossibile est du¬</Unicode>
                </TextEquiv>
            </TextLine>
            <TextLine id="r3l34" custom="readingOrder {index:31;}">
                <Coords points="1030,1647 1736,1674 1737,1629 1703,1619 1031,1612"/>
                <Baseline points="1035,1637 1069,1638 1104,1640 1139,1640 1174,1641 1209,1641 1243,1643 1278,1643 1313,1644 1348,1644 1383,1646 1417,1646 1452,1647 1487,1648 1522,1649 1557,1650 1591,1652 1626,1652 1661,1653 1696,1656 1731,1658"/>
                <TextEquiv>
                    <Unicode>as res non facientes per fe vnum facere vel esse per</Unicode>
                </TextEquiv>
            </TextLine>
            <TextLine id="r3l35" custom="readingOrder {index:32;}">
                <Coords points="1026,1689 1714,1718 1744,1707 1745,1672 1027,1646"/>
                <Baseline points="1031,1682 1066,1682 1101,1683 1137,1685 1172,1685 1208,1686 1243,1686 1278,1688 1314,1689 1349,1689 1385,1691 1420,1691 1455,1691 1491,1692 1526,1693 1562,1694 1597,1695 1632,1695 1668,1697 1703,1698 1739,1700"/>
                <TextEquiv>
                    <Unicode>se vnum. nisi per realem compositionem. ergo iste huma¬</Unicode>
                </TextEquiv>
            </TextLine>
            <TextLine id="r3l36" custom="readingOrder {index:33;}">
                <Coords points="1026,1741 1708,1762 1729,1757 1730,1719 1027,1699"/>
                <Baseline points="1031,1727 1065,1727 1100,1727 1134,1728 1169,1730 1204,1730 1238,1731 1273,1731 1308,1733 1342,1733 1377,1734 1412,1734 1446,1736 1481,1736 1516,1737 1550,1739 1585,1739 1620,1740 1654,1742 1689,1742 1724,1743"/>
                <TextEquiv>
                    <Unicode>nitates realiter componuntur et per consequens haber pro</Unicode>
                </TextEquiv>
            </TextLine>
            <TextLine id="r3l37" custom="readingOrder {index:34;}">
                <Coords points="1030,1777 1729,1799 1730,1756 1695,1751 1031,1743"/>
                <Baseline points="1035,1769 1069,1770 1103,1771 1138,1773 1172,1773 1207,1775 1241,1775 1276,1776 1310,1776 1345,1778 1379,1778 1413,1779 1448,1779 1482,1781 1517,1781 1551,1782 1586,1784 1620,1784 1655,1785 1689,1786 1724,1788"/>
                <TextEquiv>
                    <Unicode>positum quod seipsis distinguuntur. quia partes eius¬</Unicode>
                </TextEquiv>
            </TextLine>
            <TextLine id="r3l38" custom="readingOrder {index:35;}">
                <Coords points="1020,1820 1729,1840 1722,1797 1021,1788"/>
                <Baseline points="1025,1812 1061,1814 1098,1815 1135,1815 1172,1817 1208,1817 1245,1818 1282,1820 1319,1820 1356,1821 1392,1821 1429,1823 1466,1823 1503,1824 1540,1826 1576,1826 1613,1827 1650,1829 1687,1830 1724,1832"/>
                <TextEquiv>
                    <Unicode>dem compositi semper seipsis vel per aliqua sibi intrin¬</Unicode>
                </TextEquiv>
            </TextLine>
            <TextLine id="r3l39" custom="readingOrder {index:36;}">
                <Coords points="1009,1874 1694,1893 1729,1883 1730,1841 1010,1824"/>
                <Baseline points="1014,1856 1049,1857 1085,1858 1120,1859 1156,1860 1191,1861 1227,1862 1262,1863 1298,1863 1333,1865 1369,1865 1404,1866 1440,1868 1475,1868 1511,1869 1546,1869 1582,1871 1617,1872 1653,1873 1688,1874 1724,1875"/>
                <TextEquiv>
                    <Unicode>seca realiter distinguuntur ⁋ Preterea non est incon</Unicode>
                </TextEquiv>
            </TextLine>
            <TextLine id="r3l40" custom="readingOrder {index:37;}">
                <Coords points="1011,1920 1709,1935 1732,1925 1733,1884 1012,1874"/>
                <Baseline points="1017,1901 1052,1902 1088,1904 1123,1904 1159,1905 1194,1907 1230,1907 1265,1907 1301,1908 1336,1909 1372,1910 1407,1910 1443,1911 1478,1913 1514,1913 1549,1914 1585,1915 1620,1916 1656,1917 1691,1918 1727,1920"/>
                <TextEquiv>
                    <Unicode>ueniens. quin saltem per potentiam diuinam quelibet res</Unicode>
                </TextEquiv>
            </TextLine>
            <TextLine id="r3l41" custom="readingOrder {index:38;}">
                <Coords points="1009,1959 1727,1976 1728,1931 1010,1920"/>
                <Baseline points="1014,1946 1049,1946 1084,1947 1120,1948 1155,1949 1191,1950 1226,1950 1261,1951 1297,1952 1332,1953 1368,1953 1403,1953 1438,1955 1474,1955 1509,1956 1545,1958 1580,1958 1615,1959 1651,1961 1686,1962 1722,1964"/>
                <TextEquiv>
                    <Unicode>absoluta intuitiue videatur absque visione alteri</Unicode>
                </TextEquiv>
            </TextLine>
            <TextLine id="r3l42" custom="readingOrder {index:39;}">
                <Coords points="1020,2003 1733,2024 1734,1985 1021,1959"/>
                <Baseline points="1025,1989 1060,1991 1095,1992 1130,1992 1165,1994 1200,1994 1235,1995 1271,1995 1306,1997 1341,1997 1376,1998 1411,1998 1446,1998 1481,2000 1517,2000 1552,2001 1587,2003 1622,2004 1657,2006 1692,2007 1728,2009"/>
                <TextEquiv>
                    <Unicode>us rei absolute. ergo humanitas quae est in sorte</Unicode>
                </TextEquiv>
            </TextLine>
            <TextLine id="r3l43" custom="readingOrder {index:40;}">
                <Coords points="1015,2048 1731,2075 1713,2016 1016,2005"/>
                <Baseline points="1020,2033 1055,2034 1090,2036 1126,2036 1161,2037 1196,2037 1232,2039 1267,2039 1302,2040 1338,2040 1373,2042 1408,2042 1444,2043 1479,2043 1514,2045 1550,2046 1585,2047 1620,2048 1656,2049 1691,2051 1727,2052"/>
                <TextEquiv>
                    <Unicode>potest intuitiue videri sine differentia contrahente. et</Unicode>
                </TextEquiv>
            </TextLine>
            <TextLine id="r3l44" custom="readingOrder {index:41;}">
                <Coords points="1018,2087 1732,2106 1732,2076 1660,2056 1019,2049"/>
                <Baseline points="1023,2078 1058,2079 1093,2079 1128,2081 1163,2081 1199,2082 1234,2082 1269,2082 1304,2084 1339,2084 1375,2085 1410,2085 1445,2087 1480,2087 1515,2088 1551,2090 1586,2091 1621,2092 1656,2094 1691,2096 1727,2097"/>
                <TextEquiv>
                    <Unicode>humanitas quae est in platone eodem modo. sed ta</Unicode>
                </TextEquiv>
            </TextLine>
            <TextLine id="r3l45" custom="readingOrder {index:42;}">
                <Coords points="1003,2136 1668,2158 1714,2152 1715,2108 1004,2085"/>
                <Baseline points="1008,2123 1043,2123 1078,2124 1113,2124 1148,2124 1183,2124 1218,2124 1253,2124 1288,2126 1323,2126 1358,2126 1393,2127 1428,2127 1463,2129 1498,2130 1533,2131 1568,2133 1603,2135 1638,2138 1673,2141 1709,2144"/>
                <TextEquiv>
                    <Unicode>lis videbiteas distingui loco et situ siue per quan</Unicode>
                </TextEquiv>
            </TextLine>
            <TextLine id="r3l46" custom="readingOrder {index:43;}">
                <Coords points="1009,2179 1719,2197 1713,2151 1010,2139"/>
                <Baseline points="1014,2165 1049,2165 1084,2166 1119,2166 1154,2167 1189,2168 1224,2168 1259,2169 1294,2169 1329,2169 1364,2171 1399,2171 1434,2172 1469,2174 1504,2174 1539,2175 1574,2177 1609,2178 1644,2180 1679,2181 1715,2184"/>
                <TextEquiv>
                    <Unicode>titatem siue. non. non curo. quia nihil refert. ergo</Unicode>
                </TextEquiv>
            </TextLine>
            <TextLine id="r3l47" custom="readingOrder {index:44;}">
                <Coords points="1011,2230 1222,2216 1721,2244 1722,2206 1012,2182"/>
                <Baseline points="1017,2210 1053,2210 1090,2210 1127,2211 1164,2211 1200,2211 1237,2213 1274,2213 1311,2214 1348,2214 1384,2215 1421,2216 1458,2217 1495,2219 1532,2220 1568,2220 1605,2222 1642,2224 1679,2226 1716,2228"/>
                <TextEquiv>
                    <Unicode>videbit eas distingui. sed nullus cognoscit in</Unicode>
                </TextEquiv>
            </TextLine>
            <TextLine id="r3l48" custom="readingOrder {index:45;}">
                <Coords points="996,2270 1681,2285 1719,2279 1720,2244 997,2227"/>
                <Baseline points="1002,2256 1037,2256 1073,2256 1108,2256 1144,2256 1180,2256 1215,2256 1251,2258 1287,2258 1322,2259 1358,2259 1394,2261 1429,2261 1465,2262 1501,2264 1536,2265 1572,2265 1608,2267 1643,2269 1679,2270 1715,2271"/>
                <TextEquiv>
                    <Unicode>particulari et distincte aliqua distingui essen¬</Unicode>
                </TextEquiv>
            </TextLine>
            <TextLine id="r3l49" custom="readingOrder {index:46;}">
                <Coords points="1002,2308 1648,2329 1714,2322 1715,2286 1003,2272"/>
                <Baseline points="1008,2297 1043,2297 1078,2298 1113,2298 1148,2300 1183,2300 1218,2301 1253,2303 1288,2303 1323,2304 1358,2306 1393,2306 1428,2307 1463,2309 1498,2309 1533,2310 1568,2311 1603,2312 1638,2312 1673,2313 1709,2313"/>
                <TextEquiv>
                    <Unicode>tialiter nisi cognoscat in particulari principia di¬</Unicode>
                </TextEquiv>
            </TextLine>
            <TextLine id="r3l50" custom="readingOrder {index:47;}">
                <Coords points="1000,2355 1703,2368 1704,2321 1001,2311"/>
                <Baseline points="1005,2342 1039,2342 1074,2343 1108,2345 1143,2345 1178,2346 1212,2346 1247,2348 1282,2348 1316,2349 1351,2349 1386,2351 1420,2351 1455,2352 1490,2352 1524,2354 1559,2354 1594,2355 1628,2357 1663,2357 1698,2358"/>
                <TextEquiv>
                    <Unicode>stincta intrinseca. ergo iste humanitates seipsis</Unicode>
                </TextEquiv>
            </TextLine>
            <TextLine id="r3l51" custom="readingOrder {index:48;}">
                <Coords points="1003,2403 1717,2420 1719,2376 1004,2356"/>
                <Baseline points="1008,2387 1043,2388 1078,2388 1113,2388 1149,2390 1184,2390 1219,2391 1254,2391 1290,2392 1325,2393 1360,2394 1395,2394 1431,2396 1466,2397 1501,2398 1536,2399 1572,2400 1607,2401 1642,2403 1677,2403 1713,2405"/>
                <TextEquiv>
                    <Unicode>distinguuntur. et per consequens sunt seipsis. Se¬</Unicode>
                </TextEquiv>
            </TextLine>
            <TextLine id="r3l52" custom="readingOrder {index:49;}">
                <Coords points="1003,2439 1706,2460 1707,2418 1647,2409 1004,2403"/>
                <Baseline points="1008,2432 1042,2432 1077,2433 1111,2433 1146,2433 1181,2435 1215,2435 1250,2436 1285,2436 1319,2438 1354,2438 1389,2439 1423,2441 1458,2441 1493,2442 1527,2442 1562,2444 1597,2445 1631,2445 1666,2447 1701,2447"/>
                <TextEquiv>
                    <Unicode>cundo arguo. quia si humanitas sit alia et alia</Unicode>
                </TextEquiv>
            </TextLine>
            <TextLine id="r3l53" custom="readingOrder {index:50;}">
                <Coords points="1002,2495 1695,2507 1715,2461 1003,2450"/>
                <Baseline points="1007,2475 1042,2475 1077,2477 1112,2478 1147,2479 1182,2480 1217,2480 1252,2481 1287,2481 1322,2483 1358,2483 1393,2484 1428,2484 1463,2486 1498,2486 1533,2487 1568,2487 1603,2489 1638,2489 1673,2490 1709,2490"/>
                <TextEquiv>
                    <Unicode>ergo tot erunt species specialissime quot sunt indi¬</Unicode>
                </TextEquiv>
            </TextLine>
            <TextLine id="r3l54" custom="readingOrder {index:51;}">
                <Coords points="999,2541 1682,2552 1715,2544 1716,2500 1000,2494"/>
                <Baseline points="1005,2522 1040,2522 1075,2522 1110,2522 1146,2523 1181,2523 1216,2525 1251,2525 1287,2526 1322,2526 1357,2528 1392,2529 1428,2529 1463,2531 1498,2531 1533,2532 1569,2532 1604,2532 1639,2534 1674,2534 1710,2534"/>
                <TextEquiv>
                    <Unicode>uidua. consequens est falsum. quia tunc tot essent</Unicode>
                </TextEquiv>
            </TextLine>
            <TextLine id="r3l55" custom="readingOrder {index:52;}">
                <Coords points="996,2584 1662,2596 1711,2592 1712,2547 997,2541"/>
                <Baseline points="1002,2568 1037,2567 1072,2567 1107,2567 1143,2567 1178,2567 1213,2567 1248,2568 1284,2568 1319,2568 1354,2570 1389,2570 1425,2571 1460,2571 1495,2573 1530,2574 1566,2574 1601,2576 1636,2576 1671,2577 1707,2579"/>
                <TextEquiv>
                    <Unicode>genera generalissima necessario quot sunt indiuidua</Unicode>
                </TextEquiv>
            </TextLine>
            <TextLine id="r3l56" custom="readingOrder {index:53;}">
                <Coords points="996,2621 1671,2632 1712,2628 1713,2592 997,2584"/>
                <Baseline points="1001,2609 1036,2609 1071,2609 1106,2609 1142,2610 1177,2610 1212,2610 1248,2612 1283,2612 1318,2612 1354,2613 1389,2613 1424,2615 1459,2615 1495,2616 1530,2618 1565,2618 1601,2619 1636,2620 1671,2621 1707,2621"/>
                <TextEquiv>
                    <Unicode>quod videtur absurdum. consequentia patet. quia si humanitas</Unicode>
                </TextEquiv>
            </TextLine>
            <TextLine id="r3l57" custom="readingOrder {index:54;}">
                <Coords points="991,2670 1700,2675 1700,2627 991,2623"/>
                <Baseline points="996,2654 1032,2654 1069,2655 1106,2655 1143,2655 1179,2655 1216,2655 1253,2655 1290,2655 1327,2655 1363,2655 1400,2657 1437,2657 1474,2657 1511,2658 1547,2658 1584,2660 1621,2661 1658,2662 1695,2664"/>
                <TextEquiv>
                    <Unicode>dicat speciem specialissimam. aut humanitas sortum</Unicode>
                </TextEquiv>
            </TextLine>
            <TextEquiv>
                <Unicode>numeraliter ⁋ Unde due anime separate numeraliter
distinguuntur. ergo non obstante quod iste humanitates
ortis et platonis non sint per se in specie. tamen nume¬
raliter distinguuntur circumscriptis quibuscumque realiter
differentibus ⁋ Et si dicitur quod iste humanitates no
distinguuntur nisi per differentia contrahentes. ⁋ Contra hunc
nitas sortum per te realis distinguitur a differentia contrhbente
illam humanitatem. aut ergo seipsa realiter distinguitur.
aut per illud conthens. Non per ipsum contrahens. quia ni¬
hil distinguitur ab a per ipsum a. sed magis est idem
ipsi a par a. ergo humanitas seipsa distinguitur a
differentia contrahente. ergo sunt hic due res re
aliter distincte seipsis. sed hoc non est possibile. ni¬
si vtraque sit vna numero. ergo humanitas illa di¬
stincta realiter ab illa differentia contrahente est
vna numero. ergo et numeraliter distincta. ergo non
est hec vna numero per illam differentiam contahentem. sed per
seipsam. Similiter quando aliquid seipso realiter distinguitur
ab aliquo sibi extrinseco. eadem ratione distingui¬
tur seipso ab alio sibi extrinseco. ergo si humanitas
sortis seipsa realiter distinguitur a differentia contra
hente. eadem ratione seipsa distinguitur realiter ab hu¬
manitate platonis. Confirmo. quia non videtur con
tradictio quod humanitas sortis separetur a diffe¬
rentia contrahente. et similiter humanitas platonis.
Tunc quero. aut illa humanitas non variata que
fuit sortis realiter distinguitur ab illa humanitate quae
fuit platonis. aut non. Si sic. habetur propositum quod
distinguntur realiter seipsis. quia per differentias contra
hbentes. non distinguuntur. cum ille non sint. Si non
distinguuntur realiter. Contra. impossibile est du¬
as res non facientes per fe vnum facere vel esse per
se vnum. nisi per realem compositionem. ergo iste huma¬
nitates realiter componuntur et per consequens haber pro
positum quod seipsis distinguuntur. quia partes eius¬
dem compositi semper seipsis vel per aliqua sibi intrin¬
seca realiter distinguuntur ⁋ Preterea non est incon
ueniens. quin saltem per potentiam diuinam quelibet res
absoluta intuitiue videatur absque visione alteri
us rei absolute. ergo humanitas quae est in sorte
potest intuitiue videri sine differentia contrahente. et
humanitas quae est in platone eodem modo. sed ta
lis videbiteas distingui loco et situ siue per quan
titatem siue. non. non curo. quia nihil refert. ergo
videbit eas distingui. sed nullus cognoscit in
particulari et distincte aliqua distingui essen¬
tialiter nisi cognoscat in particulari principia di¬
stincta intrinseca. ergo iste humanitates seipsis
distinguuntur. et per consequens sunt seipsis. Se¬
cundo arguo. quia si humanitas sit alia et alia
ergo tot erunt species specialissime quot sunt indi¬
uidua. consequens est falsum. quia tunc tot essent
genera generalissima necessario quot sunt indiuidua
quod videtur absurdum. consequentia patet. quia si humanitas
dicat speciem specialissimam. aut humanitas sortum</Unicode>
            </TextEquiv>
        </TextRegion>
    </Page>
</PcGts>
