2196 3079
261 216 965 290 dile. et per consequens vtraque illarum erit vna nu¬
255 283 962 337 mero. Si autem includit plures res et non infi¬
261 325 967 377 nitas. ergo finitas et per consequens ibi erit numerus
248 367 956 423 rerum. et ita quelibet illarum inclusarum erit vna nu
253 406 960 472 mero et singularis. ⁋ Ex istis sequitur: quod queli
249 450 953 517 bet res extra animam seipsa est singularis: ita quod
255 494 953 557 ipsa sine omni addito est illud quod immedia
241 542 954 605 te denominatur ab intentione singulari nec sunt
246 587 963 646 possibilia quecunque a parte rei qualitercunque
247 631 956 692 distincta: quorum vnum sit magis indifferens quam
231 672 956 729 reliquum. vel quorum vnum sit magis vnum numero
236 717 948 775 quam reliquum: nisi forte vnum sit perfectius alio. sicut
228 765 949 817 iste angelus est perfectior isto asino. et ita que
229 801 947 867 libet res extra animam seipsa erit hec. nec est que
233 853 951 907 renda aliqua causa indiuiduationis: nisi forte
229 896 950 953 cause extrinsece et intrinsece quando indiuiduum
233 940 949 1001 est compositum: sed magis esset querenda cau¬
228 982 947 1045 sa quomodo possibile est aliquid esse commune
241 1023 944 1082 et vniuersale. ⁋ Respondeo ergo ad formam que¬
228 1069 949 1125 stionis: quod illud quod est vniuersale et vniuocum
232 1111 947 1179 non est aliquid realiter ex parte rei: distinctum
226 1158 940 1223 formaliter ab indiuiduo. ⁋ Quod enim non sit distin¬
217 1208 945 1261 ctum formaliter tantum patet. quia tunc quando¬
227 1248 950 1309 cunque predicaretur superius de inferiori: praedi¬
229 1295 952 1356 caretur idem de se: quia superius et inferius es¬
225 1335 938 1391 sent eedem res. consequens est falsum. Item tunc num
232 1375 946 1432 quam idem genus predicaretur de diuersis specie¬
228 1427 938 1482 bus: sed esset aliud et aliud predicatum: quod vi¬
223 1466 941 1520 detur inconueniens ⁋ Ad primum argumentum
226 1515 945 1569 alterius opinionis dico: quod inesse alicui potest esse
219 1557 938 1618 dupliciter. vel realiter. vel secundum predicationem
221 1605 936 1661 quomodo dicitur predicatum inesse subiecto de
211 1650 941 1702 quo dicitur. Primo modo verum est: quod cuicumque
220 1686 932 1737 inest aliquid: inest sibi in quocumque. Secundo
216 1738 926 1789 modo non oportet: si subiectum sit terminus com
211 1779 923 1828 munis. Et ideo non sequitur. si natura hominis
216 1823 926 1879 de se sit hec: quod in quocumque est natura hominis
204 1859 920 1919 quod est hic homo: tamen ista propositio. natura homi¬
199 1913 919 1964 nis de se est hec. est distinguenda quamuis forte non
213 1958 932 2005 de virtute vocis seu sermonis: eo quod natura ho
201 1998 920 2053 minis potest supponere simpliciter vel persona¬
205 2038 932 2098 liter. hoc est eo quod potest stare prore extra animam vel
202 2089 920 2143 pro se: si secundo modo. hec est falsa. natura lapi¬
209 2123 931 2188 dis de se est hec. quia tunc denotatur quod conce i
202 2168 914 2227 ptus mentis qui est vniuersalis de se sit hic la
202 2220 927 2279 pis. et hoc est falsum. quia iste conceptus nec
199 2264 919 2316 de se nec per quamncumque potentiam potest esse hic la¬
201 2303 916 2362 pis: quamuis possit vere predicari de eo: non pro se
207 2344 914 2404 sed pro re extra. Si accipiatur primo modo. sic
207 2390 919 2449 hec est vera. natura hominis de se est hic ho¬
200 2439 911 2496 mo: et tamen cum hoc stat quod natura hominis de se sit
201 2478 919 2534 ille homo et ille homo: immo quod natura hominis
199 2528 919 2589 de se non est hic homo: quia cum natura hominis
210 2566 908 2628 sit terminus communis. ille poterunt esse vere sicut
211 2612 918 2681 que subcontrarie: quarum vtraque verificatur pro¬
1063 245 1780 311 aliquo alio singulari. quia tunc equipollent istis per¬
1057 298 1772 357 ticularibus. aliqua natura de se est hic homo.
1066 342 1775 400 que verificatur pro hac natura. et aliqua natura
1069 386 1779 438 de se non est hic homo. que verificatur pro alia na
1063 432 1784 484 tura quae non est hec natura. Et eodem modo sicut
1068 468 1781 530 iste stant simul. homo est sortes. homo est pla¬
1063 513 1772 567 to. ita iste stant simul. natura hominis de se est hic
1056 556 1780 616 homo. natura hominis de se est iste homo. Et quando
1047 602 1777 658 dicitur. si natura hominis de se est hic homo. ergo in quo¬
1050 649 1766 711 cumque est natura hominis. illud est hic homo. Respon¬
1062 690 1770 757 deo quod non sequitur formaliter de vi sermonis: sed est
1056 733 1775 798 fallacia figure dictionis. eo quod mutatur vnus mo¬
1057 773 1777 839 dus supponendi in alium. Nam in ista. natura hominis
1048 827 1765 875 de se est hic homo. ibi natura homis supponit
1052 870 1774 926 determinate. in consequente autem magis supponit confuse
1048 909 1768 968 tantum. Tamen quicquid sit de hoc. hec est vera. Na¬
1047 958 1763 1015 tura hominis in quocumque est illud est hic homo. quia
1051 998 1775 1059 habet vnam singularem veram. scilicet hec natura hominis
1045 1044 1765 1097 in quocumque est illud est hic homo. Et tunc arguen¬
1049 1087 1766 1142 do sic. Natura hominis in quocumque est illud: est hic
1038 1125 1772 1198 homo. natura hominis est in illo homine. ergo iste ho
1039 1179 1770 1239 mo est hic homo. est fallacia consequent. quia argui
1038 1216 1760 1282 tur ex omnibus indiffinitis. Sed quantum ad diuer
1051 1255 1769 1322 sitatem illarum propositionum. quarum vna negatur: et
1051 1305 1757 1362 alia conceditur est dicendum vniformiter sicut de istis
1051 1350 1757 1410 cuiuslibet hominis asiuus currit. Asinus cuiuslibet
1051 1403 1757 1459 pominis curtit ⁋ Sciendum tamen quod quando dicitur natura
1032 1433 1768 1499 hominis de se est hic homo. debet intelligi vt sit com¬
1035 1478 1763 1545 structio intransitiua. hoc est. natura que est ho¬
1025 1527 1762 1589 mo est de se hic homo. ⁋ Ad secundum concedo. quod cui
1035 1568 1760 1635 conuenit de se vnum oppositorum. ei de se repugnati
1042 1616 1754 1672 aliud oppositum. et ideo quia natura de se est hec. secundum
1039 1666 1759 1723 quod natura supponit personaliter. ideo concedo vni¬
1030 1703 1751 1765 formiter quod nature repugnat multitudo nume
1027 1744 1744 1807 ralis. hoc est nature repugnat esse intalio: et na
1023 1791 1751 1851 ture repugnat esse in multis. Prima istarum ve
1029 1833 1741 1897 rificatur pro vna singulari. quia huic nature repu¬
1036 1878 1747 1930 gnrat esse in alio. cum hoc tamen stat quod nature non re¬
1036 1927 1748 1970 dugnat esse in alio. immo nature de se conuenit
1030 1969 1752 2028 esse in alio. hoc est nature conuenit esse aliud. quod
1026 2014 1749 2070 verificatur pro alio singulari. quia sicut dictum est.
1016 2058 1748 2107 iste due sunt indiffinite. et per consquens cum subiectum
1015 2094 1735 2155 in eis supponat personaliter. equipollent duabus
1032 2136 1744 2207 particularibus. quarum vtraque habet aliquam singu
1021 2189 1738 2240 larem veram. et per consequens vtraque est simplicitur vera.
1017 2226 1731 2291 Ista autem. nature repugnat esse in multis est ve
1013 2279 1739 2328 ra pro qualibet singulari. quia cuilibet nature re
1027 2323 1736 2379 dugnat esse in multis. ⁋ Si dicatur. nature non
1017 2367 1729 2414 repugnat praedicari de multis. ergo nec nature
1015 2412 1726 2463 repugnat esse in multis. ⁋ Respodeo quod anesn est
1018 2450 1737 2510 distinguendum. eo quod subiectum potest supponere per¬
1015 2493 1727 2555 sonalit. et sic est simplicitur falsum. quia quaelibet singu¬
1017 2538 1732 2588 laris est falsa. scilicet isti nature non repugnat. et illi
1020 2587 1727 2632 nature non repugnat etc. et sic de singulis. Uel
1009 2625 1739 2687 potest subiectum supponere simplicitur. et sic est aetes
