2343 3778
431 281 2198 364 capaciratem suam. Vnde secundum Augustinus non alia seorsum sunt exponenda perfectis: & alia par
442 358 2198 418 uulis: sed communiter omnibus, vt capiat quisque secundum quod potest. vnde & eadem doctrina propo
442 405 2193 471 sita, propter diuersam capacitatem aliis est lac fidei tantum: aliis vero est solidus cibus, eorum qui cum fide pos
444 460 2208 527 sunt capere intellectum aliquem, vt infra dicetur. Quia igitur sub compendio verborum simplicium
442 514 2193 579 pluralitat em sententiarum colligere de diuersis & diuersis congruentes & sic per omnes partes
435 565 2193 624 scientiae procedere est summam vniformitatem in modo tradendi & describendi tenere: Dicendum
448 617 2204 678 est absolute quod modus tradendi hanc scripturam summae simplicitatis & vniformitatis est: & tanto
437 671 2205 739 maior in ea est vniformitas quanto ex parte materiae quam tractat maior est vnitas quam in aliis scientiis, vt
448 724 789 799 habitum est supra.
448 778 2204 853 ⁋ Ad primum in oppositum quod in hac scientia multifariam multisque modis deus lo
454 845 2199 908 cutus est: Dicendum quod illa varietas non refertur ad modum tractandi siue conscribendi illa quae sunt huius
455 894 2202 971 scientiae: sed ad modum reuelandi conscribenda diuersis personis & diuersimode. secundum quod ibi di-
453 952 2200 1017 cit Glos. Multifariam. i. multotiens, & multis hominius scilicet Abrahae, lsaac & lacob: & caeteris, & eisdem saepe mul
452 999 2210 1064 tis modis. i. multis quaelitatibus: quia modo per somnia, vt Danieli. modo aperta voce, vt Moysi. modo interiori in
447 1059 2215 1120 spiratione vt Dauid. Vel vt dicit alia Glos. multifariae. i. multo & diuerso genere locutionis: vt per somnia
446 1114 2206 1175 vel inspirationes vniversalia pertas voces. Multisque modisi. i. rerum diuersis mysteriis futura significans. Sed omnis ista
447 1168 2207 1234 diuersitas sub eodem modo tradendi hanc scientiam continetur. Vanum ergo multum est illud quod
446 1219 2213 1283 solebat dici, quod in prophetis modus huius scientiae est reuelatiuus. Istud enim nihil admodum conscribem
446 1271 2199 1337 di reuelata: sed solum quo ad modum percipiendi conscribenda. vnde quia quaecunque scripta sunt
445 1327 2203 1386 in hac scientia per reuelationem agnoscebant ea conscriptores sui, per illud dictum tota ista scien-
451 1379 2206 1447 tia modum reuelatorium habere dicenda esset: & patet quam vanum hoc esset dicere. ⁋ Ad secundum quod haec est
454 1432 2203 1500 multiformis sapientia dei: Dicendum quod verum est non quo ad modum tradendi eam, sed quo ad con-
453 1483 2204 1551 tenta in ipsa: quia in multis & mirabilibus factis sapientia dei in hac scientia describitur manifesta-
460 1538 2204 1596 Vnde dicit ibi Glos, quod in graeco est multifaria sapientia. scilicet non solum varia: sed multa varietate distincta.
466 1596 2213 1663 Videamus ergo quomodo est multiformis. Immensus est Christus: sed concipitur: vagit infans in
447 1646 2207 1710 praesepio: sed ab angelis laudatur in caelo: Herodes persequitur: sed magi adorant: ignorant Pharisaei:
451 1705 1129 1760 sed stella demonstrat. &c. huiusmodi.
744 1747 2205 1851 lrca secundum arguitur quod modus tradendi hanc scientiam debeat esse argumen
758 1833 2195 1903 tatiuus siue doctrinalis siue ratiocinatius siue inquisitiuus, quod idem est, Primo sic. cer
761 1887 2202 1943 tior scientia certiori modo debet tradi: quia certitudo in modo tradendi certo con
757 1945 2193 2008 sistit. haec scientia certissima est scientiarum, vt habitum est supra: ergo &c. Sed certissimus
767 1987 2202 2066 modus tradendi scientiam est modus inquisitiuus siue argumentatiuus: cum vt dicit Au
763 2044 2204 2114 lgust. ii. soi. non melius veritas inuestigari possit quam interrogando & respondendo:
765 2104 2198 2171 quae maxime fiunt in modo inquisitiuo. ergo &c. ⁋ Secundo sic. scientiae summe
455 2123 2198 2225 necessariae vt sciatur conpetit modus tradendi quo maxime scientia acquiritur: scientia ista maxime
450 2204 2206 2280 necessaria est vt sciatur: quia est scientia salutis. Modus maxime faciens scire inquisitiuus & ratio-
446 2264 2195 2323 cinatiuus est: quia secundum Augustinus de vera relgion quod scimus debetur rationi. ergo &c. ⁋ Oppositum ar-
446 2311 2208 2375 guitur. scientia illa quae est de eis quae excedunt hominis rationem, si debet ab homine comprehen-
452 2368 2200 2442 di debet tradi illo modo quo talia ab homine magis possibile est apprehendi. Sed modus quo ma-
448 2419 2195 2481 gis possibilia sunt apprehendi non est modus inquisitiuus: quia inquisitio non procedit nisi ex
450 2478 2217 2551 illis quae supponuntur vt nota rationi: per quae inuestigat ignota: qualia non supponit ista scientia
447 2532 1335 2599 cum sit de illis quae rationem excedunt. ergo &c.
463 2563 2208 2670 ⁋ Dicendum ad hoc: quod cum vt patebit inferius scientia ista sit principaliter
456 2652 2201 2725 de eis quae facultatem naturalis rationis excedunt: & hoc propter eius debilitatem & illarum re-
453 2707 2200 2771 rum elongationem: Manifestum est quod inquisitio naturalis rationis de se, ad inquisitionem siue
455 2751 2211 2816 inuestigationem illarum non posset sufficere: & idcirco modus tradendi hanc scientiam non potest
460 2816 2203 2879 esse inquisitiuus secundum discursum naturalis rationis purae. Sed quia oportet secundum deter-
464 2853 2200 2933 minata superius quod notitiam eius accipiat homo a sciente aliquo superiori qui eam nouit, cuius actionem non
459 2906 2204 2979 sufficit ab initio perfecte recipere ad eius notitiam perfectam percipiendam: immo necesse est vt eam
456 2967 2201 3041 primo imperfecte percipiat: & illius notitiae imperfectae manuductione idoneus fiat vt aliquando eius
447 3020 2203 3083 notitiam perfectam attingat: igitur cum perfecta notitia huius scientiae & eorum quae tractantur in ea
448 3066 2204 3150 nata est sic acqui. scilicet modo doctrinali inquisitiuo: manifestum est quod ista scientia ab initio ab illo scien
461 3119 2204 3204 te superiori modo inquisitiuo tradi non debuit. Quia etsi sic ab illo eius auctore tradi potuit: Non enim
447 3177 2195 3273 ratio omnium quae in hac scientia docuit, ei defuit: homo tamen propter cuius eruditionem tra-
