2372 3777
465 264 2216 357 ne sua: & quali seculares scripturae sunt compositae. ⁋ Ad secundum: quod scientia ista est summe neces
472 347 2205 410 saria vt sciatur: dicendum quod duplex est necessitas sciendi hanc scientiam. Vna principalis ad cognoscendum creden
466 397 2215 477 da. Alia secundaria ad cognita & credita defendendum. Prima necessitate necessaria est vt sciatur scilicet ne
471 452 2208 518 cessitate sine qua non est salis scilicet ad fide tenendum ea quae tractat: propter quod primo tradita est. Est autem neces-
464 515 2215 574 saria secunda necessitate ad opitulandum piis & ad defendendam fidem contra impios, ad intelligendum. scilicet per ratio
463 562 2209 626 nem illa quae per ipsam traduntur. sed ad hoc non est prima eius traditio facta per primos doctores
462 613 2224 682 sed ad hoc est eius expositio facta per doctores sequentes, qui idcirco debuerunt scientia seculari esse
461 671 1115 759 praediti, vt supra determinatum est.
613 735 2128 806 Arti. & V. De modo exponendi hanc scientiam ex parte ipsius scientiae.
943 780 2222 887 Equitur de modo exponendi hanc scientiam. vbi quatuor ge
941 870 1514 946 nera dubitationum occurrunt.
944 931 1733 997 Primum: ex parte ipsius scientiae exponendae.
955 975 1831 1054 Secundum: ex parte ipsius expositionis tradendae.
958 1037 1703 1103 Tertium: ex parte eius cui exponenda est.
961 1091 1829 1163 Quartum: ex parte eius qui eam habet exponere.
957 1112 2111 1222 Ex parte autem huius scientiae exponendae sunt tria inquirenda.
948 1198 1730 1263 Primum: vtrum ista scientia sit exponenda.
957 1208 2181 1333 Secundum: vtrum specialiter vetus testamentum sit exponendum.
948 1300 1628 1374 Tertium: vtrum vbique sit exponenda.
787 1314 2225 1423 Irca primum arguitur quod ista scientia non sit exponenda, primo sic. Io. Dam. dicit
787 1407 2218 1469 in principio sententiarum suarum. Omnia quae tradita sunt nobis per legem & per pro
785 1469 2205 1531 phetas & apostolos & euangelistas suscipimus, & veneraimur, & cognoscimus nihil
791 1515 2218 1592 vltra hoc inquirentes. exponens vltra id necessario inquirit. ergo &c. ⁋ Secundo
778 1566 2210 1636 sic. Chrysostomus super illud Mat. i. Habens in vtero de spiritu sancto, dicit sic.
789 1619 2212 1689 Nequaquam euageris vlterius, nec super ea quae dicta sunt quicquam requiras. suscipe
778 1674 2209 1742 quod reuelatum est: noli indagare quod tectum est. sed exponens semper aliquid vlterius
464 1726 2214 1796 euagatur, & aliquid requirit super id quid reuelatum est, & indagat quod tectum est. ergo &c. ⁋ Tertio
450 1781 2220 1851 sic. Hieronymus super illud Mat. xiii. Edissere nobis parabolam xizaniorum. dicit in Homilia. Non ei debe
453 1833 2214 1905 mus propere intelligendi desiderio ante eius notitiam quaerere quam a domino edisseratur. sed ante quaerit qui
462 1887 2205 1953 scripturam quam ipse non exposuit exponit. ergo &c. ⁋ In contrarium est Augustinus dicens de hac scriptura in
462 1941 2210 2026 principio super Io. Quare auditur si non exponatur: quasi dicat, non esset audienda si non esset exponem
447 2004 2073 2065 da. sed constat ex supra determinatis quod sacra scriptura est audienda, erit ergo & exponenda.
456 2061 2222 2131 ⁋ Dicendum ad hoc: quod proculdubio sacra scriptura exponenda est, & hoc requirit
463 2118 2211 2183 modus traditionis ipsius scientiae. Sic enim tradita & inuoluta est mysteriis vt sensus spiritualis necnon & lite-
453 2164 2208 2225 ralis sit frequenter obscurus, & etiam quantum apparet prima facie frequenter sensus literalis absurdus
449 2218 2213 2288 sit. Ne ergo in ea absurditas aliqua appareat, & vt veritas eius tecta pateat, attentissime sacta seri
449 2273 2206 2343 ptura exponenda est. Vnde de expositione facienda propter apertionem occultorum dicit Augustinus in sermo
453 2330 2203 2398 ne de assumptione beatae virginis. Quia (inquit) quaedam scriptura sacra veris indagationum studiis quae-
448 2396 2207 2447 renda reliquit, non sunt supersiua aestimanda dum vera indagatione fuerint patefacta. Foecunda enim
445 2436 2193 2508 est veritatis auctoritas: & dum diligenter discutitur, de se gignere quod ipsa est cognoscitur. Saepe eim discuss-
448 2490 2207 2558 veram convenientiam parit, quam manifestis sermonibus abscondit. De expositione autem facienda ad intellectum
457 2540 2212 2601 absurdorum, dicit Augustinus in principio de moribus ecclesiae. Quis (inquit) mediocriter sanus non facile intelli-
459 2594 2207 2664 git scripturarum expositionem ab iis petendam esse qui earum doctores se esse profitentur: fierique posse
445 2653 2208 2717 immo id semper accidere: vt multa indoctis videantur absurda, quae cum a doctoribus exponuntur eo laudam
454 2704 2204 2768 da videantur elatius quo abiectius aspernanda videbantur, & eo accipiantur aperta dulcius quo clausa
448 2756 2209 2817 difficilius aperiebantur: Et eo ipso rationalis expositio quaerenda est ardentius, quo dictum secundum
446 2804 2194 2869 literam videbatur esse irrationabilius. secundum quod dicit Greg. in principio. iiii. Mora. Qui textum considerat
457 2861 2192 2926 & sensum sacrae scripturae ignorat, non tam se eruditione instruit quam ambiguitate confundit, quia nonnumquam
457 2915 2200 2987 sibi literae contradicunt, sed dum a semetipsis per contrarietatem dissident, lectorem ad intelligentiam veri-
450 2967 2198 3033 tatis mirtunt, vt qui difficultatem exterius patitur, veritatis intelligentiam consideret quam sequatur.
460 3019 2202 3091 Tanto enim quisque illius notitiae extraneus redditur, quanto in sola eius superficie ligatur. Quia beatus lob
454 3073 2196 3150 diei suae maledixit, hoc tanto intrinsecus maiori mysterio plenum, quanto extrinsecus humana ratio
455 3130 2205 3194 ne vacuum. Nam si quid rationabile fortasse extrinsecus sonuisset, nequaquam nos ad studium interioris in-
453 3181 2204 3262 tellectus accenderet, eoque modo nobis plenius aliquid intus innuit quo foris rationabile nil ostendit.
