2391 3748
161 256 1894 360 Sed nec ad eam exponendam induxisset sacros expositores vna causa vel altera, nisi cum hoc coe-
161 349 1885 417 gisset haereticorum pertinacia: qui in obscuris male exponendo eam peruerterunt: & propter illa qua
160 397 1895 469 in ea videbantur absurda, eam respuebant. Et ideo dicit Augustinus i. par. super loannem. sermo. xxxvii. scriptu
151 450 1901 514 ras discutiendas non fuisse si fieri posset, nisi haereticorum commenta compellerent. Vt enim dicit in ser.
167 507 1904 581 praecedenti, multi haeretici abundant, & ad hoc eos deus abundare permisit: ne semper lacte nutriamur. quia enim
161 557 1892 620 non intellexerunt sapuerunt quomodo voluerunt: non recte autem sapiendo fidelibus catholicis quaestio
165 614 1900 675 nes molestissimas intulerunt. Coeperunt ergo agitari & fluctuari corda fidelium: iam tunc necessi
164 672 1888 737 tas facta est spiritualibus viris vt contra arma diaboli Christi arma proferrent: & aduersus fallaces falsol
167 722 1893 796 quod doctores quantis possent viribus apertissima conflictatione pugnarent: ne ipsi cum tacerent alii
163 771 1894 846 perirent. Quae res cogit etiam nos ne taceamus, vt vos intelligatis mecumque gaudeatis: aut si intelli-
153 824 1908 903 gere nondum valetis, credendo securi in portu maneatis. Dicam ergo, capiat qui potest: credat qui
151 883 625 960 non potest, tamen dicam.
160 940 1897 1015 ⁋ Ad prima duo obiecta in contrarium dicendum quod aliquid quaerere vltra vel su-
159 982 1903 1072 pra id quod traditum vel reuelatum est vobis: potest esse dupliciter: quia aliquid potest esse vltra
171 1047 1902 1128 vel supra id quod in litera patet & in sensu latet: vel supra siue vltra id quod in litera patet:
157 1104 1900 1176 non tamen supra vel vltra id quod in sensu latet. Quod primo modo est supra vel vltra, non est
163 1160 1904 1226 omnino requirendum in expositione: quia est vel impertinens vel contrarium regulis fidei. & in
159 1215 1903 1282 hoc casu loquuntur auctoritates illae. Quod secundo modo est supra vel vltra, omnino per exposi-
153 1269 1908 1336 tionem est requirendum. Vnde super illud Gali. i. Si quis vobis euangelizauerit praeter id quod ac
163 1323 1911 1387 cepistis, anathema sit. dicit Glos. Attendendum est quod non ait plus quam accepistis: nam qui supplet
167 1371 1911 1445 quod minus erat, addit: qui autem praetergreditur fidei regulam non accedit in via. Supra ergo vel
166 1417 1912 1497 vltra licet requirere in expositionibus plus aliquid addendo quod non expressum fuit, sed tamen latuit:
168 1487 1900 1544 non tamen id quod est praeter id quid in litera latet, apponendo scilicet quod nec latet in sensu: sicut nec ex
156 1526 1891 1610 pressum est in litera: quia illud necessario vel impertinens est vel contrarium, vt dictum est. ⁋ Ad
154 1590 1899 1651 tertium de Chrysostomo, dicendum quod illud exponit seipsum. verum enim est quod proprie non debe
167 1630 1904 1712 mus antequam a domino edisseratur sacrae scripturae notitiam quaerere. scilicet naturalis ingenii industria si-
165 1684 1907 1758 ne diuina gratia, quid sit quando homo confidens ingenio suo praesumit eius intellectum per se inue
169 1752 1899 1814 stigare. In adiutorio autem diuinae gratiae quae praesumitur adesse quando homo pie & modeste
166 1796 1906 1866 quaerit: non est proprie quaerere nisi domino disserente: & hoc bene faciendum est, vt amplius infra patebit.
488 1846 1898 1912 lrca secundum arguitur quod ve. t, non sit exponendum Primo sic. In eis quae perti-
480 1898 1898 1964 nent ad operationem, vana & inutilis est scientia, si non secundum eam sequantur ope
476 1954 1901 2032 ra. secundum quod dicit Philosophus in principio Ethicorum Sed ve. test. in pluribus prae-
493 2018 1906 2071 ceptis est de iis quae pertinentad opera, vt sunt circuncisio, obseruantia sabbati, & caetera
488 2066 1919 2124 huiusmodi: quae non licet obseruare cum euangelio, vt ostendit Apostolus in epistola ad Ga
493 2110 1907 2177 la. per totum. vanum est ergo & inutile vetus test. scire. Sed non debet exponi nisi vt
479 2173 1945 2234 sciatur. exponi ergo ipsum est vanum & inutile. tale non debet fieri. ergo &c. ⁋ Se x
154 2229 1913 2291 cundo sic. illud quod est causa erroris & exorbitationis a fide euangelica non licet tenere. ve. test. est hu
157 2269 1901 2350 iusmodi: cum suadet illa teneri quae tenere dissuadet fides euangelica, dicente Apostolo ad Gala.
159 2330 1907 2402 Si circuncidimini Christus nihil vobis prodest. cum dictum erat in Gen. Omnis anima cuius caro prae
176 2378 1907 2463 putii circum, non fu. peri. de populo suo. ergo &c. ⁋ Tertio sic. Leui. xxvi. Vetera nouis superuenientibus
162 2434 1902 2511 prolicietis. Glos. Vetera, lex & prophetae: noua, euangelica: proicietis, tanquam mortifera. Sed mortifera non
172 2498 1914 2556 sunt legenda neque exponenda. ergo &c. ⁋ Quarto sic. Chrysostomus super illud Matth. Et apti sunt
172 2550 1905 2608 ei caeli. dicit apud Marcum. Vidit lesus caelos scissos: quia scripturae veteres scissae sunt & inutiles factae.
173 2609 1912 2669 sed ad exponendum inutile non est laborandum. ergo &c. ⁋ In oppositum est illud quod dicitur. ii. Pe.
172 2654 1920 2717 i. Habemus certiorem propheticum sermonem cui attendentes benefacitis. Glos. vt lucem scientiae possi-
178 2717 1918 2773 tis habere. Sed omnis sermo ve. t. est sermo propheticus, no. test. praenunciatiuus, secundum Augustinus
176 2752 1907 2834 ergo ei attendendum est, vt lucem scientiae possimus habere. hoc autem sit exponendo ipsum. ergo &c.
171 2806 1908 2899 ⁋ Dicendum ad hoc quod error Manichaeorum fuit quod ve. te. omnino respuendum erat.
177 2867 1908 2953 & non legendum neque exponendum: tum quia non a bono deo: sed a principe tenebrarum editum
170 2925 1903 3010 erat: tum quia ipsum obseruare non licebat cum euangelio, & ideo non tenere legendo vel exponer
167 2974 1911 3056 do. Quorum dictum quo ad primum articulum supra improbatum est: quo ad secundum articu-
171 3030 1922 3110 lum error est in dicto eorum. Non enim intellexerunt Manichaei vim & efficaciam veteris testamen
175 3096 1921 3166 ti. Etsi enim hominibus carnalibus tunc tporis datum fuit in onus quo ad obseruantias cerimoniales,
173 3146 1921 3229 viris tamen spiritualibus datum fuit quo ad easdem obseruantias in prophetiam: vt in illis obser-
177 3192 1919 3281 uantiis intellectis libertatem spiritus agnoscerent inueniendam in nouo testamento. Si ergo vetus
