2363 3783
473 316 2230 412 catholici qui fidem integram sequuntur & bonos mores, quod ad fidei doctrinam pertinet ita quaerunt, si
465 397 2227 474 quid quaerendum est, vt absit concertatio periculosa: vel ei cum quo quaeritur, vel eis qui discentes audiunt. lta
466 448 2223 518 autem docent: si quid docendum habent, vt vsitata & confirmata securissime & confidentissime & leuissi
470 512 2227 583 me, vt possunt insinuent. Inusitata vero etiam si veritatis manifestatione liquidissima perceperint
473 555 2221 631 quaerendi potius quam percipiendi aut affirmandi modo propter audientis infirmitatem. Si enim tantum pon
484 607 2217 679 dus habet aliquod verum, vt vires discentis excedat: suspendendum est vt expectet crescentem: non
467 659 2231 736 imponendum vt obterat paruulum: aliquando autem & occultandum est: sed cum spe hortatoria, vt non
471 734 2235 791 faciat desperatio frigidiores: sed desiderium capaciores. Inde est illud Domni. Multa habeo vobis. dice-
466 769 2226 844 re: sed non potestis portare modo. & etiam illud Apostoli. Non potui vobis loqui quasi spiritualibus: sed
489 823 2227 906 quasi carnalibus: tanquam paruulis in Christo lac potum dedi vobis non escam: nondum enim poteratis intel-
477 874 2241 946 ligere. Perfectis autem & spiritualibus expositio profunda spiritualis est proponenda. Propter quod idem Apo
473 929 2228 1003 stolus dixit. Sapientiam loquimur inter perfectos. & sequitur. In doctrina spiritus spiritualibus spiritualia comparantes
475 982 2239 1056 spiritus enim omnia scrutatur etiam profunda dei. Vnde quia intellectus profunda expositione eliciendus est mul
479 1031 2243 1108 tum caute in tali expositione procedendum est ne quid temere asseratur nisi quod iuxta regulam fidei certissimae in
485 1095 2244 1176 uentum cognoscatur: qua cautela omissa haereses omnes in ecclesia contigerunt. dicente Augustinus i. par.
472 1143 2227 1213 super loannem. ser. xviii. Neque enim haereses natae sunt: & quaedam documenta paruersitatis illaqueantia animas: &
472 1203 2229 1271 in profundum praecipitantia: nisi dum scripturae bonae intelliguntur non bene: & quod in eis non bene in
482 1250 2237 1320 telligitur: etiam temere & audacter asseritur. lta charissime valde caute audire debemus ad quae ca-
477 1302 2239 1381 pienda sumus paruuli: & corde pio: & cum timore, hanc tenentes regulam sanitatis, vt quid secundum
477 1369 2230 1432 fidem qua imbuti sumus intelligere valuerimus, tanquam de cibo gaudeamus. quod autem secundum
480 1413 2240 1485 sanam fidei regulam intelligere nondum potuerimus, dubitationem auferamus: intelligentiam
487 1467 2227 1534 differamus: hoc est vt etiam si quid sit nescimus, bonum tamen & verum esse minime dubitemus: a quo pror
484 1522 2228 1593 sus fides nostra labi non debet: quae nullis hominum argumentis extorquenda est cordi nostro: ad quam
480 1572 2231 1650 dirigamus ea quae intelligimus: & quae forte non intelligimus, dirigenda ad hanc regulam quando-
489 1625 2242 1715 quod differamus cum idonei fuerimus. Eides enim (vt dicit Glos. super illd Leui. ii. Tollet pugillum similae)-
480 1685 873 1762 est mensura scientiae.
493 1716 2250 1825 ⁋ Ad primum in oppositum, quod homo non potest attingere ad profundam exposi
486 1814 2241 1875 tionem dictorum huius scientiae: Dicendum quod verum est omnia eius profunda perscrutando: & maxime
485 1855 2231 1936 quantum perscrutabilia & scibilia sunt homini. hoc enim homini impossibile in vita ista est. secundum
481 1909 2231 1990 quod dicit Orige. super Exo. Si singula diligenter inspicias, plura in quibus haereat intellectus quam in quibus
483 1962 2241 2039 expediri possit inuenies: pro quibus dicere in oratione debeamus. De profundis clamaui ad te do-
487 2019 2242 2089 mine. & ideo studio eius in hac scientia non est terminus ponendus, vt dictum est supra. Multa tamen profun-
490 2071 2243 2146 da huius scientiae potest inuestigare expositione profunda per gratiam dei quae multum. excedit inuestigationem naturalis
479 2126 2232 2201 rationis. secundum quod dicit Apostolus. i. Corinth. ii. Quia oculus non vidit nec auris audiuit nec in cor hominis
489 2179 2233 2254 ascendit quae nobis reuelauit deus per spiritum suum. Spiritus enim omnia scrutatur etiam profunda dei. ⁋ Ad se
490 2233 2234 2308 cundum quod plus sapere quam oportet est profunda inuestigare: Dicendum quod verum est quando profunda inue
488 2294 2238 2360 stigatio excedit moderamen intellectus inuestigantis. Maxime quando cum hoc excedit regulas fi-
490 2342 2245 2412 dei. Sed est alia profunda inuestigatio sub moderamine intellectus inuestigantis: & ductu rectae ra-
492 2392 2245 2462 tionis iuxta regulas fidei: qua inuestigare profunda non est plus sapere quam oportet. Profunda inue-
493 2446 2246 2518 stigatio primo modo praesumptuosa est: & temeraria: & haereticos facit: quia quaerunt altiora se vt
495 2501 2241 2571 dictum est supra. Vnde dicit Esichius super illud Leui. vi. Omnis qui tetigerit illam sanctificabitur
493 2561 2231 2625 Plane ostendit quod disputando de deoi. i. theologizando sufficit nobis tantum tangere. qui enim vult ca-
492 2609 2245 2685 lefieri: si manum in ignem miserit pro calefactione adustionem sustinebit. Profunda vero inuesti-
489 2664 2233 2734 gatio secundo modo charitatiua est & studiosa: quia manet in sobrietate. Et ideo vbi dixit Aposto
495 2715 2240 2787 lus. Non plus sapere quam oportet sape. statim addidit. Sed sapere ad sobrietatem. Glo sid est inuestigare de my-
492 2771 2240 2835 steriis diuinis sine praesumptione & temperate, quod praeceptum transgressi sunt omnes haeretici. vn
499 2827 2237 2905 de profunda inuestigatio non competit nisi viris spiritualibus & perfectis: caeteris autem perniciosa est.
814 2877 2248 2944 lrca secundum arguitur quod sacra scriptura non sit multipliciter exponenda. Pri-
804 2930 2235 3002 mo sic. Scientia illa quae maxime est scientia veritatis, maxime simplices debet habe
813 2984 2245 3054 re secundumones. secundum quod dicit Seneca. Quae veritati opeam dat omnio, incomposita debet esse & sim
811 3041 2239 3107 plex. scientia ista est huiusmodi: quia omnino falsitate caret, vt patet ex praedeterminatis. Maior autem
814 3095 2246 3169 est sermonis simplicitas cum habet sensum vnicum & vnicam expositionem quam cum multipli
803 3145 2249 3213 cem. ergo &c. ⁋ Secundo sic. cum nom sit expositio nisisit vera: si multiplex esset expo sacrae scri
800 3205 2245 3293 pturae & secundmodis eius: tunc in hoc omnis secundumo eius esset multiplex. Est ei secundumo multiplex qui plures
