2347 3758
108 311 1873 383 continet sensus in quibus potest verificari, secundum Philosophum in Elenchis. Talis autem sermo sophi-
119 385 1869 453 sticus est. theologia ergo esset scientia maxime sophistica, & sermo eius sophisticus. consequens est
113 437 1849 502 falsum: secundum illud. Qui sophistice loquitur odibilis est deo. in quo scriptura ista sermonem sophisti
115 494 1864 558 cum detestatur: vt dicit Augustinus ii. de doctrina christiana. ergo &c. ⁋ In oppositum est Augustinus dicens
108 542 1855 603 in principio super Gen. In libris omnibus sanctis intueri oportet, quae aeterna intimentur, quae facta nar-
106 601 1857 660 rentur, quae futura praenuncientur, quae agenda praecipiantur. vbi quatuor sensus scripturae exprimuntur.
106 658 1860 726 ⁋ Dicendum ad hoc. secundum quod tangit Orig. in Homilis. de natiuitate lsaac, quidam
103 716 1861 782 dicebant quod simpliciter erant intelligendae scripturae, ita quod non nisi literalem sensum oporteret aduer
111 779 1859 847 tere: quod aperte falsum est, quoniam etiam in manifestis historiis oportet alium sensum perquirere. secun
116 827 1859 899 dum quod dicit Orig. ibidem. Quid: putamus quia propositum sit spiritui sancto historias scribere, &
116 884 1859 958 narrare quomodo a lacte depulsus sit puer, & conuiuium factum sit, & quomodo luserit, aliaque
115 932 1860 1000 puerilia gesserit: An per hoc putandum est quod nos diuinum aliquid edocere velit, & dignum quod humanum
104 997 1860 1056 genus dei vocibus discat: & infra ibidem super illud. Ecce ancillam. Haec (inquit) quomodo in-
113 1045 1864 1110 telligi debeant non commentabor. Apostolus infra disseruit dicens: Quae sunt secundum allegoriam dicta. haec ille di
110 1101 1856 1162 cit allegorica esse: vt nos quod faciendum sit in caeteris nouerimus: & in his maxime in quibus nihil le-
114 1154 1860 1221 ge diuina dignum historica videtur indicare narratio. Concedere igitur oportet quod multiplex est expo
116 1198 1859 1272 sitio sacrae scripturae, & alius sensus saepius quaerendus quam littera praetendat. secundum quod dicit Augustinus in ser. de pro
112 1258 1861 1323 prietatibus verbi. Per spiritum sanctum scripturae conscriptae sunt, & sensum habent non eum solum qui in manife
112 1311 1862 1369 sto est: sed & alios quidem latentes quam plurimos. Et illius pluralitatis duplex est necessitas. Vna ex
111 1363 1858 1423 parte nostra. Altera ex parte ipsius scientiae. Ex parte nostra, quia vt dicit Augustinus, xv. de civitate dei loquens de
114 1419 1855 1486 hac scientia, multos sensus peperit eius obscuritas, cum diuinarum scripturarum quisque tractator se-
103 1471 1868 1532 cundum fidei regulam idipsum conatur exponere. & contingunt ista de causa multae expositiones
108 1525 1866 1586 etiam in eodem genere exponendi. Ex parte autem huius scientiae multae conueniunt ei expositiones:
109 1578 1871 1639 quia secundum praedeterminata, scientia ista in dictis suis debet esse foecunda mysteriis: vt sub eadem
109 1628 1865 1689 litera diuersos sensus comprehendat: & in hoc habeat praerogatiuam super omnes alias scientias. secun
118 1686 1861 1755 dum quod dicit beatus Greg. in prolo. mor. Sacra scriptura omnes alias scientias &c. vt habitum est su
120 1739 1858 1804 pra. titulo. vii. q. iiii. Diuersi autem sensus & sententiae secundum diuersa mysteria non possunt explicari
113 1791 1864 1870 nisi diuersis expositionibus. Idcirco absolute dicendum quod ista scientia in dictis suis diuersas de-
118 1843 593 1917 bet habere expositiones.
116 1904 1857 1982 ⁋ Ad primum in oppositum quod simplicior est sermo habens vnicam expositionem
123 1960 1848 2042 quam plures: & similiter ad secundum quod sermo habens plures expositiones, est sermo multiplex &
119 2025 1855 2082 sophisticus: dicendum quod diuersitas expositionum contingit dupliciter: vel secundum eandem rationem
114 2072 1854 2131 intelligendi & significandi: vel secundum aliam & aliam rationem significandi & intelligendi. Diuersitas ex-
108 2127 1862 2192 positionum primo modo solummodo est in sermone multiplici, videlicet quia sub eadem voce, si-
111 2177 1863 2244 ue complexa, siue incomplexa significantur plura vel consignificantur. & iste sermo est sophisticus. Sed
120 2231 1854 2288 talis diuersitas expositionum non est illa quae conpetit huic scientiae: sed quae sit secundum aliam & aliam ratio
112 2284 1872 2343 nem: quia videlicet expositio historica sit secundum significationes vocum, expositiones vero mysticae secundum
120 2341 1857 2406 significationes rerum, & diuersae circa eandem rem propter diuersas proprietates eius. & talis diuersitas
120 2393 1867 2452 non facit omnino sermonem esse sophisticum neque multiplicem: immo sub aequali simplicitate sermo
109 2450 1865 2515 nis qua in aliis scientiis solum sensus vnus continetur, continentur in ista scientia sensus plures. & hoc si
118 2506 1861 2578 gnificat magnam efficaciam & virtutem huius scientiae: quia quanto aliquid est superius & maioris vir-
117 2555 1238 2622 tutis tanto vno simplici plures exercet virtutes & actiones.
453 2611 1851 2698 lrca tertium arguitur quod sacrae scripturae non debent esse sensus nisi duo. Dicit
460 2692 1843 2750 enim Dionysius. in cae. Hier. Duplex est sanctae manifestationis modus. Sancta autem
466 2737 1851 2803 manifestatio diuinorum fit per expositiones huius scientiae. ergo &c. ⁋ Quia solum
469 2787 1856 2857 sunt tres, arguitur. Dicit enim Hu. iii. sententiarum suarum. Tres sunt modi sacrae scri-
459 2840 1864 2914 pturae. Historia quae est rerum gestarum narratio. Allegoria, cum per vnum factum
429 2899 1865 2963 aliud intelligitur. Tropologia. i. moralis locutio, in qua de moribus ordinandis tra
120 2957 1859 3018 ctatur. ⁋ Quia sint. iiii. arguitur. Dicit enim Beda in Glo. super Gen. Quatuor sunt regulae scripturae
114 2999 1857 3060 Hlistoria, quae res gestas loquitur. Allegoria in qua aliud ex alio intelligitur. Tropologia id est moralis
117 3059 1864 3125 locutio, in qua de moribus ordinandis tractatur. Anagogia id est spiritualis intellectus, per quem
125 3105 1853 3167 de summis & caelestibus tractaturi ad superiora ducimur. his enim quatuor quasi quibusdam ro
123 3162 1860 3234 tis diuina scriptura voluitur. ⁋ Quia sint. v. arguitur, quia Augustinus de vtilis credendi, annumerat si
112 3218 1846 3302 militer. iiii. modos, in quibus tangit vnum praeter dictos quatuor dicens. Omnis scriptura quae ve-
