2350 3749
103 278 1847 376 quod prosequitur explanando & exemplificando. Quaedam vero vt dicit ita contexta sunt, vt in eorum
102 364 1846 435 discussione & intellectu immensum nobis exercitii campum ac sollicitudinis reseruent. Quaedam vero vtroque
104 419 1837 487 modo se habent, quae statim declarat dicens. ltaque satis proprie diuina scriptura agro optimo
103 471 1840 537 ac fertili comparatur, qui multa gignat, ac proferat ad hominium victum: vt sine aliqua ignis coctio-
96 521 1848 584 ne proficiant. Quaedam vero nisi prius flammae calore mitigata atque mollita omnem austeritatem de-
111 573 1837 647 posuerint cruditatis, vel incongruentia vsibus humanis, vel noxia sentientur. Nonnulla vero
98 633 1855 703 ita vtrique vsui apta nascuntur: vt nec cocta sua cruditate displiceant, vel offendant: & tamen
107 681 1850 766 ignis calore decocta salubriora reddantur. Plura quoque ad escam tantummodo irrationabilium
106 738 1828 804 iumentorum & animalium, vel ferarum ac volucrum proferuntur cibis hominium minime profutura,
99 790 1834 858 quae etiam in sua asperitate manentia absque vlla ignis coctione vitalem iumentis conferunt satu
96 840 1837 911 ritatem. Quam rationem satis euidenter aspicimus in hoc vberrimorum spiritualium scripturarum pa
97 896 1834 955 radiso contineri, in quo ita quaedam significatione literae plana ac luculenta resplendent: vt cum
95 951 1834 1018 sublimiore interpretatione non egeant, simplici tantum sono literae abundent, pascant, ac nutriant
94 1009 1844 1070 audientes: vt est illud. Audi Israel, domins deus tuus deus vnus est, & Diliges dominum deum tuum ex
105 1056 1838 1130 toto corde tuo, & ex tota anima tua, & ex tota mente tua. Quaedam autem si allegorica explana-
92 1111 1838 1169 tione attenuata non fuerint, & spiritualis ignis examinatione mollita, nullo modo ad salutem in-
106 1158 1845 1236 terioris hominis sine corruptionis labe peruenerit. Magisque ex eorum perceptione laesio quam vtili
95 1215 1834 1275 tas aliqua subsequitur: vt est illud. Sint lumbi vestri praecincti, & lucernae ardentes in manibus ve-
104 1263 1844 1337 stris. & Qui non habet gladium, vendat tunicam suam & emat gladium. & Qui non accipit crucem suam
100 1323 1833 1390 & sequitur me, non est me dignus. Quod quidam indiscretissimi monachorum habentes quidem Se
109 1377 1844 1444 lum dei: sed non secundum scientiam, simpliciter intelligentes fecerunt sibi cruces ligneas: easque iu
101 1432 1828 1495 giter humeris circunferentes non aedificationem: sed risum cunctis videntibus intulerunt. Nonnul-
103 1492 1836 1555 la vero ad vtramque perceptionem tam historicam quam allegoricam, ita commode ac necessarie capiuntur:
106 1540 1837 1606 vt vtraque explanatio vitales succos animae subministret: vt est illud. Si quis te percusserit in dextra
109 1594 1829 1659 maxilla praebe ei & alteram, & Cum persequentur vos in ciuitate vna fugite in aliam, & Si vis perfectus
113 1648 1832 1705 esse, vade & vende omnia quae habes & veni & da pauperibus & sequere me, & habitabo tecum in caelo,
102 1696 1844 1765 Producit sane & fcenum iumentis, quibus pabulis omnes scripturarum repleti sunt campi, simplicen
110 1753 1838 1820 scilicet puramque narrationem historicae lectionis, qua simpliciores quique ac minus capaces perfectae & in
99 1805 1838 1872 tegrae narrationis, secundum status ac mensurae suae conditionem, ad opus tantum actualis vitae, vegetatio-
110 1862 1838 1927 res robustioresque reddantur. Dictum triplicem modum exponendi ponit Augustinus, & declarat per
101 1906 821 1977 exempla. xvii. de civitate dei. c. iii. per totum.
99 1967 1830 2032 ⁋ Ad primum de catechizandis rudibus, dicendum quod per illa tria non intenditur
104 2027 1833 2095 triplex sacrae scripturae expositio: sed triplicis virtutis theologicae promotio: quae potest fieri in
104 2090 1835 2151 qualibet expositione, vna vel pluribus. ⁋ Ad secundum de apostolo dicendum quod dictum illud non est nisi
102 2144 1816 2207 quaedam adaptatio ad sensus sacrae scripturae: sed realiter illa quatuor pro tempore & loco possunt
105 2188 1821 2253 fieri per quodlibet dictum sacrae scripturae. ⁋ Ad argumentum in oppositum, quod non aliter accipere quam li-
99 2247 1823 2306 tera sonat, laudabile est, dicendum quod verum est primo. Vnde dicit in principio illius auctoritatis,
92 2297 1823 2352 Hlic totus sermo primo secundum historiam discutiendus est: Deinde secundum prophetiam. Sane quicunque vo
96 2353 1814 2415 luerit omnia &c. Per hoc ergo non excludit quin etiam secundario sub sensu literali sensus spiritualis vbique
96 2407 1831 2467 quaerendus sit. ⁋ Ad secundum dicendum quod Augu. non loquitur ibi nisi de expositionibus quas natu-
105 2468 1817 2521 ra rei de se inuestigandas insinuat, vt factum pure naturale non insinuat nisi historicum sensum:
94 2513 1829 2572 factum vero per diuinum oraculum, & historicum & mysticum. factum vero quid natura & proprie-
96 2564 1825 2623 tas rerum non patitur, mysticum tantum. secundum quod concordant exempla eius & dictum. Dicit enim
99 2618 1834 2677 sic. Saepe apertis sermonibus insinuat: in quibus nihil praeter quid sonuit inuitat quaerendum: vt est quia
101 2672 1821 2738 Abraham genuit lsaac, lsaac genuit lacob, & caetera talia, in quibus sola tenenda est litera. Quaedam au
106 2724 1817 2783 tem sic commendat, vt pariter literam & mysticum intellectum instruat: vt in transitu maris ru-
104 2777 1829 2848 bri, & manna caelesti & tabernaculo atque arca testamenti. Quaedam tantum mystice: vt cum deum dicit
104 2832 1833 2887 insufflasse in faciem Adam spiraculum vitae, qui os ad spirandum non habet. Vnde licet in primo
93 2883 1830 2952 modo ex natura facti litera non inuitat ad quaerendum aliud quam quid sonat, nihilominus tamen aliud bene
101 2937 1823 2996 potest inuestigare ex proprietate rerum. Vnde Mat id est super illud. Abraham genuit lsaac, lsaac genuit
98 2995 1833 3058 lacob. Glos. interli. Eides genuit spem, fides & spes charitatem. & ita Glo. factum illud exponit mo-
103 3045 1827 3106 taliter. Quod ergo dicit Augustinus, quod in talibus sola litera est tenenda: non intendit quin alia ex
96 3103 1825 3164 positio sit quaerenda: sed quod nullam aliam oportet quaerere, immo quantum est ex natura facti il-
98 3151 1833 3235 lius, litera etsi sola consideretur, tenenda est. Non sic in secundo modo: vbi oportet ad mysterium
98 3204 1120 3282 currere, quia illa non sunt facta, nisi ad alia insinuanda.
