2356 3783
466 294 2193 404 ⁋ Ad primum in oppositum: quod expositio per auctoritatem est potior: quia certior
466 392 2189 459 de intentione scribentis: Dicendum quod verum est quo ad fidem firmandam: ad quam tendit scriben
473 444 2191 510 tis auctoritas: non autem ad intellectum causandum: quem ratio illuminat. ⁋ Ad secundum: quod au-
475 507 2185 568 ctoritati minus potest contradici quam rationi. Dicendum quod hoc solum verum est quo ad adhaeren-
475 550 2198 619 tiam quae est ex fide: ad quam firmandam bene concessum est quod expositio per auctoritatem est potior
471 605 2203 671 Quo autem ad claritatem notitiae minus potest rationi veridicae contradici quam auctoritati: & ita ex
473 658 2194 729 positio per rationem quo ad intellectum causandum potior est. Et secundum hanc viam bene procedit ar-
461 721 1538 785 gumentum in oppositum, sicut patet. alio autem modo nequaquam.
771 772 2201 838 Irca Nonum arguitur: quod expositio scripturae sermone obscuro proponenda est.
775 833 2201 905 Primo sic. Sic sacra scriptura est exponenda vt impios lateat: quia non est sanctum
787 887 2198 952 dandum canibus, quod non fit nisi sermone obscuro expositionem proponendo: vt ipsi
780 939 2198 1004 eam non intelligant. ergo &c. ⁋ Secundo sic. sic exponenda est scriptura ne vile
787 996 2205 1063 scat. sed expositio clara eam vilescere facit. Ob hoc enim claro sermone ipsa tra
776 1051 2185 1122 dita non est: vt infra dicetur. ergo &c. ⁋ In oppositum est,. quoniam si ad hoc scri
791 1106 2197 1170 ptura principaliter exponitur vt intelligatur: sic maxime debet exponi: vt
472 1148 1861 1220 maxime possit intelligi. Maxime autem intelligitur sermone claro. ergo &c.
478 1203 2204 1282 ⁋ Dicendum: quod expositores cuiusque scientiae non tam sibi laborant vt intellectum
476 1274 2184 1344 in scripturis per expositiones suas editas memoriter habeant: quam aliis: vt quid non per se aut non fine
468 1331 2185 1389 difficultate capere possent, per aliorum expositionem faciliter intelligant. Hoc autem non fieret, nisi ser-
473 1382 2194 1446 mone suo claro expositionem proponerent: Expositio igitur bene edita quaecumque sit: non sermone obscuro
472 1438 2187 1501 sed claro proponenda est: vt expositio vlteriori expositione non indigeat. Et hoc est quod Augustinus iiii. de
471 1493 2203 1551 doct. Christiana contra eos quiputarent obscuro sermone a nobis celandos esse diuinos sermones (sicut
471 1538 2188 1610 cut & ab Academicis philosophici sermones obscuritatibus occultati sunt) dicit. Etsi nos de lris
466 1595 2196 1663 eorum quae sine difficultate intelliguntur, nonnulla sumamus: tamen nequaquam putare debemus imitandos eos
470 1645 2189 1716 nobis esse in his quae ad exercitandas & elimandas quodam modo mentes legentium, & ad rumpenda fastidia-
465 1714 2193 1768 atque acuenda studia discere volentium: celandos quoque: siue vt ad pietatem convertantur: siue vt a my
459 1752 2188 1817 steriis secludantur, animos impiorum vtili atque salubri obscuritate dixerunt. Sic quippe illi locuti
467 1807 2197 1877 sunt: vt posteriores qui eos recte intelligerent & exponerent, alteram gratiam disparem quidem veruntam sub
467 1858 2191 1927 sequentem, in dei ecclesia reperirent. Non igitur ita expositores loqui debent tamquam seipsos exponendos
465 1909 2202 1971 simili auctoritate proponant: sed in omnibus sermonibus suis vt intelligantur elaborent ea, quantum pos-
473 1963 2200 2038 sunt, perspicuitate dicendi: vt aut multum tardus sit quid non intelligit: aut in rerum quaes explicare atque osten-
463 2018 2201 2088 dere volumus difficultate ac subtilitate non in nostra locutione sit: qua minus tardius ve possit
462 2075 2200 2142 intelligi. In libris autem quid ita scribuntur vt ipsi quodam modo lectorem teneant cum intelliguntur: cum non intelli
465 2128 2203 2196 guntur, molesti non sunt volentibus legere. Et in collationibus patrum. Non est hoc officium deserendum: vt ve
477 2181 2200 2250 ra quamuis ad intelligendum difficilia quae ipsi iam percepimus cum quantocumque labore dispotonnis ad aliorum intel
474 2233 2195 2303 ligentiam perducamus. Et ex hoc contingit quod illa quae breuiter dicta sunt ab auctoribus, longos tracta-
476 2281 2206 2354 tus habent in expositoribus. secundum quod dicit Aug. parte prima super Ion ser. xxxvii. Quae in sctom euangelio
468 2339 2204 2429 breuiter dicuntur, non breuiter oportet exponi: vt quod auditur, intelligatur. Verba enim pauca sed
473 2398 1373 2465 magna sunt, non numero aestimanda, sed pondere
465 2430 2207 2531 ⁋ Ad primum in oppositum: quod scriptura impiis est abscondenda: Dicendum quod verum est
475 2510 2205 2570 subtrahendo eis expositionem & verbo & scripto: quod tamen exponitur propter pios erudiendos: siue ver
463 2576 2208 2638 bo siue scripto, clarissimo sermone quantum possibile est: proponendum est. & hoc quantum est ex parte
467 2617 2210 2677 nostra: nisi forte generalis status pro tmpere repugnet: quia profundior expositio propter multitudinem in
477 2674 2213 2745 capacium non expedit. Sed nec tunc profundior expositio omnino celanda est: sed in expositione obscuriori
480 2729 2203 2800 aliqua indicia eius sunt exprimenda: per quae capaces superuenientes eam quoquo modo aduertere poterunt.
478 2789 2203 2852 dicente Greg. Exo. xxxv. in Gl. Plerumque magistri signant: quod ab auctoribus capi non posse
483 2836 2196 2909 considerant. ⁋ Ad secundum: quod clara expositione vilesceret: Dicendum quod non est verum: immo eam magis de
481 2887 2204 2960 siderabilem faceret, viso quod sub simplici & obscuro sermone latet profundissima intelligentia. In sola
483 2943 2211 3016 enim prima scientiae editione sua, solet scientia propter nimiam claritatem suam vilescere: nec diligentia ei ape
483 2995 2197 3066 poni. Propter quod ista scientia ab initio in multis obscure tradita est: intermixtis est quibusdam claris: qui
472 3045 2216 3119 bus obscura patescunt: quae cum primo obscure sunt tradita ne vilescant: & postmodum clarissime ex
474 3105 2195 3176 posita, summe delectant. Et hoc est quod Augustinus ii. de doi. chrili. loquens de sacra scriptura dicit: quod legen
481 3166 2200 3228 tes nihil aliud appetunt, quam cognitiones voluntatesque eorum a quibus conscripta est: & per illas voluntatem
483 3207 2187 3300 dei: secundum quam tales homines locutos credimus: sed multis & multiplicibus obscuritatibus & ambi
