2349 3777
442 284 2194 389 fuit. Vnde in huius significationem legitur Matth. xiiii. de quinque panibus, per quos secundum Glos. intel
451 375 2196 452 ligitur sacra scriptura, quod Christus eos benedixit & fregit: & dedit discipulis. Per quod intelligitur sua
453 437 2194 501 expositio prima: qua eam in cordibus apostolorum exponit. secundum quod ibi dicit Glos. Benedixit, & fregit:
458 479 2190 543 quia prius dedit discipulis sensum, vt intelligerent scripturas. Discipuli autem eos confractos appo-
456 532 2191 596 suerunt: quia iuxta expositionem quam a Christo susceperant: turbis exponere vlterius debebant. secundum quod
447 601 2197 657 ibi dicit Glos. Dedit discipulis, discipuli autem turbis, vt per ministerium discipulorum aliis exponantur.
468 634 2194 707 ⁋ Ad secundum, quod temerarium est dicere in scripturis quod Christus non dixit: Dicendum quod verum est
464 689 2196 759 de eo quod nullibi dixit: ita quod nec in scriptura, aut explicite, aut implicite, nec in obseruatione communi
466 749 2187 813 & auctoritate ecclesiae tenetur. Haec enim censentur esse Christi dicta. Secundum enim quod dicit Augu. ad lanua
468 800 2196 863 rium: quae non scripta, sed tradita custodimus: quae quidem toto terrarum orbe obseruantur: dantur
464 853 2203 921 intelligi vel ab ipsis apostolis, vel plenariis conciliis: quorum est in ecclesia saluberrima auctoritas con
465 908 2204 971 mendata atque statuta teneri. Et quaecumque talia sunt: intelliguntur ex dictis & factis Christi: quae quo
453 954 2205 1026 dam modo dicta sunt descendisse per apostolos, vel reuelatione quam memoriter retinuit ecclesia, vniversl
460 1013 2196 1084 per scripturas, aut implicite, aut explicite: vt possit veridicae rationis consequentia ex illis explicari-
474 1071 2202 1142 Vnde cum nihil debet assumi in expositione nisi iuxta regulam fidei vt dictum est supra: & omne
462 1130 2196 1189 tale, vel ex scriptura, vel obseruatione communi ecclesiae habetur: nihil omnino debet assumi in ex-
458 1171 2210 1253 positione sacrae scripturae: nisi aliquo modo dictum a Christo. Et ideo per illud quod nullo mo-
462 1224 2205 1295 do potest ostendi dictum a Christo: quale est illud de quo est sermo: omnino esset temerarium scri
460 1280 2212 1359 pturam exponere. Vnde Augustinus de hoc in serm. dicto. Quae cum ipse tacuerit, quis nostrum
471 1333 2209 1398 dicat: ista vel illa sunt: aut si dicere audeat, vnde probat: Quis enim est tam vanus, aut temerarius:
464 1389 2196 1461 qui cum dixerit etiam vera, sine vllo testimonio diuino affirmet ea esse: quae tunc dominus dicere
474 1445 2208 1505 voluit: Et ideo dicit Damascenus in principio sententiarum suam. Omnia quae tradita sunt nobis
466 1496 2209 1574 & per legem & prophetas & apostolos & euangelistas, suscipimus & veneramur & cognoscimus:
454 1553 965 1636 nihil vltra hoc inquirentes.
801 1633 2220 1719 lrca secundum arguitur, quod cuiuslibet hominis sit exponere hanc scientiam. Pri-
807 1698 2204 1781 mo sic. Cuius est habere habitum: eius est agere secundum ipsum. expositio sa
814 1759 2206 1828 crae scripturae est actio procedens secundum habitum fidei vt dictum est supra. Habe-
809 1808 2206 1882 re antem habitum fidei cuiuslibet hominis est indifferentur: quia secundum Au
814 1867 2209 1937 gust. posse credere naturae est hominum: credere autem gratiae est fidelium: quam lar-
801 1916 2217 1987 gitur sine personarum acceptione. ergo &c. ⁋ Secundo sic. primae Corinth. xiiii. di
468 1979 2205 2042 cit apostolus. Potestis omnes per singulos prophetare, vt omnes discant & omnes exhortenter. Et lo-
469 2036 2214 2092 quitur de prophetia sacrae scripturae in occulta exponendo. Quia vt dicit Glos. ibidem. Quia si alii reue-
478 2072 2199 2146 latum fuerit sedenti, prior taceat. datur aliquando inferiori quod non superiori. ergo &c. ⁋ Contra est
464 2130 2216 2202 illud Clementis papae. dist. xxxvii. in ca. Relatum. Oportet ab eo scientiam addiscere scripturarum: qui eam
467 2187 2213 2261 a maioribus secundum veritatem sibi traditam seruat, qui non est quilibet indifferenter. ab eo autem
469 2239 1086 2321 discitur qui eam exponit. ergo &c.
472 2270 2215 2371 ⁋ Dicendum ad hoc: quod expositio sacrae scripturae potest fieri ab homine dupliciter-
478 2372 2199 2429 vel per sapientiam acquisitam humano studio diuina gratia assistente, secundum conmunem modum
475 2412 2214 2478 administrationis gratiae, vel per sapientiam ex gratia speciali subito infusam. Secundo modo cuiusli
466 2469 2215 2532 bet est eam exponere, secundum quod spiritus sanctus potest cui vult gratiam ad hoc ministrare: quia spi
478 2520 2204 2579 ritus vbi vult spirat. loan. iii. In hoc casu loquitur Apostiun is Corinth. xiiii. vt obiectum est in secundo argu
477 2573 2209 2638 mento. Primo autem modo nequaquam: vt processit ratio vltima. immo requiritur quod sit eleuatus in spi
473 2634 2209 2696 rituali vita: & exercitatus in eis quae continet ista scientia, vt quo ad primum spiritualis iam factus sit
476 2679 2204 2741 dono diuinae gratiae. Spiritualis enim omnia iudicat. i. Corinthi. ii. quo ad secundum: vt omnem mo
475 2741 2210 2800 dum huius scientiae nouerit studio humanae industriae. Perfectorum enim est solidus cibus: eorum
472 2793 2200 2864 qui pro ipsa consuetudine exercitatos habent sensus. vt dicitur Hebr. v. De vtroque simul dicit Chry-
472 2841 2207 2913 sostomus exponens illud. Nolite sanctum dare canibus: neque margaritas mittere ante porcos. Myste-
468 2888 2202 2962 ria (inquit) veritatis margaritae sunt: quia sicut margaritae inclusae cochleis positae sunt in profun-
476 2945 2206 3015 dum maris: sic & mysteria diuina in verbis inclusa posita sunt intus in altitudine sensus scripturarum
479 3001 2202 3062 sanctarum. Et sicut non omnis homo potest se mergere: & de profundo tollere margaritas: nisi ar
474 3054 2202 3114 tifex qui habet vsum illius rei: sic non omnis homo potest descendere in altitudinem sensuum: &
477 3109 2205 3177 illic inuenire mysteriorum absconditas margaritas: nisi vir spiritualis qui habet exercitationem spi-
471 3167 2194 3231 ritualium narrationum dei. Et qualis debet esse ista exercitatio: bene exponit Augustinus in principio
468 3215 2192 3303 tertii de doctrina christiana dicens. Homo timens deum qui voluntatem dei in scripturis sanctis dili
