2314 3774
435 293 2176 389 men pertinet: vtrum caelum sicut sphaera vndique concludat terram in medio mundi molem libratam
429 367 2160 443 an ea ex vna parte desuper velut discus aperiatur. Sed quia de fide agitur scripturae, breuiter dicen-
430 414 2173 491 dum est de figura caeli hoc sensisse auctores nostros: quod veritas habet: sed spiritum dei qui per eos lo
441 482 2167 553 quebatur noluisse ista docere homines nulli saluti profutura. De motu etiam caeli nonnulli fratres
439 524 2176 605 quaestionem mouent: quibus respondeo, multum subtilibus ac laboriosis rationibus ista perquiri:
433 580 2175 653 quibus tractandis, nec mihi tempus est: nec illis esse debet, quos ad suam salutem & sanctae eccle-
438 633 2164 711 siae necessariam vtilitatem cupimus informari. Sola ergo talia quorum notitiam spiritus sanctus fi
436 688 2179 757 dei nostrae dictauit profuturam, tanquam materia sunt de consideratione huius scientiae: siue pertineant ad
430 754 2179 815 rerum naturalium creationis: siue ad humanam reparationem: & hoc siue a prophetis conscri-
439 792 2174 873 pta sunt: siue non. Caetera vero omnia vt sunt principaliter in aliis scientiis exposita & determinata: licet
443 850 2176 917 non pertineant ad istam scientiam: neque vt subiectum: neque vt materia eius: si tamen ei in aliquo potuerint
433 910 2165 969 esse proficua: in vsum eius libere sunt assumenda: vt dictum est supra. Quidam autem attendentes
432 966 2167 1022 ad ea quae tractantur in hac scientia: & non rationem diuersam: secundum quam aliqua considerantur
445 1020 2174 1079 in ea vt materia tantum: aliud vero vt subiectum proprie dictum: generalius assignauerunt subiectum
447 1064 2179 1129 huius scientiae vt dictum est. Hugo enim de sancto Victore attendens ad illud quod velut materia principalius tra
449 1120 2181 1185 ctatur in hac scientia: dixit materiam & subiectum esse huius scientiae opus reparationis, quod est Chri
444 1173 2177 1240 stus: & eius sacramenta. & secundum Cassiodiodorum totus Christus, caput & membra. & secundum ipsos sa
441 1228 2187 1295 cra scriptura non tangit opus creationis: quod est mundus & eius elementa: nisi vt competentius accedat
443 1289 2167 1354 ad ea quae sunt recreationis. Non enim conuenienter posset ostendere, qualiter homo sit reparatus
448 1343 2181 1402 nisi prius describeret qualiter sit lapsus: neque qualiter sit lapsus nisi prius ostenderet qualiter a deo
440 1389 2175 1453 sit institutus: ad cuius declarationem opus fuit describere vniuersalem rerum creationem. Vnde qui-
444 1441 2177 1499 dam alii attendentes quod opus reparationis est principalis materia huius scientiae: dicebant subie-
444 1496 2178 1568 ctum eius esse determinandum per respectum ad huiusmodi materiam: vt quod deus non simpliciter debeat dici
452 1548 2183 1619 subiectum huius scientiae: sed solum inquantum redemptor aut reparator. Quod nullo modo potest stare:
454 1614 2178 1670 vt dictum est supra: quia tunc nullo modo opus creationis posset dici esse de hac scientia vt ma-
454 1661 2176 1726 teria, cum non se habeat per aliquam relationem seu attributionem ad deum vt est redemptor: sed
441 1711 2182 1772 solum vt est creator. Tunc etiam scientia ista fuisset dicenda habere aliud subiectum ante lapsum
444 1765 2174 1832 si stetissent homines in statu innocentiae: quam vt sibi necessariam habuissent: licet non literis
447 1821 2183 1883 conscriptam: sicut fides eis necessaria fuisset: vt debet declarari loquendo de fide: & tamen deus vt
444 1871 2179 1939 reparator: tunc subiectum eius dici non potuisset: quia nihil fuisset reparandum. Augustinus autem attendens
460 1927 2181 1991 ad totam materiam & creationis & reparationis, etiam sub materia comprehendendo subiectum, di-
449 1987 2179 2054 cit sacram scripturam esse de rebus & signis veluti de quodam toto integrali. Est enim tota scriptu
455 2035 2179 2100 ra sacra de deo in opere creationis & reparationis manifestato. Quidam autem volentes haec omnia con
458 2090 2180 2145 iuncta reducere ad totum quoddam vniuersale: vt ad subiectum conmune continens omnia quae in hac
444 2144 2183 2202 scientia tractantur: dicunt subiectum huius scientiae esse ens diuinum: quia omne de quo tractat
460 2194 2184 2265 haec scientia: aut est ens diuinum per essentiam: cuiusmodi est ipse deus trinitas: aut per participationem: vt
461 2245 2182 2308 sunt omnia alia quia ens diuinum dicitur aliquid participatione quo ad esse: sic ens diuinum dicitur omne perti
456 2302 2180 2360 nens ad opus creationis: aut dicitur aliquid ens diuinum principatione quo ad bene esse: sic dicitur ens diuinum
461 2358 2180 2427 omne pertinens ad opus recreationis: & haec sunt omnia de quibus tractat haec scientia. Si enim tractat de poe
461 2414 2180 2478 nis & peccatis: hoc est tanquam de defectibus & priuationibus istorum. Et patet ex praedictis: quod non sic tale
455 2466 2181 2522 commune potest hic assignari subiectum: quoniam quandocumque assignatur aliquid subiectum tamquam vniversale commune in scientia: oportet
458 2517 2175 2583 quod ea quae in scientia sub illo considerantur, non considerentur secundum rationes, proprias: neque secundum rationem, propriam ali
463 2571 2193 2638 cuius illorum: sed secundum conmunem rationem subiecti: secundum quod in prima philosophia: vbi ens simpliciter est subiectum: non
459 2619 2181 2687 consideratur substantia secundum, propriam rationem qua substantia est: sed secundum rationem conmunem qua ens est.
464 2677 2183 2740 similiter neque qualitas, neque quantitas, neque aliquid aliorum. Si enim secundum, propriam rationem qua substantia
455 2735 2185 2793 est: substantia ibi consideraretur: & alia non alia ratione quam propter attributionem & relationem eorum
452 2788 2187 2855 ad substantiam: substantia non ens simpliciter ibi subiectum deberet poni. Quare cum ea quae considerantur
453 2838 2192 2896 in hac scientia non considerantur in ea secundum rationem aliquam communem quae non sit propria alicuius
454 2890 2182 2948 illorum quae in ea considerantur: Ratio vero esse diuini etsi communis sit omnibus quodammodo vt dictum est:
465 2943 2183 3005 illa tamen est per se propria alicui illorum. scilicet deo: & non conuenit aliis nisi per attributionem ad deum: Deus igitur
458 2996 2186 3059 ipse non aliquod commune secundum rationem communem ad ipsum & ad alia acceptum debet poni hic subiectum: mo
457 3052 2192 3127 do contrario ei quod contingit in prima philosophia: vbi ens simpliciter non aliquod ens vnum subiectum po-
457 3102 2194 3158 nitur: vt praedictum est. ⁋ Ex quo etiam patet quod non valet assignatio qua alii assignant subiectum com
468 3156 2192 3226 mune ens credibile. Licet enim nihil consideratur in hac scientia nisi sub ratione credibilis: illa tamen
461 3212 2178 3288 est vnius eorum quae considerantur in hac scientia: & primo ei conuenit secundum propriam ra-
