2336 3771
439 304 2182 395 imaginem tranfformamuri. i. vt dei imago & di id est similes deo simus. Tamquam a domini spiritui. i. ducti a deo. Acla-
450 376 2184 443 ritate in claritatemi. i. a claritate maioris cognitionis dei in claritatem minorem cognitionis creatu-
447 432 2176 497 ratum. Vnde bene competit proprietati huius scientiae quod dicit Auicen. de deo in iiii. Metaph. suae.
449 477 2187 547 Non potest fieri demonstratio de deo: sed ipse est demonstratio de omni quod est. Vnde perscrutari
454 534 2186 606 volens & pertractare scibilia huius scientiae, primo debet tractare ea quae sunt consideranda de deo
456 580 2191 652 vt de subiecto huius scientiae. deinde consequenter de aliis relatis ad deum: vt de creaturis, quae sunt
450 638 2191 708 materia huius scientiae, quem quidem modum nos obseruabimus in prosequendo. ⁋ Ad argumenta in
450 688 2187 755 oppositum oportet respondere: quia nituntur ostendere quod nihil consideratum & cognitum ex alia
459 744 2183 809 scientia ductu naturalis rationis potest esse materia huius scientiae vel fidei obiectum. ⁋ Ad pri-
451 801 2194 867 mum quod ista scientia quia est vniuersalis non debet considerare ea quae sunt aliarum scientiarum:
461 855 2189 929 Dicendum quod est quaedam scientia vniuersalis ratione rei consideratae in ratione subiecti: quaedam ve-
463 906 2197 971 ro ratione modi considerandi. Ratione rei consideratae scientia illa dicitur vniuersalis: quae considerat
462 961 2198 1030 rationes rerum vniuersales: & generales earum proprietates: quarum scientiae particulares consi-
466 1014 2196 1083 derant rationes particulares & particulares proprietates: sicut vniuersalis scientia dicitur Metaphysica quae
467 1078 2188 1132 considerat de vnoquoque genere entis secundum quod ens est: non secundum quod tale ens est: & generales pro
477 1124 2200 1187 prietates omnium entium, quae sunt vnum multum actus potentia &c. huiusmodi. cum scientiae particulares sub
465 1181 2197 1240 ipsa considerant diuersa entia particularia, & particulares proprietates eorum: vt determinat philosophus
459 1224 2204 1294 iiii. Metaph. Ratione autem modi considerandi dicitur scientia illa vniuersalis: quae superiori & ge-
466 1286 2196 1350 neraliori modo considerat entia: cum scientiae sub ipsa considerant ea modo inferiori & determina
459 1334 2187 1414 to magis. Sicut in proposito sacra scriptura vniuersalis dicitur ad omnes alias scientias humanas:
470 1389 2202 1462 quia speculatur sua speculanda. lumine fidei & diuinae reuelationis: cum aliae scientiae nihil speculantur
466 1452 2198 1512 nisi lumine naturalis rationis: secundum quod de hoc habitum est superius. Loquendo de scientia vni-
472 1506 2198 1566 uersali primo modo, bene verum est quod non habet considerare ea quae sunt particularium scientia
471 1553 2205 1620 rum: neque iudicare: quia sunt extra rationem sui subiecti. Est enim subiectum Metaphysicae ens in
472 1604 2193 1674 quantum ens: non inquantum tale ens est. & ideo extra hoc quod considerat illa scientia vniuersalis de
473 1658 2196 1730 quolibet genere entis inquantum est ens, debent esse scientiae particulares: quae considerant diuersa
468 1723 2197 1788 genera entis, inquantum talia entia sunt. De scientia vero vniuersali secundo modo hoc non est verum:
473 1764 2198 1836 quia nullum ens particulare rationem subiecti eius excedit: quia omne ens quantuncumque particulare, dum tamen
476 1821 2203 1891 rationem credibilis habeat: per attributionem se habet ad deum in ista scientia. Sic enim omnia quae habent rationem
474 1877 2204 1942 credibilis: & pertinent ad materiam huius scientiae comprehenduntur sub subiecto huius scientiae quod deus est: non
471 1925 2199 1989 vt partes eius vel accidentia: sed vt ad ipsum aliqualiter ordinata: vnde ista scientia vsque ad vltima sin-
473 1988 2205 2051 gula quaruncumque rerum speculatur: dum tamen ad notitiam fidei pertineant: & in hoc ista scientia multum in vniversalitate
475 2032 2211 2106 & potestate excedit primam philosophiam. ⁋ Ad secundum quod naturalis inuestigatio sufficit ad notitiam omnium re
475 2095 2204 2158 rum naturalium. ergo non debet pertinere ad hanc scientiam fidei: Dicendum est ad hoc quod licet ista scientia princi
469 2154 2203 2212 paliter est de iis quae facultatem humanae rationis excedunt: vt suppleat in nobis notitia fidei: id ad quod natu
471 2204 2201 2266 ralis notitia non potest attingere: vt est circa deum: quod sit trinus & vnus: & circa creaturas est prima rerum
484 2255 2201 2318 productio quam describit Moyses in principio Gen. &c. huiusmodi. Secundario tamen bene est de illis ad quae etiam
479 2308 2202 2372 naturalis ratio potest attingere: vt sunt: deum esse vnum: & mundum a deo factum: & caetera huiusmodi: quae philosophi
474 2357 2202 2420 in scientiis suis naturalis rationis inuestigatione tractauerunt. Amborum autem notitia quantum spiritus sanct. op-
477 2411 2211 2482 portunum nobis fore dictauit, per hanc scientiam nobis credenda proponitur: quod quidem nobis necessarium erat val
482 2468 2201 2535 de & opportunum: quod patet quantum ad ea quae excedunt facultatem naturalis rationis ex supra determinatis
485 2521 2208 2577 circa necessitatem huius scientiae. nisi enim illa quae naturalem rationem excedunt per istam scientiam fidei nobis essent
476 2579 2212 2644 reuelata: quicquam quid de illis cogitare posset humana fragilitas non haberet: vt dicit Augustinus se. id est super lonem.
486 2629 2201 2691 quare nec desiderio aliquo ad illa ebtinenda tenderet. nihil enim desideratur nisi cognitum. Quia igitur
477 2676 2210 2742 homo naturaliter ordinatur ad obtinenda illa quae naturalem rationem excedunt: vt enim dicitur
474 2734 2205 2795 in Esa. Oculus non vidit deus absque te: quae praeparasti diligentibus te, quod expressius dicit Apostolus
482 2786 2213 2847 Oculus non vidit: nec auris audiuit: nec in c. h. aia. quod picli. dcid scilicet & ad alia non posset attingere nisi ea di
471 2832 2209 2906 ligendo & desiderio suo ad ipsa tendendo: vt illa aliquando attingere posset: necesse fuit ex diui-
474 2896 2201 2959 na prouidentia illa hominibus per istam scientiam reuelari. de quibus dicitur Ecclesi. iii. Plurima super
481 2947 2198 3019 sensum hominis ostensa sunt tibi. & hoc principaliter propter quinque. Primum vt homo ex caelestium
483 2998 2208 3072 & aeternorum cognitione excitaretur ad eorum amorem. Secundum vt ex hoc per amorem caelestium re-
470 3067 2204 3125 traheretur ab amore terrenorum. Tertium vt per hoc exigua quae de aeternis docet haec scientia:
477 3110 2205 3167 disceret homo cogitare eximia. Quartum vt credendo aliquid esse super id quod est & quod po-
479 3162 2215 3229 test cogitare, diuina & caelestia reuerenda cognosceret. Quintum vt confunderetur humana teme
477 3214 2211 3297 ritas, quae naturali ingenio omnem praesumeret posse inuestigari notitiam. secundum quod omnia haec
