2346 3734
470 256 2211 358 tur illi qui sunt sine lege: & ideo multipliciter laborant: secundum quod de illis dicitur Ecclesi. x. Labor
462 343 2212 426 stultorum perdet eos qui nesciunt in vrbem pergere. Vnde plus solidae veritatis de secretissimis dei, &
468 402 2200 474 necessariis ad salutem modo scit vna vetula quam antiquitus sciuerunt omnes philosophi. Quod bene
457 452 2205 549 promisit dominus dicens per Esa. prophetam. Ponam vniuersos filios tuos doctos a domino: & per se
470 506 1409 603 cognoscent me a minimo eorum vsque ad maximum.
615 587 2215 704 Articu. & X. Quomodo in Theologia de deo & de diuinis locutio sit ha-
620 687 1743 763 benda: & quomodo intellecta de eis sit exponenda.
954 748 2219 813 Voniam vt ait Augustinus i de doctrina cristiana, res quibus vtitur omnis
954 808 2222 881 tractatio scripturarum sunt modus inueniendi quae intelligenda sunt:
942 860 2221 926 & modus proferendi quae intellecta sunt: Inuento igitur quae & qualia
952 915 2212 977 ex sacra scriptura intelligenda, siue cognoscenda sunt: quomodo scilicet Theo
947 970 2212 1031 logia sit scientia de deo, & de rebus diuinis: & quomodo deus & diui-
951 1027 2218 1096 na in ea sunt intelligenda & cognoscenda: sequitur videre quomodo de
954 1079 2223 1145 deo & de diuinis in ista scientia locutio sit habenda: & ita quomodo in
951 1139 2109 1202 tellecta de eis sunt proferenda. Et circa hoc quaeruntur quatuor.
952 1183 2210 1262 Primum: vtrum sermone humano de deo, & de rebus diuinis debeat vti
953 1241 1192 1308 haec scientia.
937 1287 2212 1360 Secundum: vtrum indifferenter loqui debeat de eis significando ea re
456 1347 751 1425 bus & vocibus.
467 1402 2043 1476 Tertium: vtrum loqui debeat de eis sermone proprio & claro: an figuratiuo & obscuro.
473 1461 1634 1530 Quartum: vtrum de eis loqui debeat sermone simplici, an ornato.
809 1512 2225 1573 Irca primum arguitur quod ista scientia non debeat vti loquendo de deo & de re
809 1568 2221 1637 bus diuinis sermone communi humano. Primo sic. illo sermone non debet vti haec
810 1625 2212 1680 scientia loquendo de deo, & de rebus diuinis, qui est causa erroris circa illa: quia
801 1677 2216 1745 scientia omnis est vt dirigat sermonem contra errorem. sermo humanus est
802 1727 2219 1793 huiusmodi: quia est impositus rebus naturalibus: significans dispositiones & na
797 1785 2218 1846 turas earum, quae non attribuuntur diuinis rebus & deo nisi per errorem. quare
464 1835 2212 1904 non potest vti sermone humano: loquendo de deo & de rebus diuinis: nisi attribuendo eis disposi-
463 1900 2206 1964 tiones & naturas huiusmodi, quae per ipsum significantur: quia quandocumque loquimur de aliquibus: attri-
459 1941 2217 2013 buimus eis proprietates, quas significant verba quibus loquimur: quae deo non nisi per errorem pos
456 2002 2208 2074 sunt attribui. ergo &c. ⁋ Secundo sic: signa ad placitum instituta per pactiones & consensiones ho
466 2054 2214 2123 minum non inducunt in notitiam vlteriorem quam ad quam significandam instituta sunt: vt si circu-
452 2107 2215 2177 lus est institutus ad significandum vinum: nunquam inducit ad cognoscendum in cellario esse bladum
459 2165 2207 2228 sed omnis sermo humanus est signum institutum ad placitum per hominum pactiones & consen
466 2211 2205 2275 siones: quia sermo omnis symbolum est: vt dicit Philosophus in de sensu & sensato. & secundum
457 2272 2196 2338 quod dicit Augustinus de doctritati. christiana lib. ii. omnes hae significationes (& loquitur de significationibus
475 2322 2203 2392 vocum & literarum) pro suae cuiusque societatis consensione animos mouent. sed non est institutus nisi ad si-
468 2379 2203 2453 gnificandum conceptus naturali cognitione comprehensos: quia nemo imponit nomen nisi eis quae
465 2428 2218 2495 nouit. ergo non potest ducere in conceptus supernaturales comprehendendos. omnes autem conce
468 2486 2203 2560 ptus huius scientiae sunt supernaturales quia fidei: vt patet ex habitis supra. ergo &c. ⁋ In contra-
463 2550 2206 2606 rium est illud. xvii. de ciui. dei. Deus per hominem more hominum loquitur. & loquitur ibi Augus.
466 2593 2212 2667 de modo locutionis huius scientiae. ergo &c. &. lxxxiii, quod quid xxi. dicit. Diuinae scripturae a terreno & hu
465 2648 2209 2717 mano more ad diuinum & caelestem nos erigentes vsque ad ea verba descenderunt: quibus inter se
470 2704 1217 2791 etiam stultissimorum vtitur consuetudo.
465 2751 2215 2861 ⁋ Dicendum quod alia est ista quaestio: an ista scientia debet vti de deo & de rebus
476 2856 2211 2915 diuinis loquens sermone humano: & illa, an deus possit significari sermone humano: de qua erit ser
469 2898 2212 2970 mo inferius: vbi erit disputatio de diuinis nominibus: an scilicet deus sit nominabilis. siue enim deus sit
470 2953 2211 3022 nominabilis proprio sermone: siue non: bene contingit dubitare an nominibus rerum naturalium vten-
480 3008 2213 3077 dum est in scientia quae de deo, & de diuinis rebus tradit notitiam. ⁋ Intelligendum est igitur ad quae
471 3062 2203 3129 stionem propositam: quod cum sermone ad hoc vtitur scientia: vt per eum doceat de rebus: sermo au
472 3113 2207 3175 tem non docet quia vox est: sed quia significatiuus existens, non simpliciter: sed ei qui doceri de-
472 3166 2208 3238 bet. Vnde graecus per dictiones latinas doceri non posset: quia licet sint significatiuae aliquibus: ei
473 3223 2218 3302 tamen non sunt significatiuae. propter quod dicit Philosophus. iiii. Metaphy. Necesse est vt sermo loquentis
