2351 3780
466 310 2212 406 praebeat expressioni sententiae, omnino vtilis est & curanda. secundum quod dicit Augustinus iiii. de doct.
466 389 2199 458 Christia. Illum oportet attendere qui potest disputare vel dicere sapienter etiam si non potest eloquenter
464 428 2214 510 vt prosit audientibus: etiam si minus, quam prodesset si etiam eloquenter posset dicere. Porro qui non so
468 492 2208 567 lum sapienter verum etiam eloquenter vult dicere, profecto plus proderit: si vtrumque potest. Qui ergo (vt
475 551 2217 617 dicit in eodem) docet, vitabit verba omnia quae non decent: & si pro eis omnia quae intelligantur integra po-
484 609 2204 676 test dicere, id magis eligat: si autem non potest, aut quia non sunt: aut quia in praesentia non occur
475 657 2217 722 runt: vtatur verbis minus integris: dum tamen ipsa res doceatur & discernatur integre. Tamen sic de
465 713 2211 777 trahat ornatum vt sordes non contrahat: quia per hoc summe impeditur in auditore promouen-
465 760 2211 829 da vtilitas. secundum quod dicit in eodem in principio. Cum per artem rhetoricam & vera suadeantur &
467 817 2224 885 falsa, quis audeat dicere aduersus mendacium in defensionibus suis inermen debere consistere veritatem, vt
476 871 2216 938 videlicet qui res falsas persuadere conantur, nouerint auditorem vel beniuolum, vel intentum, vel
470 931 2221 999 docilem primo facere: isti autem non nouerint: llli falsa breuiter: aperte: verisimiliter: & isti vera sic
464 985 2219 1047 narrent vt audire taedeat: intelligere non pateat: credere postremo non libeat. Illi fallacibus argumentis ve
471 1031 2221 1097 ritatem oppugnent: asserant falsitatem: isti nec vera defendere: nec falsa valeant refutare. Illi animos au
470 1094 2214 1154 dientium in errorem mouentes impellentesque dicendo, terreant, contristent: isti pro veritate lenti fri-
473 1141 2204 1217 gidique dormitent. Quis ita desipiat vt hoc sapiat: Cum ergo posita sit in medio facultas eloquii: quae
475 1199 2221 1262 ad persuadenda siue praua siue recta valet plurimum, cur non bonorum studio comparatur vt mi
479 1252 2218 1311 litet veritati: si eam ad obtinendum peruersas vanasque causas in vsus erroris & iniquitatis vsur-
475 1303 2221 1370 pent. Vnde & talium eloquentia maxime cauenda est. secundum quod dicit Augustinus in eodem ca. iiii. Ar
473 1353 2219 1417 fluit insipienti eloquentia, tanto magis cauendus est: quanto magis ab eo in iis quae audire inuti
469 1407 2220 1479 le est delectatur auditor: & eum cum diserte dicere audit: & vere dicere aestimat. Sicut autem saepe su-
467 1460 2216 1522 menda sunt arma salubria: ita semper vitanda est perniciosa dulcedo. Sed salubri suauitate vel sua
471 1513 2222 1583 ui salubritate quod melius: Quanto enim magis illic appetitur suauitas, tanto salubritas facilius prodest. Id-
478 1568 2226 1632 circo (vt ait continuo) sunt ecclesiastici viri qui diuina eloquia non solum sapienter: sed etiam eloquem
473 1621 2221 1699 ter tractauerunt. Nec solum ipsi: sed etiam nostri auctores sacritu. secundum quod de hoc mouet Au
467 1672 2227 1751 gustinus quaestionem ibidem, dicens. Sed quid est: ipse liber canonis solum sapienter non etiam eloquem
470 1735 2229 1796 ter descriptus est. Cui quaestioni respondet Augustinus continuo dicens. Quae quidem quaestio apud me
471 1782 2230 1851 facillime soluitur. Nam vbi eos intelligo, non solum nihil eis sapientius, verum etiam nihil eloquentius mihi vi
478 1847 2231 1903 deri potest. Et audeo dicere, omnes qui recte intelligunt quod isti loquuntur, simul intelligere non eos lo
474 1892 2220 1967 qui aliter debuisse. Sed quia hoc non vbique iuxta mundanam eloquentiam quae huic scientiae non con
469 1945 2230 2021 gruebat (vt super illud primae Corinthr. i. Non in sapientia verbi, bene exponit ista Glos. Non praesumit
466 2010 2230 2065 Apostolus in scientia verbi praedicare &c. ldeo quasi distinctos modos eloquentiae subdit. Sicut au
468 2050 2227 2120 tem est quaedam eloquentia quae magis aetatem iuuenilem decet quam senilem: Nam nec dicenda est elo
470 2102 2221 2174 quentia si personae non congruat loquentis: ita est quaedam quae viros summa auctoritate dignissimos
474 2164 2235 2232 pianeque diuinos decet. Hac illi locuti sunt: nec ipsos decet alia: nec alios ipsa. Ipsis enim congruit: aliis
466 2216 2227 2279 autem quanto videtur humilior, tanto altius non ventositate: sed soliditate transcendit. Vbi eos non
474 2266 2220 2332 intelligo, minus apparet mihi eorum eloquentia: sed eam non dubito esse talem qualis est vbi in-
468 2316 2223 2384 telligo. Illud autem magis admiror, quod isti nostra eloquentia vsi sunt per quandam alteram eloquen-
472 2382 2224 2439 tiam, vt nec deesset eis: nec emineret in eis: quia eam nec improbari nec ostentari oportet: quorum al-
477 2434 2229 2490 terum fieret si vitaretur: alterum putari posset si facile cognosceretur: & in quibus forte a doctis
481 2480 2236 2546 agnoscitur intelligas tanquam inseparabilem non vocatam sequi eloquentiam. Neque enim haec humana in
472 2535 2227 2602 dustria composita, sed diuina mente sunt fusa sapienter & eloquenter, non intenta in eloquentiam
470 2591 2232 2656 sapientia, sed a sapientia non recedente eloquentia. Si enim quidam disertissimi atque acutissimi dicere potuerunt
474 2651 2234 2717 quae velut oratoria arte discuntur: quid mirum si & in istis inueniuntur quos ille misit, qui fecit ige
483 2704 2221 2765 nia: Quapropter eloquentes quidem non solum sapientes canonicos auctores nostrosque doctores fa-
490 2758 2225 2819 teamur tali eloquentia vsos qualis personis huiusmodi congruebat. secundum quod ibidem declarat
477 2805 1465 2879 per plura exempla tam in veteri quam in nouo testamento.
477 2869 2238 2975 ⁋ Ad primum in oppositum quod scientiae huius elegantissima est materia, ergo eius de
485 2964 2231 3032 bet esse elegantissimus modus sapiendi: qui est in ornatu & compositione sermonis: Dicendum quod
480 3020 2239 3083 hoc verum est. secundum tamen quod decet grauitatem huius scientiae. ⁋ Ad secundum quod ornatus effica-
488 3072 2236 3146 cius suadet: Dicendum quod verum est, non tamen debet esse talis quod decentiam corrumpat. quod fie
478 3124 2233 3203 ret si tali colore sermonis esset ornata qualem describit ars rhetorice. ⁋ Secundum quem modum pro-
489 3184 1117 3256 cedit argumentum in oppositum.
