2349 3779
705 315 1579 404 Art. & Xl. De deo an sit in se & absolute.
585 398 1847 484 lsis quasi praeambulis ad intentum nostrum principale, quo scilicet
590 469 1856 532 theologia sit de deo: & quod de rebus diuinis sit scientia: & quomodo de eisdem
585 520 1853 582 in eadem locutio sit habenda: Restat de principali intento prosequi: quae scilicet
582 569 1848 634 & qualia in hac scientia de deo & de rebus diuinis ex ea sunt sentienda.
586 627 1848 683 Et quia, vt dictum est supra in quaestione de subiecto & materia huius
581 682 1856 745 scientiae, proprius ordo & modus procedendi in ea, est incipere a deo & pro
593 731 1802 792 cedere ad creaturas, ideo hic dubitandum est de duobus in summa.
579 780 1672 850 Primum est de deo, vt de subiecto principali huius scientiae.
581 834 1673 898 Secundum est de creaturis, vt de materia subiecto attributa.
571 872 1861 961 Et iuxta duplicem praescriptum modum quo vtitur omnis tractatio di
97 953 1149 1011 uinarum scripturarum, circa deum duo sunt dubitanda.
110 1000 992 1068 Primum: quae & qualia de deo sunt intelligenda.
94 1052 1126 1121 Secundum: quomodo intellecta de ipso sunt proferenda.
94 1106 1850 1189 Et quia deus consideratur vt in se existens: & vt a quo omne aliud procedens: ideo circa ipsum dubitam
115 1162 362 1223 da sunt duo.
107 1210 866 1279 Primum de eis quae conueniunt deo in se.
109 1272 1327 1339 Secundum: de eis quae conueniunt ei in comparatione ad creaturas.
115 1315 1841 1393 Et quia in deo sunt substantiae vnitas & personarum distinctio, ideo circa primum quaeruntur duo.
105 1377 1187 1433 Primum de eis quae pertinent ad communem substantiam.
106 1429 1244 1500 Secundum de eis quae pertinent ad personarum distinctionem.
107 1479 1847 1555 Et quia in diuina essentia aliquid consideratur vt res & natura subiecta: aliud vero vt proprietas
111 1534 1069 1602 ei inhaerens: ldeo circa primum adhuc quaeruntur duo.
119 1591 1849 1661 Primum de ipsa diuina substantia in se.  Secundum de substantialibus eius proprietatibus.
103 1643 1850 1702 Et quia esse secundum Auicen. est primus conceptus in re, & viuere est quidam modus esse: viue-
114 1698 1852 1764 re enim viuentibus est esse, vt dicitur in secundo de anima: ldeo circa primum adhuc duo quaeruntur.
113 1751 1234 1807 Primum de esse dei.  Secundum de viuere dei.
122 1798 1852 1872 Et quia vnum & ens intrant essentiam cuiusque rei: quia secundum Commen. iiii. meta, non sunt dispositio
119 1858 1847 1927 nes additae essentiae: & secundum Auicie.inid est metaphysi. suae, statim imprimuntur in anima impressione prima quae
113 1908 1576 1977 non quaeritur ex aliis notioribus: ldeo circa diuinam essentiam inquirenda sunt duo.
108 1967 1391 2022 Primum de eius entitate & vnitate. Secundum de eius natura.
116 1990 1841 2088 Et quia vnum circa ens significat negationem, & est priuatio diuisibilitatis, vt dicit Philosophous. iiii.
112 2071 999 2152 metaphysicae: ldeo circa primum quaeruntur duo.
110 2108 1190 2178 Primum de dei entitate.  Secundum de dei vnitate.
108 2149 1855 2244 Et quia circa rei entitatem duo contingit considerare: secundum quod est duplex praecognitio circa subiectum scientiae, an
113 2228 1843 2300 sit, & quid sit, vt vult Philosophus in principio poster. & secundum eundem quaestio an sit, simplicior est quam quaestio quid sit: quia
114 2286 1699 2341 cognito an sit res quaeritur quid sit, non econuerso: ldeo circa dei entitatem quaeruntur duo.
105 2333 819 2396 Primo an sit.  Secundo quid sit.
112 2360 1855 2464 Et quia secundum Philosophum secundo metaphysicae, vnumquodque sicut se habet ad esse: sic se ha
112 2440 1187 2503 bet & ad cognitionem: ldeo de deo an sit, quaestio est duplex.
114 2493 1508 2564 Prima in se absolute.  Secunda in comparatione ad nostram notitiam.
115 2551 939 2627 lgitur circa primum inquirenda sunt quinque.
105 2602 733 2668 Primum: vtrum deus habeat esse.
120 2655 1173 2731 Secundum: vtrum deus in esse communicat cum creaturis.
114 2707 1152 2777 Tertium: vtrum esse dei sit aliquid praeter eius essentiam.
115 2766 952 2829 Quartum: vtrum esse dei sit ipsa essentia eius.
129 2824 871 2898 Quintum: vtrum deus habet esse a seipso.
429 2831 1840 2938 Irca primum arguitur quod deus non habeat esse. id est quod deus non sit, Primo sic. Si deus
418 2927 1842 2985 est, tale est quo maius cogitari esse non potest: quia aliter finitus esset & limitatus
414 2965 1849 3025 & nullum finitum ponitur deus. tale quidem impossibile est poni esse: quia quo-
426 3027 1854 3090 llibet posito in esse potest excogitari maius, vt est quod continet in se quicquid est
431 3080 1846 3156 suum & etiam quicquod est alterius a se: quia omne ex duobus coniunctum maius
427 3136 1840 3201 cogitatur quam singulum per se. ergo &c. ⁋ Secundo sic. si deus est, tale quid est quod
428 3189 1850 3256 habet in se omnis boni & nobilis infinitatem. Sed vnum infinitum nullum aliud
105 3240 1852 3325 secum compatitur: vniversalui generis: quia totum quod sui generis est occupat: vel contrarii multo fortius: quia vnum con
