<?xml version="1.0" encoding="UTF-8" standalone="yes"?>
<PcGts xmlns="http://schema.primaresearch.org/PAGE/gts/pagecontent/2013-07-15" xmlns:xsi="http://www.w3.org/2001/XMLSchema-instance" xsi:schemaLocation="http://schema.primaresearch.org/PAGE/gts/pagecontent/2013-07-15 http://schema.primaresearch.org/PAGE/gts/pagecontent/2013-07-15/pagecontent.xsd">
    <Metadata>
        <Creator>prov=University of Rostock/Institute of Mathematics/CITlab|PLANET AI GmbH/Gundram Leifert/gundram.leifert@planet-ai.de:name=Badius1520-m2(htr_id=24043)::::v=2.6.6
prov=University of Rostock/Institute of Mathematics/CITlab|PLANET AI GmbH/Tobias Gruening/tobias.gruening@planet-ai.de:name=de.uros.citlab.module.baseline2polygon.B2PSeamMultiOriented:v=2.6.6
prov=University of Rostock/Institute of Mathematics/CITlab|PLANET AI GmbH/Tobias Gruening/tobias.gruening@planet-ai.de:name=/net_tf/LA73_249_0mod360.pb:de.uros.citlab.segmentation.CITlab_LA_ML:v=2.6.6
Transkribus</Creator>
        <Created>2020-04-14T19:22:44.727+02:00</Created>
        <LastChange>2020-05-22T16:13:40.006+02:00</LastChange>
        <TranskribusMetadata docId="369632" pageId="14425421" pageNr="263" tsid="29504379" status="IN_PROGRESS" userId="25065" imgUrl="https://files.transkribus.eu/Get?id=MPAPFTBLBHEPVUHDTNTBGFQR&amp;fileType=view" xmlUrl="https://files.transkribus.eu/Get?id=ICDMWSVJTERMZXFXNKSXZEWF" imageId="10388653"/>
    </Metadata>
    <Page imageFilename="262.jpg" imageWidth="2345" imageHeight="3772">
        <ReadingOrder>
            <OrderedGroup id="ro_1590188000427" caption="Regions reading order">
                <RegionRefIndexed index="0" regionRef="TextRegion_1587755256625_1529"/>
            </OrderedGroup>
        </ReadingOrder>
        <TextRegion orientation="0.0" id="TextRegion_1587755256625_1529" custom="readingOrder {index:0;}">
            <Coords points="105,307 1851,307 1846,3278 100,3278"/>
            <TextLine id="r1l2" custom="readingOrder {index:0;}">
                <Coords points="105,382 1854,389 1854,302 105,292"/>
                <Baseline points="116,360 202,360 288,360 374,360 461,360 547,360 633,360 720,360 806,361 892,362 979,362 1065,362 1151,362 1237,363 1324,363 1410,363 1496,365 1583,365 1669,366 1755,366 1842,368"/>
                <TextEquiv>
                    <Unicode>ad vnum &amp; multum: Deus igitur &amp; creatura essent multa in ente. Quare cum omnem multitudinem oportet</Unicode>
                </TextEquiv>
            </TextLine>
            <TextLine id="r1l3" custom="readingOrder {index:1;}">
                <Coords points="99,432 1862,432 1862,384 1671,374 99,381"/>
                <Baseline points="110,414 197,414 284,414 371,414 458,414 545,414 632,414 719,416 806,416 893,416 980,416 1067,417 1154,417 1241,417 1328,417 1415,419 1502,419 1589,419 1676,419 1763,419 1851,420"/>
                <TextEquiv>
                    <Unicode>reduci ad vnitatem, super ens in quo differunt deus &amp; creatura, &amp; in quo sunt multa, esset aliquod in quo </Unicode>
                </TextEquiv>
            </TextLine>
            <TextLine id="r1l4" custom="readingOrder {index:2;}">
                <Coords points="94,471 1851,484 1808,430 94,434"/>
                <Baseline points="105,467 191,467 278,468 365,468 452,468 539,468 625,468 712,468 799,468 886,468 973,470 1059,470 1146,470 1233,470 1320,471 1407,471 1493,471 1580,473 1667,473 1754,474 1841,474"/>
                <TextEquiv>
                    <Unicode>convenirent &amp; essent vnum. hoc autem est impossibile: quia ratio illius esset prior ratione entis: quae prima est secundum </Unicode>
                </TextEquiv>
            </TextLine>
            <TextLine id="r1l5" custom="readingOrder {index:3;}">
                <Coords points="101,542 1814,550 1856,484 101,495"/>
                <Baseline points="111,521 197,522 284,522 370,522 457,522 544,524 630,524 717,524 804,524 890,524 977,524 1064,524 1150,524 1237,524 1324,524 1410,525 1497,525 1584,525 1670,527 1757,527 1844,528"/>
                <TextEquiv>
                    <Unicode>Auicen. ergo &amp;c. ⁋ Tertio sic. dictum de pluribus quod habet per se intellectum praeter intellectus illorum, est aliquid </Unicode>
                </TextEquiv>
            </TextLine>
            <TextLine id="r1l6" custom="readingOrder {index:4;}">
                <Coords points="103,599 1834,603 1856,544 103,543"/>
                <Baseline points="114,575 200,575 287,575 373,576 460,576 546,576 633,576 719,576 806,576 892,576 979,576 1065,578 1152,578 1238,578 1325,578 1411,578 1498,579 1584,579 1671,579 1757,581 1844,582"/>
                <TextEquiv>
                    <Unicode>reale commune ad illos: quia omnis conceptus fundatur in re aliqua. ens est huiusmodi: quia secundum Auicen. ens impri-</Unicode>
                </TextEquiv>
            </TextLine>
            <TextLine id="r1l7" custom="readingOrder {index:5;}">
                <Coords points="107,649 1819,654 1854,600 107,595"/>
                <Baseline points="117,627 203,629 289,629 375,630 462,630 548,630 634,630 720,630 807,630 893,630 979,630 1065,630 1152,630 1238,632 1324,632 1410,632 1497,632 1583,632 1669,633 1755,633 1842,635"/>
                <TextEquiv>
                    <Unicode>mitur impressione prima etiam antequam in ipsa imprimitur intellectus aut creaturae aut dei. ergo &amp;c. ⁋ In contra</Unicode>
                </TextEquiv>
            </TextLine>
            <TextLine id="r1l8" custom="readingOrder {index:6;}">
                <Coords points="103,706 1830,709 1848,643 103,647"/>
                <Baseline points="114,683 200,683 286,684 372,684 458,684 544,684 630,684 716,684 802,684 888,684 975,684 1061,684 1147,684 1233,684 1319,684 1405,684 1491,684 1577,686 1663,686 1749,687 1836,689"/>
                <TextEquiv>
                    <Unicode>rium arguitur primo sic, quoniam quaecumque sunt diuersa inter se &amp; in aliquo communi conveniunt: necessario secun</Unicode>
                </TextEquiv>
            </TextLine>
            <TextLine id="r1l9" custom="readingOrder {index:7;}">
                <Coords points="98,760 1805,766 1851,703 98,710"/>
                <Baseline points="108,734 194,735 281,737 367,737 454,738 540,738 627,738 713,738 800,738 886,738 973,738 1060,738 1146,740 1233,740 1319,740 1406,740 1492,740 1579,740 1665,741 1752,741 1839,743"/>
                <TextEquiv>
                    <Unicode>dum esse differunt in illo communi, vt homo &amp; asinus sub animali. Si ergo esset esse aliquod commune deo &amp; creatu</Unicode>
                </TextEquiv>
            </TextLine>
            <TextLine id="r1l10" custom="readingOrder {index:8;}">
                <Coords points="107,812 1847,810 1847,767 1697,751 107,758"/>
                <Baseline points="117,789 207,789 297,791 388,791 478,791 569,791 659,791 750,791 840,791 931,791 1021,791 1112,791 1202,791 1293,791 1383,792 1474,792 1564,792 1655,794 1745,795 1836,797"/>
                <TextEquiv>
                    <Unicode>rae, sub illo secundum esse differrent. Erit ergo duplex esse deo. vnum in quo cum creatura convenit siue com</Unicode>
                </TextEquiv>
            </TextLine>
            <TextLine id="r1l11" custom="readingOrder {index:9;}">
                <Coords points="101,867 1847,864 1847,814 1647,802 101,808"/>
                <Baseline points="111,842 197,843 283,843 369,845 456,845 542,845 628,845 714,845 801,845 887,845 973,845 1059,845 1146,845 1232,845 1318,845 1404,845 1491,846 1577,846 1663,846 1749,848 1836,848"/>
                <TextEquiv>
                    <Unicode>municat. alid in quo a creatura differt. hoc autem est impossibile: quia tunc non esset in deo esse omnino simplex</Unicode>
                </TextEquiv>
            </TextLine>
            <TextLine id="r1l12" custom="readingOrder {index:10;}">
                <Coords points="103,908 1812,925 1845,860 103,867"/>
                <Baseline points="114,896 204,896 294,897 385,897 475,897 566,899 656,899 747,899 837,899 928,899 1018,899 1109,899 1199,899 1290,899 1380,899 1471,899 1561,900 1652,900 1742,900 1833,900"/>
                <TextEquiv>
                    <Unicode>nec esset esse purum: cuius contrarium infra patebit. ergo &amp;c. ⁋ Secundo sic. accidens quia distat a natura substan-</Unicode>
                </TextEquiv>
            </TextLine>
            <TextLine id="r1l13" custom="readingOrder {index:11;}">
                <Coords points="107,961 1831,967 1766,910 107,913"/>
                <Baseline points="117,950 202,950 287,951 372,951 457,951 543,953 628,953 713,953 798,953 883,953 969,953 1054,953 1139,953 1224,953 1309,953 1395,953 1480,954 1565,954 1650,954 1735,954 1821,956"/>
                <TextEquiv>
                    <Unicode>tiae cui convenit esse simpliciter, non dicitur simpliciter ens, quia autem aliquo modo appropinquat ipsi vt dispon</Unicode>
                </TextEquiv>
            </TextLine>
            <TextLine id="r1l14" custom="readingOrder {index:12;}">
                <Coords points="107,1017 1840,1018 1840,972 1684,957 107,960"/>
                <Baseline points="117,1002 202,1004 288,1004 373,1005 459,1005 545,1007 630,1007 716,1007 801,1007 887,1007 973,1007 1058,1007 1144,1007 1229,1007 1315,1007 1401,1007 1486,1007 1572,1007 1657,1007 1743,1007 1829,1008"/>
                <TextEquiv>
                    <Unicode>ipsius, aliquo modo nomen entis conicat cum substantia, vt dicatur ens quia est dispositio entis quod est substantia</Unicode>
                </TextEquiv>
            </TextLine>
            <TextLine id="r1l15" custom="readingOrder {index:13;}">
                <Coords points="103,1076 1732,1085 1843,1074 1843,1020 103,1021"/>
                <Baseline points="113,1056 199,1058 285,1058 371,1059 457,1060 543,1061 629,1061 715,1061 801,1061 887,1061 973,1061 1059,1061 1145,1061 1231,1061 1317,1059 1403,1059 1489,1061 1575,1061 1661,1061 1747,1061 1833,1062"/>
                <TextEquiv>
                    <Unicode>vt dicit Philosophus in vii. meta. ita quod si non appropiquaret hoc modo accidens substantiae, non conicaret cum eo in</Unicode>
                </TextEquiv>
            </TextLine>
            <TextLine id="r1l16" custom="readingOrder {index:14;}">
                <Coords points="98,1115 1847,1126 1817,1070 99,1065"/>
                <Baseline points="110,1110 196,1112 282,1112 368,1112 455,1113 541,1113 627,1113 714,1113 800,1113 886,1113 973,1113 1059,1113 1145,1113 1231,1113 1318,1113 1404,1113 1490,1113 1577,1113 1663,1115 1749,1115 1836,1116"/>
                <TextEquiv>
                    <Unicode>esse vt diceretur ens: quia est entis quod est substantia sc lset esse creaturae non appropiquat in aliquo naturae creatorli:</Unicode>
                </TextEquiv>
            </TextLine>
            <TextLine id="r1l17" custom="readingOrder {index:15;}">
                <Coords points="108,1187 1835,1192 1789,1124 108,1121"/>
                <Baseline points="120,1164 205,1166 290,1166 375,1167 460,1167 546,1169 631,1169 716,1169 801,1169 886,1169 972,1169 1057,1169 1142,1169 1227,1169 1312,1167 1398,1167 1483,1167 1568,1167 1653,1167 1738,1167 1824,1169"/>
                <TextEquiv>
                    <Unicode>quia inter eos est infinita distantia. creatura ergo in nullo conicat esse cum creatore per aliquam attributionem ad ipsum </Unicode>
                </TextEquiv>
            </TextLine>
            <TextLine id="r1l18" custom="readingOrder {index:16;}">
                <Coords points="102,1254 1842,1255 1842,1192 1620,1176 102,1193"/>
                <Baseline points="113,1229 203,1229 293,1229 384,1229 474,1229 565,1229 655,1229 746,1229 836,1229 927,1229 1017,1229 1108,1229 1198,1229 1289,1229 1379,1229 1470,1229 1560,1229 1651,1229 1741,1230 1832,1230"/>
                <TextEquiv>
                    <Unicode>⁋ Dicendum ad hoc: cum ens vt infra dicetur non significat aliquam vnam intentionem commu</Unicode>
                </TextEquiv>
            </TextLine>
            <TextLine id="r1l19" custom="readingOrder {index:17;}">
                <Coords points="112,1292 1850,1304 1850,1256 1556,1238 113,1254"/>
                <Baseline points="123,1281 208,1283 294,1284 380,1284 466,1286 552,1286 637,1286 723,1286 809,1286 895,1287 981,1287 1066,1287 1152,1287 1238,1287 1324,1287 1410,1287 1495,1287 1581,1287 1667,1287 1753,1287 1839,1287"/>
                <TextEquiv>
                    <Unicode>nem substantiae &amp; accidenti: sed significat significatione prima vnumquodque. x. praedicamentorum, nulla conitate rea</Unicode>
                </TextEquiv>
            </TextLine>
            <TextLine id="r1l20" custom="readingOrder {index:18;}">
                <Coords points="102,1348 1838,1351 1831,1296 102,1291"/>
                <Baseline points="114,1337 199,1338 285,1338 370,1340 456,1340 542,1340 627,1340 713,1340 798,1341 884,1341 970,1341 1055,1341 1141,1341 1226,1341 1312,1341 1398,1341 1483,1341 1569,1341 1654,1341 1740,1341 1826,1341"/>
                <TextEquiv>
                    <Unicode>li ipsum ens potest esse cone substantiae &amp; accidenti. Quare cum multo minus in aliquo vno reali conveniunt</Unicode>
                </TextEquiv>
            </TextLine>
            <TextLine id="r1l21" custom="readingOrder {index:19;}">
                <Coords points="106,1398 1844,1406 1826,1354 106,1350"/>
                <Baseline points="116,1389 201,1391 287,1391 373,1392 459,1392 545,1392 631,1394 716,1394 802,1394 888,1394 974,1394 1060,1394 1146,1394 1232,1394 1317,1394 1403,1394 1489,1394 1575,1394 1661,1394 1747,1394 1833,1394"/>
                <TextEquiv>
                    <Unicode>creator &amp; creatura quam duae creaturae: substantia. scilicet &amp; accns: immo multo plus distat ratio essendi creatoris</Unicode>
                </TextEquiv>
            </TextLine>
            <TextLine id="r1l22" custom="readingOrder {index:20;}">
                <Coords points="112,1464 1774,1472 1841,1467 1841,1404 112,1416"/>
                <Baseline points="123,1445 208,1445 293,1446 379,1446 464,1446 549,1448 635,1448 720,1448 805,1448 891,1448 976,1448 1061,1448 1147,1448 1232,1448 1317,1448 1403,1448 1488,1449 1573,1449 1659,1449 1744,1449 1830,1451"/>
                <TextEquiv>
                    <Unicode>a ratione essendi creaturae quam differat ratio essendi vnius creaturae a ratione essendi alterius: nullo modo ens potest esse ali</Unicode>
                </TextEquiv>
            </TextLine>
            <TextLine id="r1l23" custom="readingOrder {index:21;}">
                <Coords points="109,1520 1838,1525 1838,1468 1599,1454 109,1464"/>
                <Baseline points="120,1497 205,1497 290,1499 376,1499 461,1499 546,1499 632,1500 717,1500 802,1500 888,1500 973,1500 1058,1500 1144,1500 1229,1500 1314,1500 1400,1502 1485,1502 1570,1502 1656,1502 1741,1502 1827,1502"/>
                <TextEquiv>
                    <Unicode>quod cone reale deo &amp; creaturae. Et ideo absolute dicendum: quod esse non est aliquod cone reale in quo deus conicet cum crea</Unicode>
                </TextEquiv>
            </TextLine>
            <TextLine id="r1l24" custom="readingOrder {index:22;}">
                <Coords points="103,1559 1719,1581 1827,1572 1828,1526 103,1520"/>
                <Baseline points="113,1551 198,1553 283,1553 368,1553 453,1553 539,1554 624,1554 709,1554 794,1554 879,1554 965,1554 1050,1554 1135,1554 1220,1554 1305,1556 1391,1556 1476,1556 1561,1556 1646,1556 1731,1556 1817,1557"/>
                <TextEquiv>
                    <Unicode>turis: &amp; ita si ens aut esse praedicatur de deo &amp; creaturis, hoc est sola nomins conitate, nulla rei: &amp; ita non vniuo</Unicode>
                </TextEquiv>
            </TextLine>
            <TextLine id="r1l25" custom="readingOrder {index:23;}">
                <Coords points="110,1614 1841,1628 1841,1573 1672,1564 110,1566"/>
                <Baseline points="122,1605 207,1605 292,1605 378,1607 463,1607 549,1607 634,1607 719,1607 805,1607 890,1607 976,1608 1061,1608 1146,1608 1232,1608 1317,1608 1403,1608 1488,1608 1573,1608 1659,1608 1744,1608 1830,1610"/>
                <TextEquiv>
                    <Unicode>ce per definitionem vniuocorum: nec tamen pure aequoce. secundum definitionem aequocorum casu: sed medio modo vt</Unicode>
                </TextEquiv>
            </TextLine>
            <TextLine id="r1l26" custom="readingOrder {index:24;}">
                <Coords points="103,1666 1839,1685 1798,1617 104,1631"/>
                <Baseline points="114,1656 199,1658 285,1659 370,1659 456,1659 542,1661 627,1661 713,1661 799,1661 884,1661 970,1661 1056,1661 1141,1662 1227,1662 1313,1662 1398,1662 1484,1662 1570,1662 1655,1664 1741,1664 1827,1664"/>
                <TextEquiv>
                    <Unicode>analogice. ⁋ Ad cuius intellectum notandum quod convenientia rei ad rem maxime in forma attenditur: &amp; hoc dupliciter</Unicode>
                </TextEquiv>
            </TextLine>
            <TextLine id="r1l27" custom="readingOrder {index:25;}">
                <Coords points="109,1736 1840,1740 1841,1685 109,1673"/>
                <Baseline points="120,1712 205,1712 291,1713 376,1713 462,1713 547,1715 633,1715 718,1715 804,1715 889,1715 975,1715 1060,1715 1146,1715 1231,1715 1317,1716 1402,1716 1488,1716 1573,1716 1659,1716 1744,1716 1830,1716"/>
                <TextEquiv>
                    <Unicode>secundum quod duplex est modus conicandi aliqua in forma. vna secundum eandem rationem: quae dicitur convenientia similitudis: &amp; est eorum </Unicode>
                </TextEquiv>
            </TextLine>
            <TextLine id="r1l28" custom="readingOrder {index:26;}">
                <Coords points="117,1790 1829,1786 1785,1727 117,1731"/>
                <Baseline points="128,1767 212,1767 296,1767 381,1767 465,1767 550,1767 634,1769 719,1769 803,1769 888,1769 972,1769 1056,1769 1141,1769 1225,1769 1310,1769 1394,1769 1479,1769 1563,1769 1648,1769 1732,1769 1817,1769"/>
                <TextEquiv>
                    <Unicode>quae vna forma participant secundum rem, vt albedie duo alba, &amp; humanitate duo homines: quae facit convenientiam vniuo</Unicode>
                </TextEquiv>
            </TextLine>
            <TextLine id="r1l29" custom="readingOrder {index:27;}">
                <Coords points="115,1829 1837,1841 1837,1786 1669,1777 115,1790"/>
                <Baseline points="126,1820 211,1820 296,1821 381,1821 466,1821 551,1821 636,1821 721,1821 806,1821 891,1821 976,1821 1061,1821 1146,1821 1231,1821 1316,1821 1401,1823 1486,1823 1571,1823 1656,1823 1741,1823 1827,1823"/>
                <TextEquiv>
                    <Unicode>cationis: qualis vt dictum est, non est dei &amp; creaturae in esse. alia vero est convenientia in forma secundum aliam &amp;</Unicode>
                </TextEquiv>
            </TextLine>
            <TextLine id="r1l30" custom="readingOrder {index:28;}">
                <Coords points="109,1882 1842,1886 1842,1838 1679,1831 109,1825"/>
                <Baseline points="119,1872 204,1872 290,1874 375,1874 461,1874 546,1874 632,1874 717,1874 803,1875 888,1875 974,1875 1060,1875 1145,1875 1231,1875 1316,1875 1402,1875 1487,1875 1573,1875 1658,1875 1744,1875 1830,1875"/>
                <TextEquiv>
                    <Unicode>aliam rationem: quae dicitur convenientia imitationis &amp; est vniversalter in efficientibus &amp; factis, causis &amp; causatis. Cum ei omne</Unicode>
                </TextEquiv>
            </TextLine>
            <TextLine id="r1l31" custom="readingOrder {index:29;}">
                <Coords points="118,1936 1836,1945 1816,1886 118,1884"/>
                <Baseline points="129,1928 213,1928 298,1928 383,1928 468,1928 552,1928 637,1928 722,1928 807,1928 891,1928 976,1928 1061,1928 1146,1928 1230,1928 1315,1928 1400,1928 1485,1928 1569,1928 1654,1928 1739,1928 1824,1928"/>
                <TextEquiv>
                    <Unicode>agens etiam quantuncunque contrarium secundum Philosophum agit in finem inquantum simile: agens autem inquantum simile non producit</Unicode>
                </TextEquiv>
            </TextLine>
            <TextLine id="r1l32" custom="readingOrder {index:30;}">
                <Coords points="101,1988 1848,1998 1808,1939 101,1942"/>
                <Baseline points="113,1979 199,1979 285,1979 371,1980 457,1980 543,1980 629,1980 716,1980 802,1980 888,1980 974,1980 1060,1980 1146,1980 1232,1980 1319,1980 1405,1980 1491,1980 1577,1980 1663,1980 1749,1980 1836,1982"/>
                <TextEquiv>
                    <Unicode>nisi simile: agit etiam omne agens per suam formam: &amp; producit causatum in aliquo esse formali: Necesse est ergo in </Unicode>
                </TextEquiv>
            </TextLine>
            <TextLine id="r1l33" custom="readingOrder {index:31;}">
                <Coords points="113,2042 1853,2056 1853,1999 1783,1990 113,1992"/>
                <Baseline points="125,2034 210,2034 296,2034 382,2034 468,2034 554,2034 640,2034 725,2034 811,2034 897,2034 983,2034 1069,2034 1155,2034 1241,2034 1326,2034 1412,2034 1498,2034 1584,2034 1670,2034 1756,2034 1842,2034"/>
                <TextEquiv>
                    <Unicode>omnibus talibus vt semper in causato &amp; effectu sit similitudo formae agentis. &amp; si non secundum eandem rationem speciei, sit</Unicode>
                </TextEquiv>
            </TextLine>
            <TextLine id="r1l34" custom="readingOrder {index:32;}">
                <Coords points="100,2106 1840,2099 1825,2042 100,2042"/>
                <Baseline points="111,2088 196,2087 282,2087 368,2087 454,2087 540,2087 626,2087 712,2087 798,2087 884,2087 970,2087 1055,2087 1141,2087 1227,2087 1313,2087 1399,2087 1485,2087 1571,2087 1657,2087 1743,2087 1829,2087"/>
                <TextEquiv>
                    <Unicode>similitudo inter ipsos: sicut est hominis generantis ad generatum: erit tamen secundum quandam imitationem. Sicut aliquod generatum a</Unicode>
                </TextEquiv>
            </TextLine>
            <TextLine id="r1l35" custom="readingOrder {index:33;}">
                <Coords points="102,2158 1851,2151 1814,2099 102,2106"/>
                <Baseline points="113,2141 199,2141 285,2141 372,2141 458,2142 545,2142 631,2142 717,2142 804,2141 890,2141 977,2141 1063,2141 1149,2141 1236,2141 1322,2141 1409,2141 1495,2141 1581,2141 1668,2141 1754,2142 1841,2142"/>
                <TextEquiv>
                    <Unicode>sole: etsi n accedat ad similitudinem speciei cu sole, vt recipiat formam solis: accedit tamen ad aliquam imitatio</Unicode>
                </TextEquiv>
            </TextLine>
            <TextLine id="r1l36" custom="readingOrder {index:34;}">
                <Coords points="107,2206 1853,2206 1838,2151 107,2154"/>
                <Baseline points="117,2196 203,2196 289,2195 375,2195 462,2195 548,2195 634,2195 720,2195 807,2195 893,2195 979,2195 1065,2195 1152,2195 1238,2195 1324,2195 1410,2195 1497,2195 1583,2195 1669,2195 1755,2196 1842,2196"/>
                <TextEquiv>
                    <Unicode>nem speciei solis: vt recipiat formam aliquo modo proportionabilem &amp; correspondentem formae solis: &amp; vniverslter quam</Unicode>
                </TextEquiv>
            </TextLine>
            <TextLine id="r1l37" custom="readingOrder {index:35;}">
                <Coords points="111,2258 1855,2260 1768,2207 111,2208"/>
                <Baseline points="123,2246 209,2247 295,2247 381,2249 467,2249 553,2249 639,2249 725,2249 811,2249 897,2249 983,2249 1069,2249 1155,2249 1241,2249 1327,2249 1413,2249 1499,2249 1585,2249 1671,2249 1757,2249 1844,2250"/>
                <TextEquiv>
                    <Unicode>to agens est propiquius &amp; immediatius producto, tanto maior est convenientia imitationis producentis ad productum: &amp;</Unicode>
                </TextEquiv>
            </TextLine>
            <TextLine id="r1l38" custom="readingOrder {index:36;}">
                <Coords points="116,2317 1843,2314 1808,2257 116,2258"/>
                <Baseline points="128,2301 213,2301 298,2301 383,2303 469,2303 554,2303 639,2303 724,2303 810,2303 895,2301 980,2301 1065,2301 1151,2301 1236,2301 1321,2301 1406,2301 1492,2301 1577,2301 1662,2301 1747,2303 1833,2303"/>
                <TextEquiv>
                    <Unicode>tanto minor quanto agens est mediatius &amp; remotius. Et ideo cum deus sit cam effectiua omnium creaturarum: licet quaerum</Unicode>
                </TextEquiv>
            </TextLine>
            <TextLine id="r1l39" custom="readingOrder {index:37;}">
                <Coords points="106,2378 1850,2370 1850,2313 106,2308"/>
                <Baseline points="116,2355 202,2355 288,2355 374,2355 460,2355 546,2355 632,2355 719,2355 805,2355 891,2354 977,2354 1063,2354 1149,2354 1235,2354 1322,2354 1408,2355 1494,2355 1580,2355 1666,2355 1752,2357 1839,2357"/>
                <TextEquiv>
                    <Unicode>dam mediantibus aliis causis: quaerum quo ad hoc est primum principium remotissimum: necessario omnis creatura cum</Unicode>
                </TextEquiv>
            </TextLine>
            <TextLine id="r1l40" custom="readingOrder {index:38;}">
                <Coords points="112,2424 1728,2436 1854,2430 1854,2366 112,2378"/>
                <Baseline points="122,2409 208,2409 294,2409 380,2409 466,2409 552,2409 638,2409 724,2409 810,2408 896,2408 982,2408 1068,2408 1154,2408 1240,2408 1326,2408 1412,2408 1498,2408 1584,2409 1670,2409 1756,2409 1842,2409"/>
                <TextEquiv>
                    <Unicode>deo secundum formam aliquam habet convenientiam: saltem secundum imitationem formae ad formam. Quare cum forma</Unicode>
                </TextEquiv>
            </TextLine>
            <TextLine id="r1l41" custom="readingOrder {index:39;}">
                <Coords points="112,2471 1852,2474 1852,2428 1677,2415 112,2423"/>
                <Baseline points="122,2463 212,2463 302,2465 393,2465 483,2465 574,2463 664,2463 755,2463 845,2463 936,2462 1026,2462 1117,2462 1207,2462 1298,2462 1388,2462 1479,2462 1569,2462 1660,2462 1750,2463 1841,2465"/>
                <TextEquiv>
                    <Unicode>diuina sit ipsum esse, vt infra videbitur: a quo omnis creatura mutuat nomen essendi inquantum est cam eius, vt infra dicetur:</Unicode>
                </TextEquiv>
            </TextLine>
            <TextLine id="r1l42" custom="readingOrder {index:40;}">
                <Coords points="108,2537 1844,2527 1820,2473 108,2469"/>
                <Baseline points="119,2516 204,2516 290,2517 375,2517 461,2517 547,2517 632,2517 718,2517 804,2517 889,2516 975,2516 1061,2516 1146,2516 1232,2516 1318,2516 1403,2516 1489,2516 1575,2516 1660,2516 1746,2516 1832,2516"/>
                <TextEquiv>
                    <Unicode>Necesse est dicere quod saltem in esse convenientia imitationis conicet creatura cum creatore. Et ita quamuis in nulla con</Unicode>
                </TextEquiv>
            </TextLine>
            <TextLine id="r1l43" custom="readingOrder {index:41;}">
                <Coords points="107,2578 1745,2595 1840,2581 1840,2527 107,2539"/>
                <Baseline points="117,2570 202,2570 288,2571 373,2571 459,2571 545,2571 630,2570 716,2570 802,2570 887,2570 973,2570 1059,2568 1144,2568 1230,2568 1316,2568 1401,2568 1487,2568 1573,2568 1658,2568 1744,2569 1830,2570"/>
                <TextEquiv>
                    <Unicode>uenientia realis similitudis in aliqua forma significata nomine entis conicent: conveniunt tamen in ente convenientia imi</Unicode>
                </TextEquiv>
            </TextLine>
            <TextLine id="r1l44" custom="readingOrder {index:42;}">
                <Coords points="109,2630 1714,2647 1845,2634 1845,2581 109,2591"/>
                <Baseline points="119,2625 204,2625 290,2625 376,2625 461,2624 547,2624 633,2624 718,2624 804,2624 890,2624 976,2624 1061,2622 1147,2622 1233,2622 1318,2622 1404,2622 1490,2622 1575,2622 1661,2622 1747,2624 1833,2624"/>
                <TextEquiv>
                    <Unicode>tationis formae ad formam: quaerum vnam significat ens inquantum convenit deo: aliam vero inquantum convenit creatu</Unicode>
                </TextEquiv>
            </TextLine>
            <TextLine id="r1l45" custom="readingOrder {index:43;}">
                <Coords points="111,2687 1786,2702 1840,2635 111,2643"/>
                <Baseline points="122,2678 207,2678 292,2678 378,2678 463,2678 548,2678 634,2678 719,2678 804,2678 890,2676 975,2676 1060,2676 1146,2676 1231,2676 1316,2675 1402,2675 1487,2675 1572,2675 1658,2675 1743,2675 1829,2675"/>
                <TextEquiv>
                    <Unicode>rae. Non ergo esse convenit deo &amp; creaturi vniuoce: quia non secundum eandem formam ad quam nomen entis ad signi</Unicode>
                </TextEquiv>
            </TextLine>
            <TextLine id="r1l46" custom="readingOrder {index:44;}">
                <Coords points="116,2744 1845,2748 1814,2687 116,2689"/>
                <Baseline points="126,2730 211,2730 296,2730 382,2732 467,2732 552,2732 638,2732 723,2732 808,2732 894,2732 979,2732 1064,2732 1150,2732 1235,2730 1320,2730 1406,2730 1491,2730 1576,2730 1662,2730 1747,2730 1833,2729"/>
                <TextEquiv>
                    <Unicode>ficandum imponitur. Nec tamen pure aequoce: cum non aeque primo &amp; principalitur significet formam dei &amp; creaturae: si-</Unicode>
                </TextEquiv>
            </TextLine>
            <TextLine id="r1l47" custom="readingOrder {index:45;}">
                <Coords points="96,2794 1833,2795 1814,2740 96,2748"/>
                <Baseline points="107,2784 192,2784 278,2784 364,2784 450,2784 536,2784 621,2784 707,2784 793,2784 879,2784 965,2784 1050,2784 1136,2784 1222,2783 1308,2783 1394,2783 1479,2783 1565,2783 1651,2783 1737,2783 1823,2784"/>
                <TextEquiv>
                    <Unicode>cut aequoca casu aeque primo &amp; principaliter significant ambo significata sua: vt hoc nomen Aiax Tela</Unicode>
                </TextEquiv>
            </TextLine>
            <TextLine id="r1l48" custom="readingOrder {index:46;}">
                <Coords points="107,2850 1849,2848 1849,2793 107,2792"/>
                <Baseline points="119,2838 209,2838 299,2838 390,2838 480,2838 571,2838 661,2838 752,2838 842,2838 933,2838 1023,2838 1114,2838 1204,2838 1295,2838 1385,2838 1476,2838 1566,2838 1657,2838 1747,2837 1838,2837"/>
                <TextEquiv>
                    <Unicode>monium &amp; GOilei filium: sed medio mod scilicet analogice: quia significat vnum suorum significatorum primo &amp; prim</Unicode>
                </TextEquiv>
            </TextLine>
            <TextLine id="r1l49" custom="readingOrder {index:47;}">
                <Coords points="106,2898 1784,2916 1837,2848 105,2848"/>
                <Baseline points="117,2892 202,2892 287,2891 373,2891 458,2891 544,2891 629,2892 715,2892 800,2892 886,2892 971,2892 1056,2892 1142,2892 1227,2892 1313,2892 1398,2891 1484,2891 1569,2891 1655,2889 1740,2889 1826,2888"/>
                <TextEquiv>
                    <Unicode>cipaliter: alterum vero in ordie &amp; respectu siue proportione ad illud: vt primo &amp; principalitur formam quae habet esse</Unicode>
                </TextEquiv>
            </TextLine>
            <TextLine id="r1l50" custom="readingOrder {index:48;}">
                <Coords points="106,2957 1837,2959 1811,2898 106,2900"/>
                <Baseline points="117,2946 202,2946 287,2946 373,2946 458,2945 544,2945 629,2945 715,2945 800,2945 886,2945 971,2945 1056,2945 1142,2945 1227,2945 1313,2945 1398,2945 1484,2945 1569,2945 1655,2943 1740,2943 1826,2942"/>
                <TextEquiv>
                    <Unicode>deus: in ordie autem ad illam, formam quae habet esse creatura. Sicut contingit in substantia &amp; accunte: in quibus ens primo</Unicode>
                </TextEquiv>
            </TextLine>
            <TextLine id="r1l51" custom="readingOrder {index:49;}">
                <Coords points="103,3007 1845,3017 1845,2958 1786,2952 103,2955"/>
                <Baseline points="113,2999 199,2999 285,2999 371,2999 457,2999 543,2999 629,2999 715,2999 801,2999 887,2999 973,2999 1059,2999 1145,2999 1231,2999 1317,2999 1403,2997 1489,2997 1575,2997 1661,2997 1747,2996 1833,2996"/>
                <TextEquiv>
                    <Unicode>&amp; principaliter significat substantiam: accidens vero quia ordinem habet &amp; respectum ad substantiam. &amp; secundum hoc</Unicode>
                </TextEquiv>
            </TextLine>
            <TextLine id="r1l52" custom="readingOrder {index:50;}">
                <Coords points="105,3061 1834,3073 1834,3016 1773,3006 105,3007"/>
                <Baseline points="116,3051 201,3051 286,3051 372,3051 457,3051 542,3051 628,3051 713,3051 798,3051 884,3051 969,3051 1054,3051 1140,3050 1225,3050 1310,3050 1396,3050 1481,3050 1566,3050 1652,3050 1737,3050 1823,3050"/>
                <TextEquiv>
                    <Unicode>substantia dicitur ens primo: &amp; accidens dicitur ens sub ordie ad substantiam: itaquod ens primo significat substantiam: &amp; ex</Unicode>
                </TextEquiv>
            </TextLine>
            <TextLine id="r1l53" custom="readingOrder {index:51;}">
                <Coords points="101,3109 1837,3115 1782,3063 101,3062"/>
                <Baseline points="113,3105 198,3105 284,3105 370,3105 455,3105 541,3105 627,3104 712,3104 798,3104 884,3104 970,3104 1055,3104 1141,3104 1227,3105 1312,3105 1398,3105 1484,3105 1569,3104 1655,3104 1741,3104 1827,3104"/>
                <TextEquiv>
                    <Unicode>ordie quem habet accns ad substantiam mutuat nomen entis a substantia. secundum quod dicitur. vii. metaphysicae.</Unicode>
                </TextEquiv>
            </TextLine>
            <TextLine id="r1l54" custom="readingOrder {index:52;}">
                <Coords points="107,3172 1849,3177 1823,3114 107,3116"/>
                <Baseline points="119,3158 209,3159 299,3159 390,3159 480,3159 571,3159 661,3158 752,3158 842,3158 933,3158 1023,3158 1114,3158 1204,3158 1295,3156 1385,3156 1476,3156 1566,3156 1657,3156 1747,3156 1838,3155"/>
                <TextEquiv>
                    <Unicode>Ens dicitur multis modis. &amp; primum istorum est quod significat substantiam: &amp; alia dicuntur entia: quia sunt entis quod est</Unicode>
                </TextEquiv>
            </TextLine>
            <TextLine id="r1l55" custom="readingOrder {index:53;}">
                <Coords points="109,3225 1801,3232 1854,3171 109,3173"/>
                <Baseline points="120,3213 206,3213 292,3213 378,3212 464,3212 550,3212 636,3212 722,3212 808,3212 894,3212 981,3212 1067,3212 1153,3212 1239,3212 1325,3212 1411,3212 1497,3212 1583,3212 1669,3212 1755,3210 1842,3210"/>
                <TextEquiv>
                    <Unicode>huiusmodi. Et. 4. eiusdem Ens dicitur multipliciter non aequoce: sed omnes modi attribuuntur vni rei &amp; vni naturae. Et</Unicode>
                </TextEquiv>
            </TextLine>
            <TextLine id="r1l56" custom="readingOrder {index:54;}">
                <Coords points="103,3299 1843,3291 1843,3226 103,3225"/>
                <Baseline points="113,3266 203,3266 293,3266 384,3266 474,3266 565,3266 655,3266 746,3266 836,3266 927,3266 1017,3266 1108,3267 1198,3267 1289,3266 1379,3266 1470,3266 1560,3266 1651,3264 1741,3264 1832,3263"/>
                <TextEquiv>
                    <Unicode>secundum hunc modum ens communissime dictum primo significat deum: secundario creaturam: sicut ens</Unicode>
                </TextEquiv>
            </TextLine>
            <TextEquiv>
                <Unicode>ad vnum &amp; multum: Deus igitur &amp; creatura essent multa in ente. Quare cum omnem multitudinem oportet
reduci ad vnitatem, super ens in quo differunt deus &amp; creatura, &amp; in quo sunt multa, esset aliquod in quo 
convenirent &amp; essent vnum. hoc autem est impossibile: quia ratio illius esset prior ratione entis: quae prima est secundum 
Auicen. ergo &amp;c. ⁋ Tertio sic. dictum de pluribus quod habet per se intellectum praeter intellectus illorum, est aliquid 
reale commune ad illos: quia omnis conceptus fundatur in re aliqua. ens est huiusmodi: quia secundum Auicen. ens impri-
mitur impressione prima etiam antequam in ipsa imprimitur intellectus aut creaturae aut dei. ergo &amp;c. ⁋ In contra
rium arguitur primo sic, quoniam quaecumque sunt diuersa inter se &amp; in aliquo communi conveniunt: necessario secun
dum esse differunt in illo communi, vt homo &amp; asinus sub animali. Si ergo esset esse aliquod commune deo &amp; creatu
rae, sub illo secundum esse differrent. Erit ergo duplex esse deo. vnum in quo cum creatura convenit siue com
municat. alid in quo a creatura differt. hoc autem est impossibile: quia tunc non esset in deo esse omnino simplex
nec esset esse purum: cuius contrarium infra patebit. ergo &amp;c. ⁋ Secundo sic. accidens quia distat a natura substan-
tiae cui convenit esse simpliciter, non dicitur simpliciter ens, quia autem aliquo modo appropinquat ipsi vt dispon
ipsius, aliquo modo nomen entis conicat cum substantia, vt dicatur ens quia est dispositio entis quod est substantia
vt dicit Philosophus in vii. meta. ita quod si non appropiquaret hoc modo accidens substantiae, non conicaret cum eo in
esse vt diceretur ens: quia est entis quod est substantia sc lset esse creaturae non appropiquat in aliquo naturae creatorli:
quia inter eos est infinita distantia. creatura ergo in nullo conicat esse cum creatore per aliquam attributionem ad ipsum 
⁋ Dicendum ad hoc: cum ens vt infra dicetur non significat aliquam vnam intentionem commu
nem substantiae &amp; accidenti: sed significat significatione prima vnumquodque. x. praedicamentorum, nulla conitate rea
li ipsum ens potest esse cone substantiae &amp; accidenti. Quare cum multo minus in aliquo vno reali conveniunt
creator &amp; creatura quam duae creaturae: substantia. scilicet &amp; accns: immo multo plus distat ratio essendi creatoris
a ratione essendi creaturae quam differat ratio essendi vnius creaturae a ratione essendi alterius: nullo modo ens potest esse ali
quod cone reale deo &amp; creaturae. Et ideo absolute dicendum: quod esse non est aliquod cone reale in quo deus conicet cum crea
turis: &amp; ita si ens aut esse praedicatur de deo &amp; creaturis, hoc est sola nomins conitate, nulla rei: &amp; ita non vniuo
ce per definitionem vniuocorum: nec tamen pure aequoce. secundum definitionem aequocorum casu: sed medio modo vt
analogice. ⁋ Ad cuius intellectum notandum quod convenientia rei ad rem maxime in forma attenditur: &amp; hoc dupliciter
secundum quod duplex est modus conicandi aliqua in forma. vna secundum eandem rationem: quae dicitur convenientia similitudis: &amp; est eorum 
quae vna forma participant secundum rem, vt albedie duo alba, &amp; humanitate duo homines: quae facit convenientiam vniuo
cationis: qualis vt dictum est, non est dei &amp; creaturae in esse. alia vero est convenientia in forma secundum aliam &amp;
aliam rationem: quae dicitur convenientia imitationis &amp; est vniversalter in efficientibus &amp; factis, causis &amp; causatis. Cum ei omne
agens etiam quantuncunque contrarium secundum Philosophum agit in finem inquantum simile: agens autem inquantum simile non producit
nisi simile: agit etiam omne agens per suam formam: &amp; producit causatum in aliquo esse formali: Necesse est ergo in 
omnibus talibus vt semper in causato &amp; effectu sit similitudo formae agentis. &amp; si non secundum eandem rationem speciei, sit
similitudo inter ipsos: sicut est hominis generantis ad generatum: erit tamen secundum quandam imitationem. Sicut aliquod generatum a
sole: etsi n accedat ad similitudinem speciei cu sole, vt recipiat formam solis: accedit tamen ad aliquam imitatio
nem speciei solis: vt recipiat formam aliquo modo proportionabilem &amp; correspondentem formae solis: &amp; vniverslter quam
to agens est propiquius &amp; immediatius producto, tanto maior est convenientia imitationis producentis ad productum: &amp;
tanto minor quanto agens est mediatius &amp; remotius. Et ideo cum deus sit cam effectiua omnium creaturarum: licet quaerum
dam mediantibus aliis causis: quaerum quo ad hoc est primum principium remotissimum: necessario omnis creatura cum
deo secundum formam aliquam habet convenientiam: saltem secundum imitationem formae ad formam. Quare cum forma
diuina sit ipsum esse, vt infra videbitur: a quo omnis creatura mutuat nomen essendi inquantum est cam eius, vt infra dicetur:
Necesse est dicere quod saltem in esse convenientia imitationis conicet creatura cum creatore. Et ita quamuis in nulla con
uenientia realis similitudis in aliqua forma significata nomine entis conicent: conveniunt tamen in ente convenientia imi
tationis formae ad formam: quaerum vnam significat ens inquantum convenit deo: aliam vero inquantum convenit creatu
rae. Non ergo esse convenit deo &amp; creaturi vniuoce: quia non secundum eandem formam ad quam nomen entis ad signi
ficandum imponitur. Nec tamen pure aequoce: cum non aeque primo &amp; principalitur significet formam dei &amp; creaturae: si-
cut aequoca casu aeque primo &amp; principaliter significant ambo significata sua: vt hoc nomen Aiax Tela
monium &amp; GOilei filium: sed medio mod scilicet analogice: quia significat vnum suorum significatorum primo &amp; prim
cipaliter: alterum vero in ordie &amp; respectu siue proportione ad illud: vt primo &amp; principalitur formam quae habet esse
deus: in ordie autem ad illam, formam quae habet esse creatura. Sicut contingit in substantia &amp; accunte: in quibus ens primo
&amp; principaliter significat substantiam: accidens vero quia ordinem habet &amp; respectum ad substantiam. &amp; secundum hoc
substantia dicitur ens primo: &amp; accidens dicitur ens sub ordie ad substantiam: itaquod ens primo significat substantiam: &amp; ex
ordie quem habet accns ad substantiam mutuat nomen entis a substantia. secundum quod dicitur. vii. metaphysicae.
Ens dicitur multis modis. &amp; primum istorum est quod significat substantiam: &amp; alia dicuntur entia: quia sunt entis quod est
huiusmodi. Et. 4. eiusdem Ens dicitur multipliciter non aequoce: sed omnes modi attribuuntur vni rei &amp; vni naturae. Et
secundum hunc modum ens communissime dictum primo significat deum: secundario creaturam: sicut ens</Unicode>
            </TextEquiv>
        </TextRegion>
    </Page>
</PcGts>
