2352 3776
108 304 1884 391 est natus finiri. Est autem priuatiua indeterminatio quando indeterminatum natum est determinari:
114 377 1875 437 ad modum quo punctus dicitur infinitus cum non est determinatus lineis quibus natus est deter
110 436 1875 498 minari. Secundum istam autem duplicem indeterminationem oportet intelligere quod concipiendo esse
101 482 1862 550 simpliciter & indeterminate quod est dei: tunc est indeterminatio negatiua: quia esse dei nullo est
115 537 1873 604 natum determinari, vt si postquam intellexeris in creaturis hoc esse & illud esse: si intellexeris esse simpli-
115 592 1872 651 citer per abnegationem quod sit neque huius determinati: neque illius vel alicuius alterius determinati: in
115 650 1874 710 telligis esse dei. secundum quod dicit Augustius viii. de triniitate. Intelligis bonum hoc, bonum illud, intellige bonum
109 702 1872 770 simpliciter & deum intellexeris. Similiter si intelligis hoc ens & illud ens: si intelligis ens simpliciter:
115 752 1865 818 deum intelligis. & hoc concipiendo esse simpliciter & indeterminatum indeterminatione negationis, vt di-
116 810 1870 868 ctum est. Concipiendo autem ipsum esse indeterminate indeterminatione priuationis illorum quibus na
113 863 1869 918 tum est determinari, concipitur esse quod creaturae est: quia esse creaturae per proprias naturas quibus inuicem differunt, natum
109 914 1870 977 est determinari. Quod enim dicitur ens simpliciter ex eo quod habet rationem exemplaris in primo, vt iam dictum
112 965 1866 1026 est, duplici natura habet determinari: quae non dicitur esse simpliciter: sed esse aliquid: cuiusmodi est natu-
112 1018 1862 1081 ra substantiae & accidentis. Nomen enim substantiae dicit aliquid quid est ens non existens in alio vt in
110 1073 1866 1132 subiecto, nomen vero accidentis dicit ens quod est existens in alio vt in subiecto: & secundum hoc substantia
110 1127 1871 1193 & accidens constituunt diuersa genera praedicamentorum, vt infra videbitur. vt alio & alioconveniat omni creaturae
114 1179 1861 1240 ex eo quod est res praedicamenti, quod habet esse, & quod habet esse aliquid, esse enim convenit ei ex participatione per at
117 1236 1858 1295 tributionem ad ens primum inquantum est ens, vt dictum est, esse vero aliquid conuenit ei ex de
113 1284 1869 1359 terminatione propriae naturae. secundum quod dicit Boethius de Hebd. Omne quod est participat eo quod est esse
119 1347 1862 1406 vt sit: alio vero participat vt aliquid sit. vnde Commentator exponens illud Boethii de triniitate. Deus est
110 1396 1864 1457 forma quae est ipsum esse & ex qua esse est. dicitid est est forma quae non ab alio mutuat hanc dictio-
108 1450 1873 1509 nem est: & quae caeteris omnibus quadam extrinsecus participatione communicat. Cum enim (vt dicit
114 1506 1859 1569 in principio expositionis Hebd. dicimus homo est, vel corpus est, vel huiusmodi: theologi hoc esse dictum
110 1560 1865 1621 intelligunt quadam extrinsecus denominatione ab esse sui principii. Non enim dicunt corporeitate
120 1614 1861 1679 corpus esse: sed esse aliquid: nec humanitate hominem esse: sed esse aliquid. Et ad eundem modum quid
114 1666 1866 1732 quod operante summo principio est, eadem principali & increata essentia dicitur esse: suo vero quolibet genere esse ali
120 1728 1858 1784 quid. Quod tamen, vt infra videbitur: non dicitur nisi aliqua participatione diuini esse: inquantum omnium en-
128 1773 1873 1845 tium perfectiones in se continet. Per hunc ergo modum esse indeterminatum per abnegationem conve
126 1831 1867 1893 nit deo: & per priuationem creaturae. Et quia indeterminatio per abnegationem & per priuationem propinquae sunt:
127 1877 1866 1947 quia ambae tollunt determinationem, vna tantum secundum actum: alia secundum actum simul & potentiam: ideo
112 1928 1866 1995 non potentes distinguere inter huiusmodi diuersa pro eodem concipiunt esse simpliciter & esse indetermina
113 1982 1869 2056 tum: siue vno modo siue altero: siue sit dei: siue creaturae. Natura enim est intellectus non potentis di
110 2036 1866 2108 stinguere ea quae propinqua sunt, concipere ipsa vt vnum: quae tamen in rei veritate non faciunt vnum
110 2091 1860 2158 conceptum. Et ideo est error in illius conceptu. Verus enim conceptus primo concipiendo esse sim-
124 2145 1873 2216 pliciter indeterminatum quod ratione suae indeterminationis nihil ponit omnino neque determinat, vt
125 2197 1875 2264 ex hoc nihil sit re commune deo & creaturae positiuum: sed negatiuum solum: & si aliquid sit posi
120 2260 1866 2322 tiuum substratum negationi, illud est alterius & alterius rationis: sicut quod est per essentiam & quid est per participa
119 2308 1867 2376 tionem: quae consequenter rectus intellectus bene distinguit concipiendo esse indeterminatum vel negati
124 2355 1850 2429 ue vel priuatiue. & secundum hoc bene processit primum argumentum in oppositum. ⁋ Ad secundum, vero
121 2408 1849 2481 quod videtur ostendere quod deus & creatura nullo modo in esse communicant: neque participatione neque imi
110 2471 1855 2538 tatione: quia in infinitum distat creatura a creatore: Dicendum ad hoc quod licet creatura non appropin-
122 2537 1854 2593 quat creatori, vt sit aliquid naturae eius vel dispositio eius: sicut accidens appropinquat substantiae
115 2567 1856 2641 vt procedit obiectio: appropinquat tamen ei inquantum est aliquid eius vt exemplatum vel effectus hamiens
116 2626 1863 2697 aliquam eius imitationem, propter quam in esse communicat cum ipso: sicut accidens cum subiecto: non quod ali
118 2683 1859 2755 quod commune ambobus ab ipsis abstractum per intellectum significetur nomine entis, vt intelligendo hoc ens
117 2751 1858 2806 quod est deus, & hoc ens quod est creatura, dimittam hoc & hoc: & intelligam ens commune ipsis: sicut
126 2808 1865 2861 cum intelligo hunc hominem Sortem & hunc Platonem, dimitto hunc & hunc, & intelligo hominem sim
121 2854 1862 2915 pliciter. Hocenim potest fieri hic non ibi. quia hic est secundum speciem vna forma naturalis humanitatis
120 2894 1863 2968 existens in ambobus partita & determinata per materias: Propter quod dimittendo materias & determinatio
114 2952 1862 3020 nes formae per ipsas, potest intelligi ipsa forma simpliciter vt est vniversalis facta per intellectum, & essentialis
125 3014 1864 3072 similitudo suppositorum Sortis & Platonis. Non autem potest hoc fieri ibi, quia non est ibi vna forma
114 3061 1857 3126 naturalis existens in creatura & creatore in ambobus partita & determinata. Et ideo dimittendo hoc
126 3113 1865 3183 & hoc, nunquam intelligo vnum aliquid cone eis factum per intellectum quod est eorum similitudo. Sed intelligo
116 3165 1853 3231 quoddam determinatum ad vnum & ad alterum: non vnica indeterminatione: sed duplici, vt dictum est.
117 3216 1867 3312 Sed quia natura qua habet esse creatura, imitatio est naturae qua habet esse deus (non dico similitu
