2346 3770
447 299 2215 371 do: sicut humanitas in Sorte est proprie similitudo humanitatis in Platone, vel simile ei) ideo esse
463 355 2224 432 creaturae etiam imitatio & conformitas quaedam est ad esse creatoris, & ista eorum conformitas est illa eorum
456 422 2222 482 communitas quam habent in esse creator & creatura: non communitas realis in aliqua re vna, quae significe
458 477 2217 539 tur nomine entis. Vnde et si talis imitatio non esset esse creaturae ad esse creatoris: nulla diceretur
463 532 2220 591 esse inter eos communitas in ente nisi vocis solum, & esset ens pure aequiuocum ad creatorem & crea
465 574 2203 635 turam: cum modo sit analogum vt dictum est. secundum etiam quod & accidens quia participat esse per sub-
461 627 2212 695 stantiam, quia est dispositio eius, ideo est aliqua communicatio analogiae eorum in ente, quae quidem
462 691 2221 750 non esset si accidens non haberet esse per substantiam, sed per esse non existendo in substantia. Tunc
457 736 2212 800 enim pure aequiuoce diceretur ens de substantia & accidente, sicut dicitur de qualitate & quantitate, nisi
463 792 2209 847 forte qualitas habeat esse in subiecto mediante quantitate. & secundum hoc ens per prius dicitur de
462 852 1741 914 vno quam de altero, & de vno per alterum: & ita quodam modo analogice.
783 857 2224 957 lrca tertium arguitur quod esse dei sit aliquid praeter eius essentiam. primo sic. Si esse dei
771 948 2225 1015 non esset aliquid praeter eius essentiam, sed penitus idem ipsi, certitudo quae esset cir
776 1006 2223 1067 ca deum de vno esset & de altero, quia eidem inquantum idem semper natum est ac
775 1063 2226 1124 cidere idem. consequens falsum est: quoniam deum habere in se diuinam essentiam
774 1111 2232 1174 est per se notum de deo, quia essentia cuiuscumque est sua certitudo qua est id quod est.
784 1169 2231 1227 vt dicitur in. v. Metaphysicae. c. de ente. Deum autem habere esse non est perse notum
769 1218 2225 1279 quoniam hoc potest non concedi: sed est quaesitum in prima philosophia. vt dicit Auicen-
454 1272 2218 1331 in principio Metaphy. suae. ergo &c. ⁋ Secundo sic. id quo res vna conuenit cum alia, est aliquid in
462 1331 2226 1392 eadem praeter id quo differt ab illa, quia vno & eodem non potest res vna convenire cum alia & differre
462 1385 2213 1448 ab eadem inquantum vnum est & idem omnino, Deus suo esse conuenit cum aliis rebus & sua essentia differt
467 1435 2215 1499 ab eisdem. Vnde secundum Auic. Deus ratione qua est ens consideratur in eadem scientia cum aliis rebus, in qua est
470 1485 2212 1549 subiectum ens simpliciter inquantum est ens. Ratione vero qua deus est, est pars illius scientiae diuersa ab aliis
469 1539 2209 1608 differens ab illis sub ente sicut principium & principiatum. ergo &c. ⁋ In contrarium est, quoniam si in deo esse esset
456 1591 2211 1652 aliquid praeter eius essentiam: tunc in deo necesse esset ponere aliquam compositionis rationem. conse-
466 1648 2223 1717 quens falsum est, vt infra patebit. & consequentia patet: quia quaecumque sic se habent quod vnum est aliquid prae-
463 1702 1864 1764 ter aliud in eodem, necessario ei coniungitur per vnionem, non per identitatem.
463 1727 2224 1840 ⁋ Dicendum ad hoc paulo altius ordiendo sermonem a quocumque esse generaliter
470 1818 2223 1893 quod secundum Philosophum. v. Metaphysicae. in modis entis, ens prima diuisione diuiditur in ens per se, & in enim
470 1877 2214 1941 per accidens. Esse autem in ente per accidens significat de duobus hoc accidere huic. quod contingit
467 1922 2222 1993 dupliciter scilicet secundum accidens absolute, & accidentaliter per accidens. Primo modo vnum accidit alteri
468 1984 2214 2041 vt quod homo est musicus aut albus est homini esse per accidens, quia accidit homini esse musicum aut
461 2031 2225 2098 album. Secundo modo quando ambo accidunt eidem, vt quod album sit musicum contingit albo acciden
461 2084 2214 2146 taliter per accidens, quia ambo accidunt eidem vt homini subiecto. & quia id quo res habet esse ta-
456 2139 2204 2203 le est accidens eius essentialiter differens ab ea: ideo esse tale semper est aliquid praeter essentiam eius cuius
461 2193 2214 2247 est, & est accidens ei. Et quia in deo nullum cadit accidens, vt infra patebit: ideo tale esse in deo non ca-
461 2248 2216 2309 dit, sed solum ens & esse per se. quod habet duos modos: vt distinguit Philosophus. v. Metaph. Est enim
463 2307 2213 2364 ens per se duplex: & illud quod significat essentiam rei, & illud quod significat veritatem rei. Et dicitur
459 2355 2220 2418 hic veritas, non quae idem est quod rei per se entitas in natura & essentia eius qua habet esse in se: sed dimi
460 2409 2204 2472 nuta rei entitas qua habet esse apud animam apprehendentem eam. vt dicitur. vi. Metaph. Tale enim ens est
468 2466 2225 2529 ens verum & pertinet ad praedicamentum accidentis, non accidentis ipsi rei in se, sed prout ab intelligen
454 2516 2220 2580 te concipitur. & ideo est accidens non in intellecto: sed in intelligente. Ens autem quod significat essen-
468 2567 2218 2635 tiam rei, magis pertinet ad praedicamentum generis. vt dicit Commnetor super. v. Metaph. Et (vt dicit ibidem) Ari
458 2622 2207 2688 stoteles intendebat distinguere inter hoc nomen ens quod significat complexionem in intellectu, & quid si
461 2679 2212 2751 gnificat essentiam quae est extra intellectum. Vnde cum dicitur fortes est, hoc quod est est, vno modo significat
461 2729 2220 2793 rem existere in actum & praedicat esse rei in seipsa. alio modo significat compositionem esse cum homine
468 2785 2203 2851 esse veram & praedicat esse rei in anima. Quibus modis procedit illa communis distinctio propositionum: quod
459 2838 2211 2906 propositio aut est de re aut de dicto. Est enim de re propositio ista, sortes est, quando hoc verbum est co-
457 2903 2207 2965 pulat circa subiectum existentiam eius absolute sub hoc sensu, sortes est id ist esse conuenit sorti. Est autem de
459 2959 2219 3005 dicto, quando compositionem esse cum subiecto indicat esse veram sub hoc sensu, sortes est id est sortem esse
464 2998 2204 3061 est verum. De isto modo esse per se scilicet diminuto, verum est quod semper est aliquid praeter essentiam rei cuius
463 3052 2218 3112 est, quia est aliquod non in ipsa re, sed in cognoscente & apprehendente ipsam. & esse dei modo isto scilicet
465 3104 2205 3167 esse quod est verum existens de deo apud intellectum creatum cognoscentem & apprehendentem deum, est aliquid
466 3160 2212 3219 praeter essentiam dei, non in ipso deo, neque aliquid in eius essentia existens, sed in creato intellectu appre
469 3213 2210 3298 hendente ipsum. Nec de tali esse dei intelligenda est proposita quaestio, sed de esse eius primo modo
