2350 3767
110 288 1874 392 tia inquantum est diuinae rationis exemplatum: & in se est existens quoddam in actu: inquantum est diuinae po
106 370 1885 447 tentiae opeatum. ex hoc enim in ipsa essentia & natura creaturae vt essentia est vel exins, fundatur respectus quidam &
112 429 1881 487 relatio ad deum, vt ad principium efficiens & formam: a quo participat esse non ex aliquo ei supad-
111 471 1877 551 dito secundum rem: sed ex solo respectu ad ipsum vt ad rationem formalem, vniversaliad ipsum causans, vt dicatur
103 540 1883 605 esse natura & essentia quaedam in actu existens. Sed primus respectus est ei aeternus. vnde secundum
104 579 1887 654 illum in creatura non distat potentia & actus: vt ex eo quod est res, prius posset exemplari in deo quam sit
101 639 1876 711 exemplata. Secundus vero respectus est ei ex tempore. vnde & secundum illum respectum in creatura bene
97 685 1884 761 distant potentia & actus. ad esse enim in effectu quodammodo natura ipsa in se est in potentia, inquantum
111 749 1883 810 scilicet exemplata in primo exemplari nata est esse effectus agentis primi. Vnde quo ad hoc omnis creatura exins
105 800 1877 864 in actu est composita ex potentia & actu siue ex essentia & esse: vt infra videbitur: ita quod in nulla crea-
107 850 1879 932 tura potest dici quod eius essentia sit suum esse. Licet enim ipsum esse eius non sit res alia essentiae addi
95 905 1872 982 ta, vt supra ostensum est: alia tamen est intentio essentiae & esse in creatura: vt sit alia ratio & intentio creaturae
111 963 1872 1038 vt res & essentia est: alia vero ratio eius vt ens & in effectu est. Vt autem hoc clarius videamus: qualiter scilicet nec
97 1018 1884 1086 ipsum esse existentiae re differat in creatura ab eius essentia: vtamur exemplis pluribus. Ecce tria
111 1073 1870 1140 dico cum dico cursus currens currere. ltem alia tria cum dico lux lucens lucere. Et vt clarius & magis
113 1122 1874 1196 proprium sit hoc vltimum exemplum, ponamus lucem a materia separatam: quae nihil minus in se lucet:
112 1179 1881 1239 licet nihil materiale illuminaret. secundum enim quod dicit Auicen. per se agens & per suam essentiam est si-
106 1234 1871 1304 cut calor si esset existens expoliatus & ageret: & tunc quod proueniret ab eo proueniret ab hoc quod
100 1289 1868 1361 est calor tantum. agens autem per virtutem est sicut ignis, qui est agens per calorem suum. In illis tribus
109 1342 1877 1416 cursus, currens, currere, manifestum est quod penitus & omnino significant idem re: sed cursus signi-
99 1397 1878 1457 ficat rem ipsam vt res est: currens vero vt est alterius dispositio. currens enim solum cursum signifi
103 1448 1869 1520 cat in disposito: sicut album solam albedinem in habente eam. currere vero significat eam vt est actio
109 1503 1868 1576 egrediens ab agente. & est solum differentia istorum trium in modo significandi idem: & per consequens
116 1550 1859 1625 in modo intelligendi. Similiter est de aliis tribus quae sunt lux lucens lucere: quae quidem si intelligamus
103 1605 1881 1682 luce existente separata: tunc ipsa lux vt est res quaedam & natura siue essentia existens secundum seipsam
118 1664 1877 1738 per suam essentiam formaliter luceret in seipsa: vt idem penitus re essent in ea lux lucens & lucere: sicut in anima
106 1719 1872 1790 separata idem re sunt omnino vita viuens & viuere. animae enim natura vita quaedam est: & viuens in
114 1766 1879 1844 se, agens operationem sibi essentialem quae est viuere, quod est suum esse proprium: excepto hoc quod non con
112 1828 1870 1894 uenit ei nisi inquantum est effectus primi entis in effectu. & per hoc ipsum viuere quod est esse in effectu
120 1872 1876 1941 intentione & ratione differt ab ipsa anima, vt etiam si ipsa anima separata a corpore esset pura forma, esset in
103 1927 1878 2009 ipsa ratio compositionis ex essentia sua: quia in se est essentia quaedam ad esse in effectu non habens
118 1984 1861 2059 ipsum de se: sed susceptibilis eius a primo ente. & non est ratio diuersitatis secundum intentionem in ea essentiae
112 2035 1877 2100 & esse in actu, vt constituant in ipsa rationem alicuius compositionis: nisi quia esse suum non habet per
104 2094 1865 2158 essentiam suam sine actu agentis primi in ea: ita quod si poneremus eam ex sua natura formaliter sine omni
108 2147 1865 2217 agente alio habere esse: nullo modo in ea esset intentionis alicuius distinctio inter essentiam eius qua
119 2198 1864 2259 est id quod est nomine absoluto, & qua habet esse in actu: sed esset omnino sine omni ratione coopeationis
108 2251 1873 2312 idem in ea essentia & esse: vt nec re nec intentione, sed sola ratione poneremus in anima differre essentiam
101 2308 1870 2377 & existentiam sicut in deo. tale enim esse attribuere animae est ponere ipsam esse deum quendam: secundum quod
107 2361 1868 2426 aliqui philosophantium posuerunt quamlibet intelligentiam separatam deum quendam habentem esse in actu
104 2412 1865 2474 formaliter ex sua natura & essentia: tanquam in qua non est omnino potentia ad non esse: sed nec fuit vn-
117 2463 1865 2536 quam potentia ad esse differens ab actu. hoc enim contingit in solo deo: quod scilicet ipse ex natura suae essentiae
112 2524 1866 2590 formaliter habet esse in actu absque eo quod sit effectus alicuius, vt dicetur in sequenti quaest. Et ideo in
111 2566 1872 2648 ipso neque secundum intentionem aliquam distat esse ab essentia: sicut neque distat re: nec faciunt in ipso
112 2631 1864 2686 aliam rationem compositionis omnino esse & essentia: immo essentia ipsa pure & simpliciter est ipsum
109 2681 1874 2751 esse & non aliud re vel intentione quam esse: qui est actus purus simplicissimus in fine simplicitatis exns.
109 2732 1867 2792 secundum quod inferius amplius videbitur. Et quia esse est vt secundus actus & vt vigilia & considera-
118 2787 1859 2864 re: Essentia autem est sicut actus primus scientia & somnus: nobilior autem est cuiuslibet disposi-
105 2847 1870 2915 tio qua est actus, & in actu suo secundo, quam qua est vt in habitu: propter quod vult etiam Philosophus
106 2895 1867 2974 quod felicitas in actu quodam consistit non in habitu: Idcirco nobilissima dispositio dei est qua dicitur
105 2950 1868 3012 esse, & perfectissima & simplicissima: vt dignius sit dicere de deo quod sit ipsum esse quam quod sit ens aut es
111 3003 1885 3079 sentia quaedam. vt sicut in creaturis quia non sunt purus actus primum secundum rationem nostram
113 3056 1860 3117 intelligendi sic se habent essentia & esse essentiae, quod in eis producitur esse ab essentia, vt dicantur esse se-
114 3111 1875 3183 cundum essentiam quia sunt essentiae & naturae quaedam: Sic in deo quia est purus actus, secundum ra
107 3170 1875 3224 tionem nostram intelligendi se habent essentia & esse simpliciter, quod ab esse dicatur propriissime essen-
101 3219 1877 3301 tia: non autem econuerso dicatur esse: quia est essentia. Vnde proprietas talis esse soli deo conuenit. secun
