2333 3740
448 282 2208 366 ad suum esse: esse eius non est necessarium in se: quicquid autem possibile est consideratum in se: eius
449 338 2206 419 esse & eius non esse: vtrumque est per causam. Cum enim habuit esse: tunc acquisitum est sibi esse desertum
456 402 2209 471 a non esse: cum vero desierit esse, iam acquisitum est sibi non esse desertum ab esse. igitur non opor
458 448 2201 514 tet esse quin vtrumque istorum sibi acquisitum sit ab alio a se. Et per hunc modum de esse iam dicto
456 501 2210 568 in diuinis, quod formaliter potest persona aliqua habere esse a se: & principiatiue ab alio: etiam aliqui dice
463 554 2212 627 bant quod in creaturis posset esse aliquod aseipso formaliter: licet dicatur esse ab alio vt a primo agente effecti
466 622 2208 677 ue: dicendo quod corpus caeleste & omnes substantiae separatae sunt substantiae sempiternae: ita quod quantum est ex
468 663 2206 729 sua natura formali: non possunt non esse: licet esse effectiue solum habeant ab alio: quod est omnino impossi-
472 708 2213 789 bile: vt infra videbitur: quoniam tunc sequaeretur: aut quod tales creaturae etiam quantum est ex parte causae efficientis non
467 767 2201 845 possent non esse: etiam si virtutem qua ipsa in esse continet, eis subtraheret: aut quod virtutem suam qua eis
456 820 2205 908 esse tribuit & conseruat, eis subtrahere non posset: & quod ab eis omnino separari non posset: quia in eis se
467 872 2201 939 cundum ipsos non est omnino potentia ad non esse, neque ad esse: quae alia est ab actu essendi. Et hoc sentie-
465 928 2212 998 bat ille Auer. cum dixit: quod id quod de se est corporale, non est necessarium & perpetuum aliunde, quorum
465 984 1027 1064 falsitas inferius manifestabitur.
465 1031 2218 1130 ⁋ Per haec patent obiecta. cum arguitur primo quod deus non habet esse a se: quia esset
465 1104 2205 1181 causa suiipsius: Dicendum quod verum est: si haberet a se esse principiatiue: hoc enim est impossibile: quia
466 1155 2207 1226 nihil est principiatiuum suiipsius. formaliter tamen bene est possibile aliquid habere esse a se: vt dictum
477 1220 2206 1277 est. ⁋ Per idem patet secundum. bene enim probat quod deus non habet esse a se principiatiue: non tamen probat quiando ha
477 1273 2213 1342 beat esse a se formaliter. ⁋ Per idem patet argumentum in oppositum, quod si deus non haberet esse a se: habe
466 1330 2217 1385 ret esse ab alio. Dicendum quod verum est si formaliter non haberet esse a se, quod enim tale est ex se solum
483 1372 2213 1435 est possibile ad esse: quod non habet esse nisi acquisitum ab alio: non autem oportet quod illud habeat esse ab
467 1434 2205 1507 alio quod non habet a se este effectiue: quoniam omne agens reducitur ad agens primum, cuius actio reducitur
472 1484 2203 1557 ad formam suam qua agit primo formaliter actum primum in seipso qui est esse: immo (vt verius lo-
477 1527 2207 1609 quar) cuius actio quae est este: ipse est: vt nihil aliud sit quam ipsum esse: & cuius esse est eius forma & essentia
485 1589 2214 1659 vt dictum est supra: per quam agit consequenter actus sequentes: tam intra se siue sint essentiales: vt sunt in-
477 1650 2215 1716 telligere velle & huiusmodi: siue notionales: vt sunt generare, spirare: quam extra se: vt sunt creare, guberna
474 1696 2212 1781 re & huiusmodi: qui omnes habent reduci ad actum primum qui est esse, quem agit formaliter in
477 1755 775 1841 se non effectiue.
644 1783 2082 1883 Articu. & Xll. de deo, an sit in comparatione ad nostram notitiam.
978 1865 2202 1969 Equitur videre: an sit deus in comparatione ad notitiam
981 1946 1642 2026 nostram: circa quod quaeruntur sex.
980 1974 1955 2068 Primum: vtrum deum esse sit cognoscibile ab homine.
987 2027 2132 2127 Secundum: vtrum deum esse sit homini notum naturaliter per se.
993 2107 2022 2168 Tertium: vtrum contingat cogitare deum non cogitando eum esse.
981 2160 2045 2235 Quartum: vtrum esse deum sit homini demonstrabile ex creaturis.
993 2217 2209 2289 Quintum: vtrum esse deum possit fieri notum homini alia via quam ex
983 2274 1166 2344 creaturis.
983 2294 2206 2408 Sextum: vtrum contingatur aliquid intelligere circa creaturam esse, non
982 2380 1452 2456 cointelligendo deum esse.
838 2401 2208 2497 Irca primum arguitur quod deum esse non sit cognoscibile ab homine. Primo sic. illud quod est
823 2492 2204 2558 in eo quod penitus est nobis inaccessibile, non potest sciri ab homine an sit: sicut scire non
829 2539 2212 2606 possumus de aliquo an sit vltra torridam aonam. deus est huiusmodi. i. Timo. vlt. Habi
834 2601 2211 2659 tat lucem inaccessibilem. ergo &c. ⁋ Secundo sic. Quid semper latet in tenebris respectu
836 2646 2213 2705 humanae cognitionis: non potest cognosci ab homine an sit: quia omne quod illuminat ali-
820 2714 2203 2771 quid lumen est: deus est huiusmodi: vt in Psal. Posuit tenebras latibulum scilicet ergo &c.
496 2759 2206 2820 ⁋ Tertio sic. in eis quae sunt ignotae naturae prius oportet scire quid sit: quam an sit: vt prius quid sit vacuum
493 2808 2207 2876 quam an sit vacuum: vt dicitur. iiii. Physico. & secundum eundem modum dicit Augustinus contra epistolam funda, quod
492 2863 2199 2930 prius oportet scire quid sit malum quam vnde sit malum. sed deus non potest sciri ab homine quid sit: vt dicit
496 2916 2212 2986 Damasenus & infra habebitur. ergo &c. ⁋ In contrarium est: quoniam illud est cognoscibile ab homine quid sacra scri
480 2967 2209 3033 ptura docet de deo: quia propter eius cognitionem est scriptura. secundum apsum. Oia propter nostram in-
493 3020 2214 3112 structionem scripta sunt, esse deum docet sacra scriptura: dicente Dauid in Psal. Tu autem idem
490 3078 775 3147 ipse es. ergo &c.
483 3110 2206 3200 ⁋ Dicendum ad hoc: quod ista quaestio non quaerit nisi de complexo, vtrum contingit hominem
484 3197 2209 3283 scire deum esse veritate compositionis praedicati cum subiecto, quae est in anima: & diminuta rei entitas: an scilicet
