2376 3780
484 318 2255 412 ergo &c. ⁋ In oppositum est Auicen. i. Metaph. suae. vbi dicit. An sit deus non potest concedi inhac scientia
497 402 1514 458 vt subiectum: sed est quaesitum in ea non manifestum per se.
486 449 2248 530 ⁋ Dicendum ad hoc: quod deum esse contingit intelligere dupliciter. Vno modo in generali:
499 513 2241 583 inquantum deus intelligitur sub nomine entis vel boni absolute: vel alicuius proprietatis nobilis: quae ei conuenit
499 559 2250 644 & similiter creaturis: secundum quod dicit Augustinus Intellige hoc bonum, intellige illud. intellige bonum
490 621 2241 689 simpliciter si poteris: intellexeris deum. Alio modo in speciali: vt significatur sub hoc nomine deus sci icet vt na-
488 668 2240 741 tura aliqua excellentissima: vt dicit Augustinus i de doctrina chiri. Primo modo dicendum quod cognitio essendi deum
501 720 2248 785 naturaliter nobis inserta est: quia in primis conceptibus cum intelligimus ens vnum aut bonum simpliciter
493 779 2248 849 in generali intelligimus deum sub quadam confusione: sicut ex parte affectus naturaliter omnes in volendo quid
492 835 2254 896 cumque bonum: volunt esse beati: & in hoc volunt saltem in vniversali primum & summum bonum: quod deus est. Vnde per
490 885 2245 944 hunc modum cognoscendo bonum esse aut pulchrum: vel aliquod huiusmodi: necessario in hoc confuse & in genera-
496 940 2245 1006 li cognoscitur deum esse: vt infra patebit. Veruntamen sicut neque ex hac dicta voluntate dicendum est quod
493 993 2255 1051 omnes volunt deum habere, sic nec ex illa cognitione vniversali dicendum est quod omnes cognoscant deum esse: sicut co
503 1052 2255 1121 gnoscens aliquem esse inquantum homo, non cognoscit ipsum esse inquantum sortes. Vnde non obstante tali
499 1112 2257 1167 notitia qua cognoscitur deus esse, inquantum cognoscitur ens simpliciter vel bonum simpliciter esse: potest homo
499 1162 2255 1227 deum magis in particular. scilicet inquantum significatur hoc nomine deus, non intelligere esse. sicut dictum est supra.
501 1215 2252 1278 potest enim vt dicit Philosophus aliquid sciri in vniversalis & dubitari in particulari. vt enim dicitur in prin. Poster, quod nesciunt
504 1263 2246 1324 simpliciter si est: hoc quodammodo sciunt. & versus medium eiusdem. Vniuersale considerantes multotiens nesciunt
504 1318 2242 1389 quod singularium. Nunc autem ad hoc quod propositio ista deus est esset per se nota: oporteret quod ex virtute termini
498 1374 2245 1448 huius deus, inquantum hoc termino significatur deitas, in subiecto cointelligeretur in particulari esse: non
502 1425 2258 1495 solum in vniversali inquantum intelligitur esse sub ratione generali entis & boni: intelligendo esse ens aut bonum simpli
507 1476 2252 1535 citer. Aliter enim illa propositio virtute terminorum suorum non faceret istam notitiam: quod necessario requiritur ad
495 1530 2259 1587 hoc quod propositio dicatur per se naturaliter nota. Et solummodo de illa notitia essendi deum generali loquitur
498 1586 2245 1651 Damascus quando dicit illam nobis naturaliter insertam esse: & hoc ideo quia huiusmodi generalem notitiam essendi deum
501 1640 2248 1697 homo naturaliter fine studio & inuestigatione primo conceptu concipit: vt infra dicetur: sicut capit pri
495 1689 2246 1748 ma principia: non quia aliqua notitia nobis sit innata: secundum quod de hoc dictum est supra. Cognitio autem
506 1746 2253 1802 essendi deum non est omnino nobis naturaliter inserta: vt iam dicetur. & secundum hoc non est omnino per se nota ista
505 1800 2254 1865 propositio, deus est. Est igitur hic intelligendum in principio: quod ista quaestio: vtrum deum esse scilicet in actuali existentia
505 1856 2254 1920 sit per se notum: intelligitur de complexo scilicet vtrum sit per se notum, praedicatum eius inesse subiecto: vt homo communi
503 1909 2243 1974 animi conceptione enunciationem istam qua dicitur quod deus est, statim probet audita id est statim ex eo quod audit eam,
495 1961 2250 2018 nouit quod sit vera: & hoc propter euidentem inhaerentiam praedicati in subiecto. Aliter enim non mereretur dici propo
495 2013 2257 2083 sitio per se nota: aut communis animi conceptio. Non enim dicitur propositio per se nota, aut animi conceptio propter ali
516 2072 2246 2136 quam aliam euidentiam, aut probationem forinsecus de se acceptam. Dupliciter enim contingit cognoscere de re si est:
506 2120 2249 2183 aut ex natura sua in se, aut ex collatione sui ad aliqua alia: vt in proxima quaestione supra dictum est. Et ex hoc
516 2172 2250 2234 patet statim quod non valet ad propositum distinctio aliquorum dicentium: quod notitia rei respicit duo: & rem co
515 2224 2253 2297 gnitam: & ipsum cognoscentem. secundum quod distinguit Coment. super prin. ii. Metaphysicae. quod quaedam sunt difficilis cogni
498 2282 2254 2341 tionis non ex nobis: sed ex natura rei cognitae: quaedam vero econverso. & quod ideo si loqmur de notitia dei an
500 2337 2243 2401 sit ex parte rei cognoscendae: Dicendum sit: quod deum esse notissimum sit, & per se & naturaliter notum: vt omnis illa proposi
514 2384 2250 2450 tio sit per se & naturaliter nota: cuius praedicatum includitur in ratione, & significatione subiecti: vt hic, homo est animal, quia
508 2445 2246 2500 animal est de ratione & significatione hominis: & sic de quaelibet propositione per se. Nunc autem ita est in proposito: quia enim in
513 2496 2240 2554 deo idem est esse & essentia: vt dictum est supra: in subiecto quod supponit diuinam essentiam, intelligitur esse quod co
518 2547 2252 2617 pulatur in praedicato. Si vero loquemur de notitia dei an sit ex parte cognoscentis, distiguendum erit vlterius vt
507 2603 2239 2670 iam videbitur. Et patet quod non valet ista eorum distinctio ad propositum. En enim verum est quod aliqua enunciationes notissi
510 2659 2246 2720 mae sunt in sua veritate: quantum est ex parte ipsius rei subiectae, & praedicatae: vt forte quod aliquod caelum sit immobi
524 2708 2247 2772 e. Non tamen ex hoc habet propositio quae illud enunciatur: quod sit per se nota: vt dicatur communis animi conceptio: nisi cum
520 2764 2250 2833 hoc sit nota cognoscenti: vt eam statim probet auditam. Aliter enim omnis propositio esset per se nota in quae praedicatum essen
523 2817 2244 2879 tialiter inest subiecto: quod verum non est. Propter veritatem ergo ex parte rei nunquam propositio dicenda est per se
511 2872 2234 2938 nota: sed solum per se cognoscibilis, quantuncumque praedicatum includatur in ratione subiecti: sed solum propter euidentem
520 2928 2243 2991 notitiam veritatis eius ex parte apprehendentis. Non dico propter euidentiam quam habet de ea ex sua industria, aut
511 2983 2231 3034 ex studio & diligentia: quibus nouit rem distincte quam termini significant confuse: sed solum propter euidentiam quam
521 3029 2233 3104 facit ipsa propositio de se expresse & distincte indicando ex sola significatione euidenti terminorum praedi
511 3089 2242 3152 catum includi in subiecto. & sic requiritur vt res ipsa quia taliter se habet quod scilicet praedicatum includitur in ratio-
518 3142 2241 3201 ne subiecti: ipsamet per subiectum & praedicatum euidentissime cognoscenti se offerat. Propter hoc enim dixit
512 3191 2237 3255 Philosophus, quod principia cognoscimus inquantum terminos cognoscimus: vt scilicet ex hoc quod vltro cognoscamus per
504 3246 2240 3320 terminos rem subiectam & rem praedicatam: sic etiam vltro praedicatum esse in ratione subiecti cognolcamus, & inesse
