2397 3774
681 397 1904 474 lso de deo an sit: consequenter videndum est de eodem quid sit: &
681 457 1895 540 circa hoc quaeruntur. ii. Primum de quiditate dei in comparatione ad ipsum
682 511 1898 606 deum cuius est. Secundum de ipsa in comparatione ad nostram cognitio
673 567 1401 637 nem. Circa primum sunt quaestiones duae.
1034 619 1908 698 Prima: vtrum in deo ponendum fit esse quiditatem.
1043 675 1900 750 Secunda: vtrum deus ipse sit sua quiditas & essentia.
1006 728 1900 842 E primo arguitur quod in deo non sit quiditas. Primo
1003 805 1884 891 sic. Auicen. dicit. viii. Metaphysicae. quicquid habet qui-
1004 856 1886 946 ditatem causatum est. deus non est causatum, sed pri-
996 902 1899 999 mum principium, & omnium causa. ergo &c. ⁋ Secun
172 978 1886 1037 do sic. philosophus dicit. vii. Metaph. Definitio est sermo quiditatis. cui ergo non convenit definitio: nec quiditas
161 1025 1889 1090 deo non convenit definitio: quia definitio habet partes, quae sunt partes rei definitae. vt similiter dicit
176 1072 1879 1141 ibidem. deus autem non habet partes omnino, ut infra videbitur. ergo &c ⁋ Contra, quiditas & essentia
174 1135 1888 1193 idem sunt maxime in separatis a materia. vt vult philosophus iiii. &. vii. Metaph. Sed deo conuenit verissime essen
163 1191 1898 1256 tia, quia magis proprie dicitur essentia quam substantia, vt infra videbitur, quare verissime convenit ei quiditas.
159 1250 1888 1315 ⁋ Dicendum quod in hac quaestione aliud est quaerere an deo conveniat quiditas ali
173 1310 1891 1382 qua: & quaerere an deus habeat quiditatem. Si enim primo modo intelligamus quaestionem, scire debe-
165 1364 1887 1428 mus quod licet forte in rebus materialibus aliud sit essentia rei: aliud quiditas eius: vt essentia rei con
170 1417 1888 1476 prehendat omnia illa quae sunt de substantia eius, vt materiam & formam. secundum quod dicit Auer. su-
163 1474 1897 1536 per. viii. Metaph. Duo dant esse rei, quod significat definitio in omnibus rebus habentibus materiam &
167 1521 1887 1608 formam. quiditas autem nominat formam solum. secundum quod dicit Auer. super. vii. Metaph. Quiditas hominis vno modo
158 1582 1889 1636 est homo. alio modo non est homoid est est forma hominis: & non est homo, quid est compositus ex materia & forma. In re-
164 1625 1895 1709 bus tamen abstractis a materia idem est omnino quiditas rei & essentia eius: quia non sunt nisi forma
170 1681 1888 1760 & actus liberatus a materia. secundum quod dicit philosophus. vii. Metaph. In rebus primis quae dicuntur per se essen-
164 1732 1895 1817 tia quaelibet, rerum singularium, & quodlibet singulare idem & aliquod vnum. & in viii. eiusdem. Dia quae non
168 1782 1897 1868 habent materiam, neque sensibilem neque intelligibilem, vnumquodque eorum est statim vnum illud quod est per essen
170 1844 1886 1922 tiam, vbi dicit Commenta id est vnumquodque eorum est idem cum eo quod dat suum esse. secundum quod quiditas & essen
164 1896 1894 1961 tia sunt in eis idem. vt dicimus in aliquo quod habet essentiam, quod in eo non est aliquod additum essentiae. Et si
155 1941 1890 2012 hoc sit in abstractis a materia (quod forte non est in eis vsquequaque verum, vt alias videbitur) maxime & in
157 2008 1895 2082 dubitanter verum est in primo & summe abstracto, & a materia, & limitatione ipsius esse, quod nul
160 2053 1901 2123 li creaturae convenit. vt de eo principaliter intelligamus verificari illud Auicen. v. Metaph. suae. Qui
153 2115 1890 2177 ditas omnis simplicis est ipsumque simplex. nihil enim est ibi receptibile suae quiditatis. Cum ergo quaeritur
157 2171 1888 2232 an sit deo quiditas aliqua, Dicendum quod verissime ei convenit quiditas sicut & essentia: hoc modo scilicet
160 2217 1889 2300 vt ipse dicatur esse quiditas & essentia quaedam, sicut melius patebit in sequenti quaest. Si autem intelliga-
170 2271 1890 2335 mus quaestionem Secundo modo, an scilicet deus habeat quiditatem, scire debemus quod non dicitur aliquid proprie ha-
167 2326 1891 2390 bere quiditatem, nisi id in quo possit esse alia & alia ratio quiditatis & habentis quiditatem: vt etsi
160 2385 1897 2448 essentia talis rei comprehendit totum quod est de natura eius, quiditas tamen solum nominat in ipsa re id quod
161 2430 1885 2500 determinat esse & essentiam eius, & maxime vltimum, quid est completiuum in re, ad modum quo in rebus
164 2488 1895 2566 materialibus totum quod est in eis & materia & forma, dicitur esse de eius essentia, quiditas autem eius so
155 2538 1886 2614 lum dicitur forma, quae facit quod sit quid, & ens determinatum, & ad modum quo speciei definitae essen-
165 2601 1881 2661 tia est totum quod continet definitiua ratio eius: quiditas autem proprie dicitur & maxime differentia vltima
153 2641 1888 2712 specifica. Et sic in substantiis separatis a materia (si tamen sint aliquae tales, & cum hoc sit in eis con
162 2708 1885 2778 positio ex genere & differentia) totum quod est in eis & forma generis & forma differentiae, est
166 2766 1886 2832 essentia eius. quiditas vero eius proprie, dicitur proprie forma differentiae per quam habet quod sit quid deter
153 2815 1892 2876 minatum in specie. Si etiam aliqua earum sit forma, ita simpliciter, vt non sit in ea ratio compositionis
164 2876 1889 2941 ex genere & differentia, sed solum ex esse & essentia: quam necesse est ponere ad minus in simplicissima crea
155 2921 1894 2981 tura, vt infra videbitur: etsi totum quod est in ea, essentia eius est: ipsa tamen essentia inquantum determi
153 2973 1886 3046 nat esse eius: proprie quiditas eius dicitur: quia sic dat ei esse in specie determiata. Quod cum ita sit, patet
160 3029 1890 3091 quod non est aliquod hamens quiditatem: nisi quod habet esse per formam suam determiatum: & ita aliquam rationem compotenis.
157 3078 1886 3148 Deus igitur nullo modo dicendus est hibre quiditatem proprie loquendo: quia esse sui nulla in se est determiatio:
160 3136 1895 3201 vt infra videbitur magis: & ideo deus non his definitionem: neque habet proprie locum in ipso quaestio quid est. In
153 3186 1899 3262 hhabentibus enim quiditatem, cognito de re an sit: statim hent locum in eodem, quaestio quid sit, quaestio enim quid est secundum philosophum supr
153 3241 1898 3302 ponit quaestionem an est. vt infra dicetur. In deo autem cognito perfecte an sit: vt cognito infinito pelago
153 3297 1897 3377 esse eius, non habet locum quid sit: vt infra patebit: quia non habet aliquid, esse suum determinans.
