2330 3778
496 315 2236 412 potest in opeationem suam procedere. Aliter enim esset frustra: quod non est ponere in aliqua rerum natura-
500 391 2238 460 lium. Vnde dicit philosophus. ii. cael. & mun. Quia extra rationem est: vt natura posuerit stellas mobiles: & non
494 448 2232 513 praeparauerit eis instrumenta motus. Et natura quidem non absque causa aliquid vacuum posuit. Homo autem
498 501 2238 576 ordinatur ad speculandum deum: tamquam ad eius operationem optimam & perfectissimam circa optimum & perfectis-
505 552 2228 629 simum speculabile: quia in tali opeatione consistit eius finalis: beatitudo. secundumlphilosophum in. x. Ethi. Propter quod
496 606 2238 665 etiam determinat Augustinus xiiii. de trinitate in princip quod non dicitur anima imago dei ex eo quod capax est per intelligentiam
494 658 2230 720 memoriam & voluntatem suiipsius aut alicuius rei mutabilis: sed ex eo quod ipsius dei capax est. Specu
497 712 2237 772 latio autem talis non est circa deum nisi inquantum deus est obiectum intellectualis cognitionis. Obiectum
494 770 2232 827 autem intellectualis cognitionis circa quodcumque: non est nisi quod quod est in eo. ergo deus secundum suam essentiam:
493 820 2231 886 & quod quid est in eo, est obiectum speculationis & intellectualis opeationis in homine, ad quam ordinatur. Debet
511 874 2238 948 igitur homo habere in se organum: per quod potest in speculationem essentiae & quiditatis dei per intellectualem opea
505 932 2243 998 tionem procedere. Aliter enim ipse esset frustra. Illud autem organum non est nisi potentia intellectualis in eo: per
507 985 2236 1049 quam quiditatem & essentiam dei potest cognoscere. Absolute igitur concedendum quod quiditas dei & essentia ab
502 1032 2236 1110 homine est cognoscibilis: non solum in futuro: quid solum videtur couincere declaratio habita: sed & in preti.
515 1082 2234 1161 Vnde & Comment. exponens illud secundi Metaph. Dispositio intellectus in anima apud illud quod est in natu
502 1148 2227 1214 ra valde manifestum, similis est dispositioni oculorum vespertilionis apud lucem solis. dicit quod difficultas compre
497 1193 2231 1270 hensionis in rebus quae sunt in fine veritatis scilicet in primo principio: & in principiis abstractis a mate
492 1251 2241 1322 ria, est ex nobis & defectu nostri: non ex illis. Et assimilauit virtutem intellectus in comprehendendo in
502 1307 2238 1376 telligibilia abstracta debilissimo visui in comprehendendo maxime sensibile scilicet solem. Sed hoc non demon
499 1348 2237 1431 strat res abstractas intelligere esse impossibile nobis: sicut inspicere solem est impossibile vesprtilioni.
500 1401 2233 1463 Monstrat autem possibilitatem cognoscendi ipsum desiderium naturale sciendi verum, quid cessare non potest quo
502 1461 2223 1526 usque deueniat in cognitionem perfectam primi veri. vt dictum est supra. cuius cognitionem perfectam nullo
498 1520 2241 1591 modo in praesenti desideraret: nisi aliquo modo etiam in praesenti percipeet: vt iam dictum est. Vnde per hoc quod modo no
496 1573 2237 1638 uit homo modicum: excitatur ad maximum. Propter quod dicit Augustinus in princ. cons. Eecisti nos ad te: & in
498 1621 2236 1692 quietum est cor nostrum donec quiesca: in te. & de videndo deum. Desiderium veraciter piorum: quo vide
497 1673 2233 1736 re deum cupiunt: & inhianter inardescunt: non (vt opinor) in eam speciem contuendam fiagrat: qua vt
501 1735 2237 1791 vult apparet quod ipse non est: sed in eam substantiam qua ipse est quod est: quam videre desiderauit Moyses
499 1783 2233 1864 cum dixit. Si inueni gratiam coram te: ostende mihi temetipsum. Quantum autem & quom cognoscibile est de
495 1840 2240 1916 deo quod quid est in praesenti: iam consequentur videbitur. ⁋ Secundum iam dicta igitur concedenda sunt prima duo obiecta.
514 1885 2239 1965 ⁋ Ad obiectum in contrarium pro Damais. dicendum quod loquitur de aliquo modo speciali co
508 1958 2240 2024 gnoscendi dei quiditatem: non autem de omni. Aliquis enim aliquo modo est possibilis in paenreti: & aliquis in futuro: &
487 2011 2236 2069 alius nullo modo vt in sequenti. quod patebit. ⁋ Similiter ad dictum Greg. Dicendum quod idcirco dicit illud: quoniam quicquid
499 2056 2233 2123 hic intelligimus de deo, sub aenigmate & velamine creaturae intelligimus, vt infra videbimus. Et quoad
502 2108 2231 2175 hoc quod intelligimus de eo in paneti: l sit eius quiditas: est tamen sub intellectu nudae quiditatis. vt infra patebit.
808 2159 2241 2231 lrca Secundum arguitur: quod ex puris naturalibus cognoscibilis sit abshomine diuina quidi
790 2191 2223 2285 uatas. Primo sic. Illud quo omnia alia cognoscimus: quo etiam de ipsis iudicamus: co
767 2247 2233 2349 gnoscitur necessario cognitis aliis: quia propter quod vnumquodque & illud magis. Sicut
796 2320 2238 2400 llux ab oculo in cognoscendo per ipsum colores: & iudicando de eis: & prima princi
809 2369 2219 2454 pia ab intellectu in cognoscendo conclusiones & iudicando de eis. prima veritas,
799 2430 2230 2507 iquae est diuina quiditas, est huiusmodi, vt vult Augustinus de vera reli. &. xiiii. de trinitate. vt ha
788 2480 2222 2565 bitum est supra. ergo &c. ⁋ Secundo sic. Augustinus diciti. i.t soli. Ratio promittit ita
493 2533 2216 2606 tuae menti demonstraturum deum vt oculis sol demonstratur. i sed oculis sol demonstratur prae-
481 2593 2221 2663 sentialiter per suam essentiam. ergo per essentiam promittit ratio demonstraturum deum. sed non promittit
493 2645 2227 2726 nisi implere posset. ergo ratio potest deum in essentia sua demonstrare. sed ipsa in nobis est pure natu
496 2692 2227 2764 ralis. ergo &c. ⁋ Tertio sic. Einis & per se obiectum intellectualis cognitionis, veritas est secundum philosophum
493 2740 2216 2820 ii. Metaph. Sed in eis quae sunt per se, si simpliciter ad simpliciter: & magis ad magis in infinitum. Propter quod
490 2803 2230 2885 dicit philosophus in primo Politicae: quod sicut medicinalis scientia est ad sanitatem in infinitum: & quaelibet artium
487 2857 2223 2924 finis est in infinitum. Nunc autem homo ex puris naturalibus potest cognoscere veritatem aliquam. ergo &
487 2913 2212 2979 maiorem veritatem poterit magis cognoscere: & summam summe. Vnde secundum philosophum: intentio intelligi-
498 2955 2228 3047 bilis non debilitat intellectum: sicut intentio sensibilis sensum: sed confortat magis: quia post
498 3013 2219 3092 magis intelligibile non minus intelligit minus intelligibile: immo magis, vt dicit in. iii. de anima. sed sum
499 3071 2222 3153 ma veritas est diuina quiditas. ergo &c. ⁋ Quarto sic. nos non scimus veritatem absque eo quod scientia-
490 3125 2219 3204 mus canm eius. sed prima veritas est cam omnium aliarum veritatum in esse & in esse verum. secundum quod vtrumque
497 3164 2228 3239 horum habetur. ii. Metaph. ergo non scimus aliam veritatem absque eo quod scimus primam veritatem. Multas autem
489 3234 2216 3330 veritates alias scimus ex puris naturalibus. ergo & primam veritatem: illa autem est diuina quiditas. ergo &c.
