<?xml version="1.0" encoding="UTF-8" standalone="yes"?>
<PcGts xmlns="http://schema.primaresearch.org/PAGE/gts/pagecontent/2013-07-15" xmlns:xsi="http://www.w3.org/2001/XMLSchema-instance" xsi:schemaLocation="http://schema.primaresearch.org/PAGE/gts/pagecontent/2013-07-15 http://schema.primaresearch.org/PAGE/gts/pagecontent/2013-07-15/pagecontent.xsd">
    <Metadata>
        <Creator>prov=University of Rostock/Institute of Mathematics/CITlab|PLANET AI GmbH/Gundram Leifert/gundram.leifert@planet-ai.de:name=Badius1520-m2(htr_id=24043)::::v=2.6.6
prov=University of Rostock/Institute of Mathematics/CITlab|PLANET AI GmbH/Tobias Gruening/tobias.gruening@planet-ai.de:name=de.uros.citlab.module.baseline2polygon.B2PSeamMultiOriented:v=2.6.6
prov=University of Rostock/Institute of Mathematics/CITlab|PLANET AI GmbH/Tobias Gruening/tobias.gruening@planet-ai.de:name=/net_tf/LA73_249_0mod360.pb:de.uros.citlab.segmentation.CITlab_LA_ML:v=2.6.6
Transkribus</Creator>
        <Created>2020-04-14T19:22:50.812+02:00</Created>
        <LastChange>2020-05-22T16:31:53.297+02:00</LastChange>
        <TranskribusMetadata docId="369632" pageId="14425451" pageNr="293" tsid="29505335" status="IN_PROGRESS" userId="25065" imgUrl="https://files.transkribus.eu/Get?id=PCLJYFKQUKFKWBMSGDJHRJFX&amp;fileType=view" xmlUrl="https://files.transkribus.eu/Get?id=IQOVRQZXOILAGDTUHFKOLTJD" imageId="10388683"/>
    </Metadata>
    <Page imageFilename="292.jpg" imageWidth="2381" imageHeight="3754">
        <ReadingOrder>
            <OrderedGroup id="ro_1590188004188" caption="Regions reading order">
                <RegionRefIndexed index="0" regionRef="TextRegion_1588891835668_306"/>
            </OrderedGroup>
        </ReadingOrder>
        <TextRegion orientation="0.0" id="TextRegion_1588891835668_306" custom="readingOrder {index:0;}">
            <Coords points="146,305 1887,305 1887,3270 146,3270"/>
            <TextLine id="r1l2" custom="readingOrder {index:0;}">
                <Coords points="154,379 1873,376 1873,320 1733,285 154,291"/>
                <Baseline points="164,354 253,353 342,353 432,351 521,351 611,351 700,351 789,351 879,351 968,351 1058,351 1147,351 1237,351 1326,353 1415,353 1505,354 1594,356 1684,356 1773,357 1863,359"/>
                <TextEquiv>
                    <Unicode>quaeritur quaestione quod est: cuius cognitio anmquam possit haberi aut aggredi, necio praesupponit cognitionem</Unicode>
                </TextEquiv>
            </TextLine>
            <TextLine id="r1l3" custom="readingOrder {index:1;}">
                <Coords points="167,420 1871,423 1796,365 167,373"/>
                <Baseline points="177,410 261,408 345,408 429,407 513,405 597,405 681,405 766,404 850,404 934,404 1018,404 1102,404 1186,405 1270,405 1355,405 1439,407 1523,408 1607,408 1691,410 1775,411 1860,413"/>
                <TextEquiv>
                    <Unicode>si est. Secundum quod dicitur i. ii. Post. Impossibile est scire quid est ignorantes si est: quia de eo quod non est non contigit scire</Unicode>
                </TextEquiv>
            </TextLine>
            <TextLine id="r1l4" custom="readingOrder {index:2;}">
                <Coords points="161,483 1873,474 1822,420 161,418"/>
                <Baseline points="171,464 255,462 340,462 424,461 509,461 594,459 678,459 763,459 847,458 932,458 1017,458 1101,458 1186,459 1270,459 1355,459 1440,461 1524,461 1609,462 1693,464 1778,465 1863,467"/>
                <TextEquiv>
                    <Unicode>quid est. secundum quod dicit in eodem. Quid est Tragelaphus non contigit scire. Sed intelligendum quod scire si est, contigit</Unicode>
                </TextEquiv>
            </TextLine>
            <TextLine id="r1l6" custom="readingOrder {index:3;}">
                <Coords points="163,528 1841,543 1875,478 163,485"/>
                <Baseline points="173,516 257,515 342,515 426,514 511,513 596,513 680,513 765,512 849,512 934,512 1019,512 1103,512 1188,512 1272,512 1357,513 1442,513 1526,514 1611,515 1695,516 1780,518 1865,519"/>
                <TextEquiv>
                    <Unicode>dupliciter de re aliqua: aut per cognitionem sui accuntis: quia ei quod non est nihil accidit: et ideo cognoscendo si est</Unicode>
                </TextEquiv>
            </TextLine>
            <TextLine id="r1l7" custom="readingOrder {index:4;}">
                <Coords points="165,580 1744,593 1879,580 1879,529 165,534"/>
                <Baseline points="176,567 260,567 345,567 429,567 514,567 599,567 683,566 768,566 853,566 937,566 1022,566 1107,566 1191,566 1276,566 1361,566 1445,567 1530,567 1615,569 1699,569 1784,571 1869,572"/>
                <TextEquiv>
                    <Unicode>de eo quod accns est: necimo scitur in generali quia est aliquid cui accidat: aut per indeteriatam &amp; confusam cognitionem</Unicode>
                </TextEquiv>
            </TextLine>
            <TextLine id="r1l8" custom="readingOrder {index:5;}">
                <Coords points="155,642 1882,640 1882,580 155,577"/>
                <Baseline points="165,624 250,623 335,623 421,621 506,620 591,620 677,620 762,618 847,618 933,618 1018,618 1103,618 1189,618 1274,620 1359,620 1445,620 1530,621 1615,621 1701,623 1786,624 1872,624"/>
                <TextEquiv>
                    <Unicode>suae naturae: ad modum quo significatur ipso nomine quam deteriat ipsa cognitio quid est: quae exprimitur in definiti</Unicode>
                </TextEquiv>
            </TextLine>
            <TextLine id="r1l9" custom="readingOrder {index:6;}">
                <Coords points="159,694 1884,699 1884,643 1809,634 159,642"/>
                <Baseline points="170,677 255,677 340,675 425,675 510,674 596,674 681,674 766,672 851,672 936,672 1022,672 1107,672 1192,672 1277,672 1362,672 1448,673 1533,674 1618,675 1703,677 1788,678 1874,681"/>
                <TextEquiv>
                    <Unicode>ua ratione. De eodem enim sunt quaestio si est &amp; quid est: ad modum quo idem significant nomen &amp; definitiua ratio, vt</Unicode>
                </TextEquiv>
            </TextLine>
            <TextLine id="r1l10" custom="readingOrder {index:7;}">
                <Coords points="166,741 1887,743 1861,687 166,687"/>
                <Baseline points="176,731 261,729 346,729 431,729 516,728 601,728 686,726 771,726 856,726 941,725 1026,725 1111,725 1196,725 1281,725 1366,725 1451,726 1536,726 1621,728 1706,729 1791,731 1877,734"/>
                <TextEquiv>
                    <Unicode>dicit philosophus in. viii. Met. sie diuersimode. Nomen enim quiddam indefinitum significat, vt circulus. Definitio ant</Unicode>
                </TextEquiv>
            </TextLine>
            <TextLine id="r1l11" custom="readingOrder {index:8;}">
                <Coords points="153,810 1883,797 1846,741 153,730"/>
                <Baseline points="164,783 249,783 334,783 420,782 505,782 590,782 676,780 761,780 846,780 932,779 1017,779 1102,779 1188,779 1273,779 1358,779 1444,779 1529,780 1614,782 1700,782 1785,785 1871,786"/>
                <TextEquiv>
                    <Unicode>quae dicitur quod est sigura plana vnica linea contenta, diuiditur in singlaria id est in singulas partes rei definitae, vt dicitur in</Unicode>
                </TextEquiv>
            </TextLine>
            <TextLine id="r1l12" custom="readingOrder {index:9;}">
                <Coords points="160,857 1887,860 1887,795 160,801"/>
                <Baseline points="170,837 255,837 340,836 426,836 511,836 596,834 682,834 767,833 852,833 938,833 1023,831 1108,831 1194,831 1279,831 1364,831 1450,833 1535,833 1620,834 1706,836 1791,837 1877,840"/>
                <TextEquiv>
                    <Unicode>pri. physicae. Scire si est de re primo modo est si est secundum accns, quod non est vere scire de re si est. Scire vero de ea si est</Unicode>
                </TextEquiv>
            </TextLine>
            <TextLine id="r1l13" custom="readingOrder {index:10;}">
                <Coords points="160,907 1876,900 1842,848 1656,842 160,857"/>
                <Baseline points="170,888 254,888 339,888 424,888 509,888 594,887 678,887 763,887 848,885 933,885 1018,885 1102,885 1187,885 1272,885 1357,885 1442,885 1526,886 1611,887 1696,888 1781,890 1866,891"/>
                <TextEquiv>
                    <Unicode>secundo modo: est scire de ea si est vere &amp; per se. Vnde postquam philosophus dixit in. ii. Post, quod impossibile est scire quid est igno</Unicode>
                </TextEquiv>
            </TextLine>
            <TextLine id="r1l14" custom="readingOrder {index:11;}">
                <Coords points="153,946 1876,954 1841,898 153,905"/>
                <Baseline points="164,942 249,942 334,942 419,941 504,941 589,941 674,939 759,939 844,939 929,938 1014,938 1099,938 1184,938 1269,938 1354,938 1439,939 1524,939 1609,941 1694,942 1779,944 1865,945"/>
                <TextEquiv>
                    <Unicode>rantes si est: continuo adiuxit illos duos modos sciendi si est, cum dixit. Hoc ant si est alnm quidem secundum accns</Unicode>
                </TextEquiv>
            </TextLine>
            <TextLine id="r1l15" custom="readingOrder {index:12;}">
                <Coords points="149,1004 1872,1009 1831,951 149,948"/>
                <Baseline points="161,996 246,996 331,996 416,995 501,995 586,995 671,993 756,993 841,993 926,992 1011,992 1096,992 1181,992 1266,992 1351,992 1436,993 1521,993 1606,993 1691,995 1776,996 1862,998"/>
                <TextEquiv>
                    <Unicode>hemmus: alum habentes quod ipsius rei. Per quod innuit quod cognitio si est vere &amp; per se, est quodam modo pers cognitionis</Unicode>
                </TextEquiv>
            </TextLine>
            <TextLine id="r1l16" custom="readingOrder {index:13;}">
                <Coords points="154,1068 1877,1065 1851,1007 154,1004"/>
                <Baseline points="164,1049 249,1049 334,1049 419,1049 504,1047 589,1047 674,1047 759,1046 844,1046 929,1046 1015,1044 1100,1044 1185,1044 1270,1044 1355,1044 1440,1046 1525,1046 1610,1047 1695,1048 1780,1049 1866,1052"/>
                <TextEquiv>
                    <Unicode>eius quod quid est: non ant cognitio eius quod est si est, secundum accns. de quo statim subiugit. Sed quaecumque secundum accns sci</Unicode>
                </TextEquiv>
            </TextLine>
            <TextLine id="r1l17" custom="readingOrder {index:14;}">
                <Coords points="160,1116 1775,1125 1879,1115 1879,1063 160,1072"/>
                <Baseline points="170,1104 254,1104 339,1103 424,1103 509,1101 594,1101 679,1100 764,1100 849,1100 934,1098 1019,1098 1103,1098 1188,1098 1273,1098 1358,1098 1443,1100 1528,1100 1613,1101 1698,1103 1783,1104 1868,1106"/>
                <TextEquiv>
                    <Unicode>mus quia sunt, nccem est nullo modo se hre ad quid est: quia nec quia sunt vere scimus. S quaecumque hememus per se quia sunt: </Unicode>
                </TextEquiv>
            </TextLine>
            <TextLine id="r1l18" custom="readingOrder {index:15;}">
                <Coords points="160,1167 1885,1169 1885,1115 1803,1111 160,1116"/>
                <Baseline points="171,1157 256,1157 341,1155 426,1155 511,1154 596,1154 681,1154 767,1152 852,1152 937,1152 1022,1152 1107,1152 1192,1152 1277,1152 1363,1152 1448,1152 1533,1154 1618,1154 1703,1155 1788,1157 1874,1158"/>
                <TextEquiv>
                    <Unicode>facile est de illis per si est inuestigare quid est: quia quantum de eis hemomus, quia est, tantum de eis hmemus quid est, habendo </Unicode>
                </TextEquiv>
            </TextLine>
            <TextLine id="r1l19" custom="readingOrder {index:16;}">
                <Coords points="146,1219 1878,1223 1858,1167 146,1167"/>
                <Baseline points="156,1212 241,1211 327,1211 412,1209 498,1208 583,1208 669,1206 754,1206 840,1206 925,1205 1011,1205 1096,1205 1182,1205 1267,1205 1353,1205 1438,1206 1524,1206 1609,1208 1695,1208 1780,1209 1866,1211"/>
                <TextEquiv>
                    <Unicode>scilicet ex si est, aliquid eius quod est quid est. est enim istud si est, aliqua portio eius quod quid est: quia est indeteriata cognitio generis</Unicode>
                </TextEquiv>
            </TextLine>
            <TextLine id="r1l20" custom="readingOrder {index:17;}">
                <Coords points="153,1271 1874,1279 1874,1225 1762,1220 153,1223"/>
                <Baseline points="165,1263 249,1263 334,1262 419,1262 504,1260 589,1260 674,1260 759,1259 844,1259 929,1259 1014,1259 1098,1259 1183,1259 1268,1259 1353,1259 1438,1259 1523,1260 1608,1260 1693,1262 1778,1263 1863,1263"/>
                <TextEquiv>
                    <Unicode>&amp; naturae rei: nec tamen cadit sub eo quod est quid est, quod distiguitur contra si est. Hoc enim quid est, est quaestio de natu</Unicode>
                </TextEquiv>
            </TextLine>
            <TextLine id="r1l21" custom="readingOrder {index:18;}">
                <Coords points="152,1339 1873,1331 1873,1277 1720,1269 152,1271"/>
                <Baseline points="164,1319 253,1317 342,1317 432,1316 521,1315 611,1314 700,1314 789,1313 879,1313 968,1313 1058,1313 1147,1313 1237,1313 1326,1313 1415,1313 1505,1313 1594,1314 1684,1316 1773,1316 1863,1317"/>
                <TextEquiv>
                    <Unicode>ra rei deteriata, vel secundum genus: et hoc quo ad incompletam cognitionem eius quod quid est: vel secundum definitiuam</Unicode>
                </TextEquiv>
            </TextLine>
            <TextLine id="r1l22" custom="readingOrder {index:19;}">
                <Coords points="159,1382 1882,1380 1882,1337 1688,1322 159,1335"/>
                <Baseline points="171,1371 256,1371 341,1370 426,1370 511,1368 596,1368 681,1367 766,1367 851,1367 936,1365 1021,1365 1106,1365 1191,1365 1276,1365 1361,1365 1446,1365 1531,1367 1616,1367 1701,1368 1786,1370 1872,1371"/>
                <TextEquiv>
                    <Unicode>rationem: &amp; hoc quo ad completam cognitionem eius quod quod est: in quae etiam cognoscendo quod quid est: complete co</Unicode>
                </TextEquiv>
            </TextLine>
            <TextLine id="r1l23" custom="readingOrder {index:20;}">
                <Coords points="159,1449 1757,1446 1886,1435 1886,1379 159,1383"/>
                <Baseline points="170,1424 255,1424 340,1422 425,1422 511,1421 596,1421 681,1421 766,1420 852,1419 937,1419 1022,1419 1107,1419 1193,1419 1278,1419 1363,1419 1448,1419 1534,1419 1619,1421 1704,1422 1789,1422 1875,1424"/>
                <TextEquiv>
                    <Unicode>gnoscitur si est: quod est quaestio de natura rei omnino indeteriata, est secundum genus generalissimum. Vnde sicut imperfecta &amp; in</Unicode>
                </TextEquiv>
            </TextLine>
            <TextLine id="r1l24" custom="readingOrder {index:21;}">
                <Coords points="147,1482 1890,1487 1875,1433 147,1441"/>
                <Baseline points="158,1476 244,1476 330,1476 416,1475 502,1475 588,1475 674,1474 760,1473 846,1473 932,1473 1018,1473 1104,1472 1190,1472 1276,1472 1362,1473 1448,1473 1534,1473 1620,1475 1706,1475 1792,1476 1878,1478"/>
                <TextEquiv>
                    <Unicode>determiata cognitio est principium cognitionis perfectae &amp; deteriatae: sic cognitio ex quaestione si est, est</Unicode>
                </TextEquiv>
            </TextLine>
            <TextLine id="r1l25" custom="readingOrder {index:22;}">
                <Coords points="153,1555 1881,1539 1881,1487 153,1484"/>
                <Baseline points="164,1532 249,1532 334,1530 419,1530 505,1529 590,1529 675,1527 760,1527 846,1527 931,1527 1016,1526 1101,1526 1187,1526 1272,1526 1357,1526 1442,1527 1528,1527 1613,1527 1698,1529 1783,1529 1869,1530"/>
                <TextEquiv>
                    <Unicode>principium cognitionis ex quaestione quod est. &amp; econverso sicut habita perfecta &amp; deteriata cognitione, perficitur</Unicode>
                </TextEquiv>
            </TextLine>
            <TextLine id="r1l26" custom="readingOrder {index:23;}">
                <Coords points="157,1604 1831,1608 1882,1539 157,1555"/>
                <Baseline points="167,1587 252,1586 337,1584 422,1583 508,1583 593,1581 678,1581 763,1580 849,1580 934,1580 1019,1580 1104,1580 1190,1580 1275,1580 1360,1580 1445,1581 1531,1581 1616,1581 1701,1583 1786,1583 1872,1584"/>
                <TextEquiv>
                    <Unicode>quocquid erat imperfectum in cognitione indeteriata, sic hinta cognitione perfecta ex quaestione quid est, hituer perfecta cogni</Unicode>
                </TextEquiv>
            </TextLine>
            <TextLine id="r1l27" custom="readingOrder {index:24;}">
                <Coords points="147,1645 1877,1651 1862,1593 147,1600"/>
                <Baseline points="159,1637 244,1637 329,1637 414,1635 500,1635 585,1635 670,1635 756,1635 841,1634 926,1634 1012,1634 1097,1634 1182,1634 1267,1634 1353,1634 1438,1634 1523,1634 1609,1635 1694,1635 1779,1637 1865,1638"/>
                <TextEquiv>
                    <Unicode>tio eius quod quaerit quaestio si est. Secundum quod docet Comm. cum dicit super cap de vacuo. Pricipium quaestionis per vtrum</Unicode>
                </TextEquiv>
            </TextLine>
            <TextLine id="r1l28" custom="readingOrder {index:25;}">
                <Coords points="157,1703 1792,1708 1874,1703 1874,1645 157,1647"/>
                <Baseline points="167,1691 251,1690 336,1689 421,1689 506,1689 591,1689 675,1688 760,1688 845,1688 930,1688 1015,1688 1099,1688 1184,1686 1269,1686 1354,1686 1439,1688 1523,1688 1608,1688 1693,1688 1778,1688 1863,1689"/>
                <TextEquiv>
                    <Unicode>simplex scilicet vtrum aliquid sit vel non, est exponere nomen per sermonem compositum ex alio quod est genus: &amp; alio</Unicode>
                </TextEquiv>
            </TextLine>
            <TextLine id="r1l29" custom="readingOrder {index:26;}">
                <Coords points="157,1759 1786,1768 1880,1755 1880,1699 157,1703"/>
                <Baseline points="168,1743 253,1743 338,1743 423,1742 508,1742 593,1742 678,1742 763,1742 848,1741 933,1740 1018,1740 1103,1740 1188,1740 1273,1740 1358,1740 1443,1740 1528,1740 1613,1740 1698,1741 1783,1742 1869,1743"/>
                <TextEquiv>
                    <Unicode>quod est dicituria: &amp; tunc vlterius inquirere vtrum sit genus eius quod positum est esse genus: &amp; vtrum sit dicituria eius quod ponitur</Unicode>
                </TextEquiv>
            </TextLine>
            <TextLine id="r1l30" custom="readingOrder {index:27;}">
                <Coords points="153,1818 1885,1805 1842,1753 153,1755"/>
                <Baseline points="164,1797 249,1797 335,1796 420,1796 506,1796 591,1795 677,1794 762,1794 848,1794 933,1793 1019,1793 1105,1793 1190,1793 1276,1793 1361,1793 1447,1793 1532,1794 1618,1794 1703,1794 1789,1796 1875,1796"/>
                <TextEquiv>
                    <Unicode>vt dicituria, quando autem sic esse inuenitur tunc scitur res illa esse. Si ant non inuenitur esse in aliquo genere: tunc scitur quia res non</Unicode>
                </TextEquiv>
            </TextLine>
            <TextLine id="r1l31" custom="readingOrder {index:28;}">
                <Coords points="151,1863 1799,1865 1887,1858 1887,1805 151,1817"/>
                <Baseline points="161,1851 246,1851 332,1850 418,1850 503,1850 589,1850 675,1848 760,1848 846,1847 932,1847 1018,1847 1103,1847 1189,1845 1275,1845 1360,1845 1446,1845 1532,1847 1617,1847 1703,1848 1789,1848 1875,1850"/>
                <TextEquiv>
                    <Unicode>est. &amp; sic perfecta ratio cognitionis ipsius si est: est cognitio eius quod est quod est. Et ideo dicit philosophus in. ii. Post. Scien</Unicode>
                </TextEquiv>
            </TextLine>
            <TextLine id="r1l32" custom="readingOrder {index:29;}">
                <Coords points="160,1916 1870,1917 1839,1857 159,1860"/>
                <Baseline points="171,1905 255,1905 339,1905 424,1904 508,1904 593,1904 677,1902 761,1902 846,1901 930,1901 1015,1901 1099,1899 1183,1899 1268,1899 1352,1898 1437,1898 1521,1898 1605,1898 1690,1899 1774,1899 1859,1901"/>
                <TextEquiv>
                    <Unicode>tes quia est quid sit quaerimus. Cam enim ipsius esse. Quod expressius repetit consequentur cum dicit. Sicut diximus: idem est sci</Unicode>
                </TextEquiv>
            </TextLine>
            <TextLine id="r1l33" custom="readingOrder {index:30;}">
                <Coords points="153,1970 1874,1981 1874,1917 1783,1911 153,1916"/>
                <Baseline points="165,1959 249,1959 334,1958 419,1958 504,1958 589,1956 674,1956 759,1955 844,1955 929,1953 1014,1953 1098,1953 1183,1952 1268,1952 1353,1952 1438,1952 1523,1952 1608,1952 1693,1952 1778,1953 1863,1953"/>
                <TextEquiv>
                    <Unicode>re &amp; quid est: &amp; scire cam ipsius si est. Et nota secundum praedicta de cognitione si est, quod quid est cum est de illis quae</Unicode>
                </TextEquiv>
            </TextLine>
            <TextLine id="r1l34" custom="readingOrder {index:31;}">
                <Coords points="144,2028 1889,2018 1889,1977 1716,1963 144,1962"/>
                <Baseline points="156,2012 242,2012 328,2012 414,2012 500,2010 586,2010 672,2010 758,2009 844,2009 930,2007 1017,2007 1103,2007 1189,2006 1275,2006 1361,2006 1447,2006 1533,2006 1619,2007 1705,2007 1791,2009 1878,2010"/>
                <TextEquiv>
                    <Unicode>sunt omnino prima in natura &amp; essentia sua: quae nec per alia habent probari aut notificari: tunc est praecogni</Unicode>
                </TextEquiv>
            </TextLine>
            <TextLine id="r1l35" custom="readingOrder {index:32;}">
                <Coords points="158,2078 1873,2076 1872,2022 1605,2012 158,2028"/>
                <Baseline points="168,2067 252,2066 337,2066 422,2064 506,2064 591,2063 676,2063 760,2062 845,2061 930,2061 1015,2060 1099,2060 1184,2060 1269,2060 1353,2060 1438,2060 1523,2060 1607,2060 1692,2061 1777,2061 1862,2061"/>
                <TextEquiv>
                    <Unicode>tio: secundum quod de subiecto scientiae oportet praecognoscere quid est, sicut si est. Cum vero est de illis quae non sunt</Unicode>
                </TextEquiv>
            </TextLine>
            <TextLine id="r1l36" custom="readingOrder {index:33;}">
                <Coords points="151,2131 1812,2138 1872,2077 151,2086"/>
                <Baseline points="162,2121 246,2121 331,2120 416,2120 501,2118 586,2118 671,2117 756,2117 841,2115 926,2115 1011,2114 1095,2114 1180,2114 1265,2114 1350,2112 1435,2112 1520,2112 1605,2112 1690,2114 1775,2114 1860,2115"/>
                <TextEquiv>
                    <Unicode>omnino prima in natura &amp; essentia sua, sed habent aliquo modo priora: quibus habent notificari: tunc est quaestio</Unicode>
                </TextEquiv>
            </TextLine>
            <TextLine id="r1l37" custom="readingOrder {index:34;}">
                <Coords points="143,2179 1724,2191 1877,2180 1877,2124 143,2127"/>
                <Baseline points="153,2175 238,2174 324,2172 409,2172 495,2171 581,2171 666,2169 752,2169 837,2169 923,2168 1009,2168 1094,2168 1180,2168 1265,2168 1351,2168 1437,2168 1522,2168 1608,2168 1693,2168 1779,2168 1865,2168"/>
                <TextEquiv>
                    <Unicode>secundum quod dicitur. ii. Poste. Eorum quae sunt: alia sunt sine medio: &amp; principia sunt: quae esse &amp; quid est supponere</Unicode>
                </TextEquiv>
            </TextLine>
            <TextLine id="r1l38" custom="readingOrder {index:35;}">
                <Coords points="149,2239 1879,2236 1814,2181 149,2183"/>
                <Baseline points="161,2228 246,2228 331,2226 417,2226 502,2225 587,2225 673,2223 758,2223 843,2223 929,2222 1014,2222 1099,2222 1185,2222 1270,2220 1355,2220 1441,2220 1526,2220 1611,2220 1697,2222 1782,2222 1868,2222"/>
                <TextEquiv>
                    <Unicode>oportet: Sed habentium medium quorum est quaedam altera cam, per demonstrationem onindere. Cognito autem de re</Unicode>
                </TextEquiv>
            </TextLine>
            <TextLine id="r1l39" custom="readingOrder {index:36;}">
                <Coords points="150,2295 1871,2288 1870,2241 1758,2230 150,2246"/>
                <Baseline points="161,2280 245,2280 330,2279 415,2279 500,2279 585,2279 670,2277 755,2277 840,2277 925,2276 1010,2276 1094,2276 1179,2274 1264,2274 1349,2274 1434,2274 1519,2274 1604,2274 1689,2274 1774,2274 1859,2274"/>
                <TextEquiv>
                    <Unicode>si est de incomplexo: et quod est definitiua ratione: restat dubitatio de si est complexo: vca de inhaeren-</Unicode>
                </TextEquiv>
            </TextLine>
            <TextLine id="r1l40" custom="readingOrder {index:37;}">
                <Coords points="154,2345 1750,2347 1873,2337 1873,2290 154,2293"/>
                <Baseline points="165,2334 249,2334 334,2333 419,2333 504,2331 589,2331 674,2330 759,2330 844,2330 929,2328 1014,2328 1098,2328 1183,2328 1268,2327 1353,2327 1438,2327 1523,2327 1608,2327 1693,2327 1778,2328 1863,2328"/>
                <TextEquiv>
                    <Unicode>tia rei ad rem: &amp; hoc vel essentiali: vt si homo est animal: si deus est bonus: vel accidentali: vt si homo est al-</Unicode>
                </TextEquiv>
            </TextLine>
            <TextLine id="r1l41" custom="readingOrder {index:38;}">
                <Coords points="154,2396 1674,2406 1870,2399 1870,2339 153,2345"/>
                <Baseline points="164,2387 248,2387 333,2385 418,2385 503,2385 587,2384 672,2384 757,2384 842,2382 926,2382 1011,2382 1096,2381 1181,2381 1265,2381 1350,2381 1435,2381 1520,2380 1604,2379 1689,2379 1774,2379 1859,2379"/>
                <TextEquiv>
                    <Unicode>bus vel non. Et differunt si est de incomplexo &amp; de complexo: quia si est de incomplexo, est de esse rei in se</Unicode>
                </TextEquiv>
            </TextLine>
            <TextLine id="r1l42" custom="readingOrder {index:39;}">
                <Coords points="164,2467 1876,2447 1824,2390 164,2401"/>
                <Baseline points="174,2441 258,2441 343,2441 427,2439 512,2439 596,2438 681,2438 765,2436 850,2436 934,2436 1019,2435 1104,2435 1188,2435 1273,2433 1357,2433 1442,2433 1526,2433 1611,2433 1695,2433 1780,2433 1865,2435"/>
                <TextEquiv>
                    <Unicode>quod est sua vera entitas. Si vero est de complexo: est de veritate compotenis: quae est diminuta rei entitas</Unicode>
                </TextEquiv>
            </TextLine>
            <TextLine id="r1l43" custom="readingOrder {index:40;}">
                <Coords points="156,2504 1813,2509 1881,2451 156,2461"/>
                <Baseline points="167,2495 252,2495 337,2493 422,2493 507,2492 593,2492 678,2492 763,2490 848,2490 933,2490 1019,2489 1104,2489 1189,2489 1274,2489 1359,2487 1445,2487 1530,2487 1615,2487 1700,2487 1785,2487 1871,2489"/>
                <TextEquiv>
                    <Unicode>apud animam. Et de isto si est complexo: sciendum quod in eis quae sunt prima &amp; per se nota est praecognitio, vt</Unicode>
                </TextEquiv>
            </TextLine>
            <TextLine id="r1l44" custom="readingOrder {index:41;}">
                <Coords points="155,2562 1775,2562 1863,2506 155,2515"/>
                <Baseline points="165,2547 249,2547 333,2546 418,2546 502,2546 587,2544 671,2544 755,2544 840,2543 924,2543 1009,2543 1093,2541 1177,2541 1262,2541 1346,2541 1431,2541 1515,2541 1599,2540 1684,2541 1768,2541 1853,2541"/>
                <TextEquiv>
                    <Unicode>quoniam omne aut affirmare, aut negare verum est: vt dicitur in principio Post. In eis autem quae non sunt prima nec</Unicode>
                </TextEquiv>
            </TextLine>
            <TextLine id="r1l45" custom="readingOrder {index:42;}">
                <Coords points="157,2614 1880,2608 1879,2552 1817,2548 156,2564"/>
                <Baseline points="167,2603 252,2601 337,2601 422,2600 507,2599 592,2598 677,2598 762,2597 847,2597 932,2595 1018,2595 1103,2595 1188,2595 1273,2595 1358,2594 1443,2594 1528,2594 1613,2594 1698,2594 1783,2595 1869,2595"/>
                <TextEquiv>
                    <Unicode>omnino per se nota, est quaestio quam philosophus in ii. Poste. appellat quaestionem quia est. Cum enim, vt dicit, vtrum aliquod </Unicode>
                </TextEquiv>
            </TextLine>
            <TextLine id="r1l46" custom="readingOrder {index:43;}">
                <Coords points="145,2674 1835,2670 1876,2609 144,2610"/>
                <Baseline points="155,2655 240,2655 326,2654 411,2652 497,2652 582,2651 668,2651 753,2651 839,2649 924,2649 1010,2649 1095,2648 1181,2648 1266,2648 1352,2648 1437,2648 1523,2648 1608,2648 1694,2648 1779,2648 1865,2648"/>
                <TextEquiv>
                    <Unicode>sit hoc aut hoc quaerimus in numerum ponentes: vt vtrum sol deficiat aut non: quia quaerimus. Inuenientes enim quia</Unicode>
                </TextEquiv>
            </TextLine>
            <TextLine id="r1l47" custom="readingOrder {index:44;}">
                <Coords points="150,2715 1848,2725 1873,2660 150,2679"/>
                <Baseline points="162,2708 247,2708 332,2706 417,2706 502,2706 587,2705 672,2705 757,2705 842,2703 927,2703 1012,2703 1097,2703 1182,2702 1267,2702 1352,2702 1437,2702 1522,2702 1607,2700 1692,2700 1777,2700 1862,2700"/>
                <TextEquiv>
                    <Unicode>deficit pausamus: &amp; si in principio sciremus quia deficeret, non quaereremus vtrum. Cum autem sciamus ipsum quia</Unicode>
                </TextEquiv>
            </TextLine>
            <TextLine id="r1l48" custom="readingOrder {index:45;}">
                <Coords points="154,2780 1786,2779 1883,2720 153,2722"/>
                <Baseline points="164,2765 249,2763 334,2762 420,2760 505,2759 591,2759 676,2757 761,2757 847,2757 932,2757 1018,2757 1103,2757 1188,2756 1274,2756 1359,2756 1445,2756 1530,2756 1615,2754 1701,2753 1786,2752 1872,2751"/>
                <TextEquiv>
                    <Unicode>ipsum propter quod quaerimus: vt scientes quia deficit, propter quoid deficit quaerimus: quo teriato finitur humanae inue-</Unicode>
                </TextEquiv>
            </TextLine>
            <TextLine id="r1l49" custom="readingOrder {index:46;}">
                <Coords points="151,2829 1828,2828 1873,2761 150,2782"/>
                <Baseline points="162,2817 247,2816 332,2814 417,2813 502,2813 587,2813 672,2811 757,2811 842,2811 927,2811 1012,2811 1097,2810 1182,2810 1267,2810 1352,2810 1437,2810 1522,2810 1607,2808 1692,2808 1777,2807 1862,2807"/>
                <TextEquiv>
                    <Unicode>stigationis sollicitudo. ⁋ His praelibatis dicendum ad propositum. cum quaeritur: vtrum eadem cognitione cognoscitur</Unicode>
                </TextEquiv>
            </TextLine>
            <TextLine id="r1l50" custom="readingOrder {index:47;}">
                <Coords points="150,2881 1737,2885 1864,2867 1864,2816 150,2840"/>
                <Baseline points="161,2870 245,2870 330,2868 414,2867 499,2867 584,2865 668,2865 753,2865 837,2864 922,2864 1007,2864 1091,2864 1176,2864 1260,2864 1345,2864 1430,2864 1514,2862 1599,2862 1683,2862 1768,2862 1853,2861"/>
                <TextEquiv>
                    <Unicode>de deo si est &amp; quid est: Sciendum quod cognitio cum sit quaedam assimilatio cognoscentis ad cognitum: quaestio de</Unicode>
                </TextEquiv>
            </TextLine>
            <TextLine id="r1l51" custom="readingOrder {index:48;}">
                <Coords points="161,2935 1735,2938 1864,2924 1864,2868 160,2881"/>
                <Baseline points="171,2925 255,2923 339,2921 423,2921 507,2919 591,2919 675,2919 759,2918 843,2918 927,2918 1012,2918 1096,2918 1180,2918 1264,2918 1348,2918 1432,2918 1516,2916 1600,2915 1684,2915 1768,2913 1853,2912"/>
                <TextEquiv>
                    <Unicode>identitate cognitionis praet intelligi vel ex parte cognoscentis, vel ex parte cogniti. Si ex parte cogniti: sic</Unicode>
                </TextEquiv>
            </TextLine>
            <TextLine id="r1l52" custom="readingOrder {index:49;}">
                <Coords points="145,2989 1754,2990 1878,2979 1878,2921 144,2937"/>
                <Baseline points="155,2976 240,2975 326,2975 411,2973 497,2973 583,2973 668,2972 754,2972 840,2972 925,2972 1011,2972 1097,2972 1182,2972 1268,2972 1354,2970 1439,2970 1525,2970 1611,2969 1696,2967 1782,2967 1868,2966"/>
                <TextEquiv>
                    <Unicode>non est dubium quin eadem cognitione vtrumque de deo cognoscitur: quia in deo quantum est ex parte sua dif</Unicode>
                </TextEquiv>
            </TextLine>
            <TextLine id="r1l53" custom="readingOrder {index:50;}">
                <Coords points="135,3051 1858,3040 1815,2978 135,2989"/>
                <Baseline points="146,3030 231,3029 316,3028 401,3027 486,3026 571,3026 656,3026 741,3026 826,3024 911,3024 996,3024 1081,3024 1166,3024 1251,3024 1336,3024 1421,3024 1506,3024 1591,3023 1676,3023 1761,3021 1847,3020"/>
                <TextEquiv>
                    <Unicode>ferentiam nullam ponunt: sed si aliquam habeant differentiam, hoc est ex parte cognoscentis. Vnde ex par-</Unicode>
                </TextEquiv>
            </TextLine>
            <TextLine id="r1l54" custom="readingOrder {index:51;}">
                <Coords points="145,3097 1870,3092 1825,3032 145,3043"/>
                <Baseline points="156,3084 241,3083 326,3081 411,3080 496,3078 581,3078 666,3078 752,3078 837,3078 922,3078 1007,3078 1092,3078 1177,3078 1262,3078 1348,3078 1433,3078 1518,3078 1603,3077 1688,3075 1773,3074 1859,3071"/>
                <TextEquiv>
                    <Unicode>te cognoscentis solum habet locum quaestio: &amp; dicendum quod si quod est: est praecognitio: quod non eadem cognitio-</Unicode>
                </TextEquiv>
            </TextLine>
            <TextLine id="r1l55" custom="readingOrder {index:52;}">
                <Coords points="145,3148 1851,3155 1881,3092 145,3096"/>
                <Baseline points="156,3138 241,3137 327,3135 412,3134 498,3134 584,3134 669,3132 755,3132 841,3132 926,3132 1012,3131 1098,3131 1183,3131 1269,3131 1355,3131 1440,3131 1526,3129 1612,3129 1697,3128 1783,3128 1869,3126"/>
                <TextEquiv>
                    <Unicode>ne cognoscitur vtrumque de deo: quia bene contingit scire de deo quid dicitur &amp; intelligitur per no</Unicode>
                </TextEquiv>
            </TextLine>
            <TextLine id="r1l56" custom="readingOrder {index:53;}">
                <Coords points="150,3202 1873,3204 1832,3137 150,3148"/>
                <Baseline points="161,3191 246,3189 331,3189 416,3188 501,3188 586,3186 671,3186 756,3186 841,3186 926,3186 1012,3186 1097,3186 1182,3186 1267,3186 1352,3186 1437,3185 1522,3185 1607,3183 1692,3183 1777,3182 1863,3180"/>
                <TextEquiv>
                    <Unicode>men intellectu confuso &amp; indeterminato: non sciendo si sit deus: quocumque modo intelligatur si est praeco-</Unicode>
                </TextEquiv>
            </TextLine>
            <TextLine id="r1l57" custom="readingOrder {index:54;}">
                <Coords points="140,3280 1801,3275 1876,3266 1876,3201 140,3204"/>
                <Baseline points="152,3248 237,3246 323,3245 408,3243 494,3243 580,3242 665,3242 751,3242 837,3242 922,3242 1008,3242 1094,3243 1179,3243 1265,3242 1351,3242 1436,3242 1522,3240 1608,3240 1693,3239 1779,3237 1865,3234"/>
                <TextEquiv>
                    <Unicode>gnitio vel quaestio: siue de incomplexo siue de complexo: quia constat, vt dicit Augustinus i de doct. Christiana</Unicode>
                </TextEquiv>
            </TextLine>
            <TextEquiv>
                <Unicode>quaeritur quaestione quod est: cuius cognitio anmquam possit haberi aut aggredi, necio praesupponit cognitionem
si est. Secundum quod dicitur i. ii. Post. Impossibile est scire quid est ignorantes si est: quia de eo quod non est non contigit scire
quid est. secundum quod dicit in eodem. Quid est Tragelaphus non contigit scire. Sed intelligendum quod scire si est, contigit
dupliciter de re aliqua: aut per cognitionem sui accuntis: quia ei quod non est nihil accidit: et ideo cognoscendo si est
de eo quod accns est: necimo scitur in generali quia est aliquid cui accidat: aut per indeteriatam &amp; confusam cognitionem
suae naturae: ad modum quo significatur ipso nomine quam deteriat ipsa cognitio quid est: quae exprimitur in definiti
ua ratione. De eodem enim sunt quaestio si est &amp; quid est: ad modum quo idem significant nomen &amp; definitiua ratio, vt
dicit philosophus in. viii. Met. sie diuersimode. Nomen enim quiddam indefinitum significat, vt circulus. Definitio ant
quae dicitur quod est sigura plana vnica linea contenta, diuiditur in singlaria id est in singulas partes rei definitae, vt dicitur in
pri. physicae. Scire si est de re primo modo est si est secundum accns, quod non est vere scire de re si est. Scire vero de ea si est
secundo modo: est scire de ea si est vere &amp; per se. Vnde postquam philosophus dixit in. ii. Post, quod impossibile est scire quid est igno
rantes si est: continuo adiuxit illos duos modos sciendi si est, cum dixit. Hoc ant si est alnm quidem secundum accns
hemmus: alum habentes quod ipsius rei. Per quod innuit quod cognitio si est vere &amp; per se, est quodam modo pers cognitionis
eius quod quid est: non ant cognitio eius quod est si est, secundum accns. de quo statim subiugit. Sed quaecumque secundum accns sci
mus quia sunt, nccem est nullo modo se hre ad quid est: quia nec quia sunt vere scimus. S quaecumque hememus per se quia sunt: 
facile est de illis per si est inuestigare quid est: quia quantum de eis hemomus, quia est, tantum de eis hmemus quid est, habendo 
scilicet ex si est, aliquid eius quod est quid est. est enim istud si est, aliqua portio eius quod quid est: quia est indeteriata cognitio generis
&amp; naturae rei: nec tamen cadit sub eo quod est quid est, quod distiguitur contra si est. Hoc enim quid est, est quaestio de natu
ra rei deteriata, vel secundum genus: et hoc quo ad incompletam cognitionem eius quod quid est: vel secundum definitiuam
rationem: &amp; hoc quo ad completam cognitionem eius quod quod est: in quae etiam cognoscendo quod quid est: complete co
gnoscitur si est: quod est quaestio de natura rei omnino indeteriata, est secundum genus generalissimum. Vnde sicut imperfecta &amp; in
determiata cognitio est principium cognitionis perfectae &amp; deteriatae: sic cognitio ex quaestione si est, est
principium cognitionis ex quaestione quod est. &amp; econverso sicut habita perfecta &amp; deteriata cognitione, perficitur
quocquid erat imperfectum in cognitione indeteriata, sic hinta cognitione perfecta ex quaestione quid est, hituer perfecta cogni
tio eius quod quaerit quaestio si est. Secundum quod docet Comm. cum dicit super cap de vacuo. Pricipium quaestionis per vtrum
simplex scilicet vtrum aliquid sit vel non, est exponere nomen per sermonem compositum ex alio quod est genus: &amp; alio
quod est dicituria: &amp; tunc vlterius inquirere vtrum sit genus eius quod positum est esse genus: &amp; vtrum sit dicituria eius quod ponitur
vt dicituria, quando autem sic esse inuenitur tunc scitur res illa esse. Si ant non inuenitur esse in aliquo genere: tunc scitur quia res non
est. &amp; sic perfecta ratio cognitionis ipsius si est: est cognitio eius quod est quod est. Et ideo dicit philosophus in. ii. Post. Scien
tes quia est quid sit quaerimus. Cam enim ipsius esse. Quod expressius repetit consequentur cum dicit. Sicut diximus: idem est sci
re &amp; quid est: &amp; scire cam ipsius si est. Et nota secundum praedicta de cognitione si est, quod quid est cum est de illis quae
sunt omnino prima in natura &amp; essentia sua: quae nec per alia habent probari aut notificari: tunc est praecogni
tio: secundum quod de subiecto scientiae oportet praecognoscere quid est, sicut si est. Cum vero est de illis quae non sunt
omnino prima in natura &amp; essentia sua, sed habent aliquo modo priora: quibus habent notificari: tunc est quaestio
secundum quod dicitur. ii. Poste. Eorum quae sunt: alia sunt sine medio: &amp; principia sunt: quae esse &amp; quid est supponere
oportet: Sed habentium medium quorum est quaedam altera cam, per demonstrationem onindere. Cognito autem de re
si est de incomplexo: et quod est definitiua ratione: restat dubitatio de si est complexo: vca de inhaeren-
tia rei ad rem: &amp; hoc vel essentiali: vt si homo est animal: si deus est bonus: vel accidentali: vt si homo est al-
bus vel non. Et differunt si est de incomplexo &amp; de complexo: quia si est de incomplexo, est de esse rei in se
quod est sua vera entitas. Si vero est de complexo: est de veritate compotenis: quae est diminuta rei entitas
apud animam. Et de isto si est complexo: sciendum quod in eis quae sunt prima &amp; per se nota est praecognitio, vt
quoniam omne aut affirmare, aut negare verum est: vt dicitur in principio Post. In eis autem quae non sunt prima nec
omnino per se nota, est quaestio quam philosophus in ii. Poste. appellat quaestionem quia est. Cum enim, vt dicit, vtrum aliquod 
sit hoc aut hoc quaerimus in numerum ponentes: vt vtrum sol deficiat aut non: quia quaerimus. Inuenientes enim quia
deficit pausamus: &amp; si in principio sciremus quia deficeret, non quaereremus vtrum. Cum autem sciamus ipsum quia
ipsum propter quod quaerimus: vt scientes quia deficit, propter quoid deficit quaerimus: quo teriato finitur humanae inue-
stigationis sollicitudo. ⁋ His praelibatis dicendum ad propositum. cum quaeritur: vtrum eadem cognitione cognoscitur
de deo si est &amp; quid est: Sciendum quod cognitio cum sit quaedam assimilatio cognoscentis ad cognitum: quaestio de
identitate cognitionis praet intelligi vel ex parte cognoscentis, vel ex parte cogniti. Si ex parte cogniti: sic
non est dubium quin eadem cognitione vtrumque de deo cognoscitur: quia in deo quantum est ex parte sua dif
ferentiam nullam ponunt: sed si aliquam habeant differentiam, hoc est ex parte cognoscentis. Vnde ex par-
te cognoscentis solum habet locum quaestio: &amp; dicendum quod si quod est: est praecognitio: quod non eadem cognitio-
ne cognoscitur vtrumque de deo: quia bene contingit scire de deo quid dicitur &amp; intelligitur per no
men intellectu confuso &amp; indeterminato: non sciendo si sit deus: quocumque modo intelligatur si est praeco-
gnitio vel quaestio: siue de incomplexo siue de complexo: quia constat, vt dicit Augustinus i de doct. Christiana</Unicode>
            </TextEquiv>
        </TextRegion>
    </Page>
</PcGts>
