<?xml version="1.0" encoding="UTF-8" standalone="yes"?>
<PcGts xmlns="http://schema.primaresearch.org/PAGE/gts/pagecontent/2013-07-15" xmlns:xsi="http://www.w3.org/2001/XMLSchema-instance" xsi:schemaLocation="http://schema.primaresearch.org/PAGE/gts/pagecontent/2013-07-15 http://schema.primaresearch.org/PAGE/gts/pagecontent/2013-07-15/pagecontent.xsd">
    <Metadata>
        <Creator>prov=University of Rostock/Institute of Mathematics/CITlab|PLANET AI GmbH/Gundram Leifert/gundram.leifert@planet-ai.de:name=Badius1520-m2(htr_id=24043)::::v=2.6.6
prov=University of Rostock/Institute of Mathematics/CITlab|PLANET AI GmbH/Tobias Gruening/tobias.gruening@planet-ai.de:name=de.uros.citlab.module.baseline2polygon.B2PSeamMultiOriented:v=2.6.6
prov=University of Rostock/Institute of Mathematics/CITlab|PLANET AI GmbH/Tobias Gruening/tobias.gruening@planet-ai.de:name=/net_tf/LA73_249_0mod360.pb:de.uros.citlab.segmentation.CITlab_LA_ML:v=2.6.6
Transkribus</Creator>
        <Created>2020-04-14T19:22:51.224+02:00</Created>
        <LastChange>2020-05-22T16:33:06.633+02:00</LastChange>
        <TranskribusMetadata docId="369632" pageId="14425453" pageNr="295" tsid="29505390" status="IN_PROGRESS" userId="25065" imgUrl="https://files.transkribus.eu/Get?id=KEIZPJBMHRMSHLWPXPDQVEBD&amp;fileType=view" xmlUrl="https://files.transkribus.eu/Get?id=AVRPESDXJNFDCKJCRNMXSCYV" imageId="10388685"/>
    </Metadata>
    <Page imageFilename="294.jpg" imageWidth="2346" imageHeight="3771">
        <ReadingOrder>
            <OrderedGroup id="ro_1590188004438" caption="Regions reading order">
                <RegionRefIndexed index="0" regionRef="TextRegion_1588891909788_342"/>
            </OrderedGroup>
        </ReadingOrder>
        <TextRegion orientation="0.0" id="TextRegion_1588891909788_342" custom="readingOrder {index:0;}">
            <Coords points="129,300 1850,300 1850,3241 129,3241"/>
            <TextLine id="r1l2" custom="readingOrder {index:0;}">
                <Coords points="481,360 1840,360 1839,291 1758,276 481,285"/>
                <Baseline points="491,351 557,351 624,351 691,351 758,350 825,350 892,350 959,348 1026,348 1093,348 1160,347 1226,347 1293,347 1360,347 1427,347 1494,347 1561,347 1628,347 1695,347 1762,347 1829,348"/>
                <TextEquiv>
                    <Unicode>Irca Quartum arguitur: quod scire quid non est deus, non expedit ad sciendum quod est.</Unicode>
                </TextEquiv>
            </TextLine>
            <TextLine id="r1l3" custom="readingOrder {index:1;}">
                <Coords points="481,414 1844,409 1844,360 481,360"/>
                <Baseline points="492,405 559,405 626,404 693,404 760,404 827,404 894,404 961,402 1028,402 1095,402 1162,401 1229,401 1296,401 1363,401 1430,401 1497,401 1564,401 1631,401 1698,401 1765,401 1833,401"/>
                <TextEquiv>
                    <Unicode>Primo sic. sicut se habet vnumquodque ad esse, &amp; ad cognitionem. Sed vnumquodque con</Unicode>
                </TextEquiv>
            </TextLine>
            <TextLine id="r1l4" custom="readingOrder {index:2;}">
                <Coords points="477,476 1649,477 1842,466 1842,410 477,419"/>
                <Baseline points="488,458 555,457 622,456 689,456 756,456 824,456 891,456 958,456 1025,456 1092,455 1160,455 1227,455 1294,455 1361,455 1428,455 1496,455 1563,455 1630,453 1697,453 1764,453 1832,452"/>
                <TextEquiv>
                    <Unicode>tradictoriorum non confert ad esse alterius. ergo nec ad cognitionem, quid non est: est</Unicode>
                </TextEquiv>
            </TextLine>
            <TextLine id="r1l5" custom="readingOrder {index:3;}">
                <Coords points="484,521 1713,533 1844,524 1844,464 484,476"/>
                <Baseline points="494,510 564,510 634,510 705,510 775,510 846,509 916,509 987,509 1057,509 1128,509 1198,508 1269,507 1339,507 1410,507 1480,507 1551,507 1621,507 1692,507 1762,507 1833,507"/>
                <TextEquiv>
                    <Unicode>contradictorium ad quod est. ergo &amp;c. ⁋ Secundo sic. Priuatio nata est cognosci per</Unicode>
                </TextEquiv>
            </TextLine>
            <TextLine id="r1l6" custom="readingOrder {index:4;}">
                <Coords points="480,575 1851,575 1851,528 479,521"/>
                <Baseline points="491,563 558,563 625,564 693,564 760,564 828,563 895,563 962,563 1030,563 1097,563 1165,562 1232,561 1299,561 1367,561 1434,561 1502,561 1569,560 1636,560 1704,560 1771,561 1839,561"/>
                <TextEquiv>
                    <Unicode>habitum: non econverso: quia rectum est iudex suiipsius &amp; obliqui. vt dicitur. i de</Unicode>
                </TextEquiv>
            </TextLine>
            <TextLine id="r1l8" custom="readingOrder {index:5;}">
                <Coords points="472,624 1852,631 1851,575 1800,567 472,574"/>
                <Baseline points="482,617 553,618 625,617 696,617 768,617 839,617 911,617 982,616 1054,615 1125,615 1197,615 1268,614 1340,614 1411,614 1483,614 1554,614 1626,612 1697,612 1769,614 1841,614"/>
                <TextEquiv>
                    <Unicode>anima. Quid non est: est priuatio eius quod est quid est. ergo &amp;c. ⁋ In contrarium est</Unicode>
                </TextEquiv>
            </TextLine>
            <TextLine id="r1l9" custom="readingOrder {index:6;}">
                <Coords points="132,685 1741,691 1848,676 1848,631 132,642"/>
                <Baseline points="143,672 227,672 312,672 397,672 482,672 566,672 651,671 736,671 821,671 905,669 990,669 1075,669 1160,668 1244,668 1329,666 1414,666 1499,666 1583,666 1668,665 1753,665 1838,665"/>
                <TextEquiv>
                    <Unicode>Augustinus xxii. ser. super Ion Si non potes comprehendere quod est deus: vel comprehende quid non sit: multum profece-</Unicode>
                </TextEquiv>
            </TextLine>
            <TextLine id="r1l10" custom="readingOrder {index:7;}">
                <Coords points="132,738 1750,743 1855,727 1855,680 132,685"/>
                <Baseline points="143,726 228,726 313,726 398,726 483,726 568,725 653,725 738,725 823,723 908,723 993,723 1078,722 1163,722 1248,721 1333,720 1418,720 1503,720 1588,719 1673,719 1758,719 1844,719"/>
                <TextEquiv>
                    <Unicode>ris si non aliud quam est de deo senseris. Nondum quis potest paruenire ad quid sit deus: perueniat ad quid non</Unicode>
                </TextEquiv>
            </TextLine>
            <TextLine id="r1l11" custom="readingOrder {index:8;}">
                <Coords points="132,792 1822,793 1857,737 132,739"/>
                <Baseline points="143,777 228,779 313,779 398,779 483,779 569,779 654,779 739,779 824,777 909,777 995,777 1080,776 1165,776 1250,776 1335,774 1421,774 1506,774 1591,773 1676,773 1761,773 1847,773"/>
                <TextEquiv>
                    <Unicode>sit: non est corpus: non est terra: non caelum: non luna: non sol: non stellae: non est deus mutabilis</Unicode>
                </TextEquiv>
            </TextLine>
            <TextLine id="r1l12" custom="readingOrder {index:9;}">
                <Coords points="132,844 1851,857 1850,782 132,792"/>
                <Baseline points="143,833 227,833 312,833 397,833 482,833 567,832 651,831 736,831 821,831 906,830 991,830 1075,830 1160,828 1245,828 1330,828 1415,828 1499,827 1584,827 1669,827 1754,827 1839,827"/>
                <TextEquiv>
                    <Unicode>species: transi haec omnia: hanc pietatem volo a te seruari: &amp; praecipue moneo vt si non vales compre</Unicode>
                </TextEquiv>
            </TextLine>
            <TextLine id="r1l13" custom="readingOrder {index:10;}">
                <Coords points="126,929 492,889 537,928 640,893 1298,909 1298,858 1255,841 126,844"/>
                <Baseline points="137,887 194,887 252,888 309,888 367,888 424,888 482,887 539,887 597,887 654,887 712,887 769,885 827,885 884,885 942,885 999,885 1057,884 1114,884 1172,884 1229,884 1287,884"/>
                <TextEquiv>
                    <Unicode>hendere deus quid sit: parum non tibi putes scire quid non sit.</Unicode>
                </TextEquiv>
            </TextLine>
            <TextLine id="r1l14" custom="readingOrder {index:11;}">
                <Coords points="126,985 1857,979 1856,900 125,929"/>
                <Baseline points="137,968 222,968 308,968 393,966 479,966 564,966 650,966 735,966 821,965 906,965 992,965 1077,963 1163,963 1248,963 1334,962 1419,962 1505,960 1590,960 1676,959 1761,959 1847,957"/>
                <TextEquiv>
                    <Unicode>⁋ Dicendum ad hoc: quod tendens in finem quencumque duobus promouetur: quorum vnum</Unicode>
                </TextEquiv>
            </TextLine>
            <TextLine id="r1l15" custom="readingOrder {index:12;}">
                <Coords points="127,1040 1792,1040 1856,977 127,987"/>
                <Baseline points="137,1025 222,1025 307,1025 393,1025 478,1023 563,1023 649,1023 734,1023 819,1023 905,1022 990,1022 1075,1022 1161,1020 1246,1020 1331,1019 1417,1019 1502,1017 1587,1016 1673,1016 1758,1014 1844,1013"/>
                <TextEquiv>
                    <Unicode>est fuga, &amp; amotio eius quod est impedimentum motus in finem: &amp; facit deuiare a fine: Alterum vero</Unicode>
                </TextEquiv>
            </TextLine>
            <TextLine id="r1l16" custom="readingOrder {index:13;}">
                <Coords points="130,1088 1859,1086 1858,1024 129,1038"/>
                <Baseline points="140,1079 225,1079 310,1079 396,1079 481,1077 566,1077 652,1077 737,1077 822,1076 908,1076 993,1076 1078,1074 1164,1074 1249,1073 1334,1073 1420,1071 1505,1071 1590,1070 1676,1070 1761,1068 1847,1067"/>
                <TextEquiv>
                    <Unicode>est adhaesio &amp; tentio eius quod est ductiuum in finem. &amp; hoc secundum duas partes iustitiae quibus acquiruntur</Unicode>
                </TextEquiv>
            </TextLine>
            <TextLine id="r1l17" custom="readingOrder {index:14;}">
                <Coords points="138,1145 1848,1132 1847,1079 138,1088"/>
                <Baseline points="149,1131 233,1131 317,1131 402,1131 486,1131 571,1131 655,1130 740,1130 824,1130 909,1128 993,1128 1077,1128 1162,1127 1246,1127 1331,1125 1415,1125 1500,1124 1584,1124 1669,1122 1753,1121 1838,1121"/>
                <TextEquiv>
                    <Unicode>virtutes scilicet discedendo a malo &amp; faciendo bonum. Nunc autem cognitio quod est deus, finis est tendentis</Unicode>
                </TextEquiv>
            </TextLine>
            <TextLine id="r1l18" custom="readingOrder {index:15;}">
                <Coords points="126,1210 1862,1196 1838,1129 126,1141"/>
                <Baseline points="137,1185 222,1185 308,1185 393,1185 479,1185 565,1184 650,1184 736,1184 822,1183 907,1182 993,1182 1079,1181 1164,1181 1250,1179 1336,1179 1421,1178 1507,1178 1593,1176 1678,1176 1764,1175 1850,1173"/>
                <TextEquiv>
                    <Unicode>studio suo in cognitionem dei: cuius impedimentum est ignorare quid non sit deus in creaturis: promo-</Unicode>
                </TextEquiv>
            </TextLine>
            <TextLine id="r1l19" custom="readingOrder {index:16;}">
                <Coords points="133,1257 1789,1262 1849,1195 133,1203"/>
                <Baseline points="143,1238 227,1238 312,1238 397,1238 482,1238 566,1238 651,1238 736,1238 821,1236 905,1236 990,1236 1075,1235 1160,1235 1244,1233 1329,1232 1414,1232 1499,1230 1583,1230 1668,1229 1753,1227 1838,1227"/>
                <TextEquiv>
                    <Unicode>tiuum vero eius est scire quibus gradibus a creatura ascenditur ad cognitionem eius quod est deus: nec</Unicode>
                </TextEquiv>
            </TextLine>
            <TextLine id="r1l20" custom="readingOrder {index:17;}">
                <Coords points="123,1317 1800,1309 1858,1238 122,1248"/>
                <Baseline points="134,1290 219,1292 305,1292 390,1292 476,1292 562,1292 647,1292 733,1290 819,1290 904,1290 990,1289 1076,1289 1161,1287 1247,1287 1333,1286 1418,1284 1504,1284 1590,1283 1675,1283 1761,1281 1847,1281"/>
                <TextEquiv>
                    <Unicode>potest scire de aliquo in creatura quia sit gradus ascendendi ad deum: nisi cognito quod non sit deus. ali</Unicode>
                </TextEquiv>
            </TextLine>
            <TextLine id="r1l21" custom="readingOrder {index:18;}">
                <Coords points="139,1370 1814,1360 1861,1292 139,1313"/>
                <Baseline points="149,1343 234,1343 319,1344 404,1344 489,1344 574,1344 659,1344 744,1344 829,1344 914,1343 999,1343 1084,1341 1169,1341 1254,1340 1339,1340 1424,1338 1509,1338 1594,1337 1679,1335 1764,1335 1850,1334"/>
                <TextEquiv>
                    <Unicode>ter enim in illo sistere vellet in via. scilicet pro termino viae. Primum ergo quo mouetur tendes cognoscere quid </Unicode>
                </TextEquiv>
            </TextLine>
            <TextLine id="r1l22" custom="readingOrder {index:19;}">
                <Coords points="133,1409 1854,1400 1853,1344 133,1373"/>
                <Baseline points="143,1397 228,1398 313,1398 398,1398 483,1398 568,1398 653,1398 738,1397 823,1397 908,1397 993,1395 1078,1395 1163,1394 1248,1394 1333,1392 1418,1392 1503,1391 1588,1391 1673,1389 1758,1388 1844,1388"/>
                <TextEquiv>
                    <Unicode>est deus: est cognoscere quid non est: ne in illo sistat putando id deum esse quod non est deus. Et ideo dicit</Unicode>
                </TextEquiv>
            </TextLine>
            <TextLine id="r1l23" custom="readingOrder {index:20;}">
                <Coords points="139,1475 1744,1468 1851,1446 1851,1396 139,1407"/>
                <Baseline points="149,1451 233,1451 318,1451 402,1452 487,1452 572,1452 656,1451 741,1451 825,1451 910,1451 995,1449 1079,1449 1164,1448 1248,1448 1333,1446 1418,1445 1502,1445 1587,1443 1671,1442 1756,1440 1841,1439"/>
                <TextEquiv>
                    <Unicode>Boethius, quod cognitio mali bono deesse non potest: nec vitatur malum nisi cognitum. Et hoc est quod di- </Unicode>
                </TextEquiv>
            </TextLine>
            <TextLine id="r1l24" custom="readingOrder {index:21;}">
                <Coords points="129,1522 1830,1519 1849,1454 128,1482"/>
                <Baseline points="140,1506 224,1506 309,1506 394,1506 479,1506 564,1505 649,1505 734,1505 819,1505 904,1503 989,1503 1073,1503 1158,1502 1243,1500 1328,1500 1413,1499 1498,1497 1583,1496 1668,1494 1753,1493 1838,1491"/>
                <TextEquiv>
                    <Unicode>cit Augustinus super Ion ser. xxi. Intelligamus quod verum est: si autem hoc non poterimus: non eamus in illud quod fal</Unicode>
                </TextEquiv>
            </TextLine>
            <TextLine id="r1l25" custom="readingOrder {index:22;}">
                <Coords points="131,1582 1762,1571 1860,1519 131,1520"/>
                <Baseline points="141,1557 226,1557 311,1557 397,1557 482,1559 568,1559 653,1559 739,1557 824,1557 910,1557 995,1557 1080,1556 1166,1556 1251,1554 1337,1553 1422,1553 1508,1551 1593,1550 1679,1548 1764,1545 1850,1544"/>
                <TextEquiv>
                    <Unicode>sum est. Melius enim est nescire quam errare. ltaque ante omnia curare debemus vt sciamus. Si autem non pote</Unicode>
                </TextEquiv>
            </TextLine>
            <TextLine id="r1l26" custom="readingOrder {index:23;}">
                <Coords points="139,1636 1705,1630 1851,1614 1851,1556 139,1567"/>
                <Baseline points="149,1611 233,1611 318,1611 402,1611 487,1611 572,1611 656,1611 741,1611 825,1611 910,1610 995,1610 1079,1610 1164,1608 1248,1608 1333,1607 1418,1605 1502,1605 1587,1604 1671,1602 1756,1601 1841,1599"/>
                <TextEquiv>
                    <Unicode>rimus deuenire ad veritatem, non eamus ad falsitatem. Et hoc maxime cauendum est circa cognitionem</Unicode>
                </TextEquiv>
            </TextLine>
            <TextLine id="r1l27" custom="readingOrder {index:24;}">
                <Coords points="137,1689 1853,1679 1852,1615 136,1634"/>
                <Baseline points="146,1664 230,1664 315,1665 400,1665 485,1665 570,1665 654,1665 739,1665 824,1664 909,1664 994,1664 1078,1662 1163,1662 1248,1661 1333,1660 1418,1659 1502,1658 1587,1656 1672,1655 1757,1653 1842,1652"/>
                <TextEquiv>
                    <Unicode>quid est deus: quia vt dicit Augustinus i de trinitate. neque periculosius alicubi erratur: nec laboriosius aliquid quae</Unicode>
                </TextEquiv>
            </TextLine>
            <TextLine id="r1l28" custom="readingOrder {index:25;}">
                <Coords points="145,1728 1829,1729 1846,1673 144,1689"/>
                <Baseline points="155,1718 239,1718 323,1719 407,1719 491,1719 575,1719 659,1719 743,1719 827,1718 911,1718 995,1716 1079,1716 1163,1715 1247,1715 1331,1713 1415,1712 1499,1710 1583,1709 1667,1707 1751,1707 1835,1706"/>
                <TextEquiv>
                    <Unicode>ritur: nec fructuosius aliquod inuenitur. Et quia in tali inuestigatione difficillimum est homines cauere sibi</Unicode>
                </TextEquiv>
            </TextLine>
            <TextLine id="r1l29" custom="readingOrder {index:26;}">
                <Coords points="139,1784 1789,1783 1851,1716 139,1732"/>
                <Baseline points="149,1772 233,1772 318,1773 402,1773 487,1773 572,1773 656,1773 741,1773 825,1772 910,1772 995,1770 1079,1770 1164,1769 1248,1767 1333,1766 1418,1766 1502,1764 1587,1763 1671,1761 1756,1760 1841,1760"/>
                <TextEquiv>
                    <Unicode>omnino ab errore, ideo dicit Aug. ibidem. Si quod eis erga deum amoris vel timoris est, ad initium fidei</Unicode>
                </TextEquiv>
            </TextLine>
            <TextLine id="r1l30" custom="readingOrder {index:27;}">
                <Coords points="141,1848 1849,1821 1818,1768 141,1786"/>
                <Baseline points="152,1824 236,1824 320,1826 404,1826 489,1826 573,1826 657,1826 742,1826 826,1824 910,1824 995,1823 1079,1823 1163,1821 1247,1820 1332,1820 1416,1818 1500,1817 1585,1815 1669,1815 1753,1814 1838,1812"/>
                <TextEquiv>
                    <Unicode>&amp; ordinem redeundum est. lam scientes quam salubriter in sancta ecclesia medicina fidelium constituta sit</Unicode>
                </TextEquiv>
            </TextLine>
            <TextLine id="r1l31" custom="readingOrder {index:28;}">
                <Coords points="145,1901 1775,1892 1848,1829 145,1850"/>
                <Baseline points="155,1880 239,1880 323,1880 407,1880 491,1878 575,1878 659,1878 744,1878 828,1877 912,1877 996,1877 1080,1875 1164,1875 1248,1874 1333,1872 1417,1872 1501,1871 1585,1869 1669,1868 1753,1866 1838,1865"/>
                <TextEquiv>
                    <Unicode>vt ad perceptionem incommutabilis veritatis imbecillem mentem obseruata pietas sanet: ne in opinionem</Unicode>
                </TextEquiv>
            </TextLine>
            <TextLine id="r1l32" custom="readingOrder {index:29;}">
                <Coords points="139,1949 1748,1941 1846,1928 1846,1876 138,1899"/>
                <Baseline points="149,1931 233,1931 317,1932 401,1932 486,1932 570,1932 654,1932 739,1932 823,1931 907,1931 992,1929 1076,1929 1160,1928 1244,1928 1329,1926 1413,1925 1497,1923 1582,1922 1666,1920 1750,1919 1835,1917"/>
                <TextEquiv>
                    <Unicode>noxiae falsitatis temeritas inordinata praecipitet: quia mentis humanae acies inualida in tam excellem</Unicode>
                </TextEquiv>
            </TextLine>
            <TextLine id="r1l33" custom="readingOrder {index:30;}">
                <Coords points="133,2004 1832,1998 1849,1934 133,1949"/>
                <Baseline points="143,1985 227,1985 312,1986 397,1986 482,1986 566,1986 651,1986 736,1986 821,1985 905,1985 990,1983 1075,1982 1160,1981 1244,1980 1329,1979 1414,1977 1499,1976 1583,1976 1668,1974 1753,1973 1838,1973"/>
                <TextEquiv>
                    <Unicode>ti luce non figitur: nisi per iustitiam fidei nutrita vegetetur. Excedit enim, vt dicit de sent. Prosperi, super</Unicode>
                </TextEquiv>
            </TextLine>
            <TextLine id="r1l34" custom="readingOrder {index:31;}">
                <Coords points="139,2062 1697,2052 1857,1997 139,2013"/>
                <Baseline points="149,2039 233,2039 318,2040 403,2040 488,2040 573,2040 658,2039 743,2039 828,2037 913,2037 998,2036 1082,2036 1167,2034 1252,2033 1337,2031 1422,2031 1507,2030 1592,2028 1677,2027 1762,2027 1847,2025"/>
                <TextEquiv>
                    <Unicode>eminentia diuinitatis non solum vsitati eloquii nostri: sed etiam intelligentiae nostrae facultatem. Non pua</Unicode>
                </TextEquiv>
            </TextLine>
            <TextLine id="r1l35" custom="readingOrder {index:32;}">
                <Coords points="138,2100 1783,2105 1852,2095 1851,2035 137,2062"/>
                <Baseline points="149,2093 233,2094 318,2094 402,2094 487,2094 572,2093 656,2093 741,2093 825,2091 910,2091 995,2090 1079,2088 1164,2088 1248,2087 1333,2085 1418,2084 1502,2083 1587,2081 1671,2079 1756,2079 1841,2078"/>
                <TextEquiv>
                    <Unicode>enim notitiae pers est, si antequam scire possimus quid sit deus, possimus scire quid non sit. Quaerentes igitur quid sit</Unicode>
                </TextEquiv>
            </TextLine>
            <TextLine id="r1l36" custom="readingOrder {index:33;}">
                <Coords points="127,2163 1695,2158 1849,2145 1849,2092 127,2120"/>
                <Baseline points="137,2147 222,2147 307,2147 392,2147 477,2147 562,2147 647,2147 732,2145 817,2145 902,2144 988,2144 1073,2142 1158,2142 1243,2141 1328,2139 1413,2138 1498,2136 1583,2135 1668,2133 1753,2132 1839,2130"/>
                <TextEquiv>
                    <Unicode>deus, quicquod cogitanti occurrit abiicimus, respuimus, improbamus, non esse hoc quod quaerimus nouimus:</Unicode>
                </TextEquiv>
            </TextLine>
            <TextLine id="r1l37" custom="readingOrder {index:34;}">
                <Coords points="136,2225 1859,2227 1858,2148 1772,2142 135,2156"/>
                <Baseline points="147,2199 232,2201 317,2201 402,2201 487,2201 572,2201 657,2201 742,2199 827,2199 912,2198 997,2198 1082,2196 1167,2195 1252,2195 1337,2193 1422,2192 1507,2190 1592,2189 1677,2187 1762,2186 1847,2184"/>
                <TextEquiv>
                    <Unicode>quamuis illud nondum quale sit nouerimus. Est igitur in nobis (vt ita dicam) quaedam docta igno </Unicode>
                </TextEquiv>
            </TextLine>
            <TextLine id="r1l38" custom="readingOrder {index:35;}">
                <Coords points="130,2270 301,2274 368,2257 456,2282 546,2282 582,2262 696,2264 695,2217 620,2206 282,2208 239,2227 130,2228"/>
                <Baseline points="141,2255 168,2255 195,2255 222,2255 249,2255 276,2255 303,2255 331,2255 358,2255 385,2255 412,2255 439,2255 466,2255 493,2255 521,2255 548,2253 575,2253 602,2253 629,2253 656,2253 684,2253"/>
                <TextEquiv>
                    <Unicode>rantia: sicut dicit ad Probam.</Unicode>
                </TextEquiv>
            </TextLine>
            <TextLine id="r1l39" custom="readingOrder {index:36;}">
                <Coords points="139,2341 1714,2330 1851,2314 1851,2261 1488,2223 1184,2280 1077,2229 824,2281 139,2276"/>
                <Baseline points="149,2315 233,2315 318,2315 402,2315 487,2315 572,2315 656,2315 741,2315 825,2314 910,2313 995,2313 1079,2312 1164,2312 1248,2310 1333,2309 1418,2307 1502,2306 1587,2304 1671,2303 1756,2301 1841,2298"/>
                <TextEquiv>
                    <Unicode>⁋ Ad primum in oppositum: quod oppositum non confert ad esse oppositi: ergo neque ad co</Unicode>
                </TextEquiv>
            </TextLine>
            <TextLine id="r1l40" custom="readingOrder {index:37;}">
                <Coords points="135,2388 1810,2380 1855,2309 134,2341"/>
                <Baseline points="146,2372 230,2372 315,2373 400,2373 485,2373 570,2373 655,2373 740,2372 825,2372 910,2372 995,2370 1079,2370 1164,2369 1249,2367 1334,2366 1419,2365 1504,2363 1589,2361 1674,2360 1759,2357 1844,2355"/>
                <TextEquiv>
                    <Unicode>gnitionem: Dicendum quod verum est per se in causando esse aut cognitionem, per accidens autem amouens prohibens</Unicode>
                </TextEquiv>
            </TextLine>
            <TextLine id="r1l41" custom="readingOrder {index:38;}">
                <Coords points="139,2439 1733,2437 1846,2423 1846,2365 138,2390"/>
                <Baseline points="150,2424 234,2426 318,2426 402,2426 487,2426 571,2426 655,2426 739,2426 824,2425 908,2424 992,2424 1076,2423 1161,2421 1245,2421 1329,2420 1413,2418 1498,2417 1582,2415 1666,2413 1750,2411 1835,2409"/>
                <TextEquiv>
                    <Unicode>bene potest conferre: sic vt frigidum circunstans calidum: &amp; in hoc prohibens ne diffundatur extra se: sed quod con</Unicode>
                </TextEquiv>
            </TextLine>
            <TextLine id="r1l42" custom="readingOrder {index:39;}">
                <Coords points="140,2497 1648,2494 1843,2476 1845,2424 139,2439"/>
                <Baseline points="150,2478 234,2478 318,2480 402,2480 487,2480 571,2480 655,2480 739,2480 824,2478 908,2478 992,2478 1076,2477 1161,2475 1245,2474 1329,2474 1413,2472 1498,2471 1582,2469 1666,2468 1750,2466 1835,2463"/>
                <TextEquiv>
                    <Unicode>stringatur intra se. &amp; sic fortius comburit. sic cognoscere quid non sit deus, constringit intellectum</Unicode>
                </TextEquiv>
            </TextLine>
            <TextLine id="r1l43" custom="readingOrder {index:40;}">
                <Coords points="145,2551 1855,2528 1788,2473 145,2495"/>
                <Baseline points="155,2532 239,2532 323,2532 408,2532 492,2532 577,2532 661,2532 746,2532 830,2532 915,2531 999,2531 1083,2529 1168,2529 1252,2528 1337,2527 1421,2526 1506,2525 1590,2523 1675,2520 1759,2519 1844,2517"/>
                <TextEquiv>
                    <Unicode>vt intra se spiritualiter quaerat quid sit deus: &amp; non euagetur quaerendo eum per creaturas extra se: &amp; sic valet</Unicode>
                </TextEquiv>
            </TextLine>
            <TextLine id="r1l44" custom="readingOrder {index:41;}">
                <Coords points="138,2598 1846,2585 1828,2525 138,2551"/>
                <Baseline points="149,2585 233,2586 317,2586 401,2586 486,2586 570,2586 654,2586 739,2586 823,2586 907,2585 992,2585 1076,2584 1160,2583 1244,2582 1329,2581 1413,2579 1497,2577 1582,2576 1666,2574 1750,2573 1835,2570"/>
                <TextEquiv>
                    <Unicode>multum ad cognoscendum quid sit deus. ⁋ Ad secundum: quod priuatio non est principium cognoscendi</Unicode>
                </TextEquiv>
            </TextLine>
            <TextLine id="r1l45" custom="readingOrder {index:42;}">
                <Coords points="145,2647 1793,2648 1848,2594 145,2596"/>
                <Baseline points="155,2639 239,2639 323,2639 407,2640 491,2640 575,2640 659,2640 744,2639 828,2639 912,2639 996,2639 1080,2637 1164,2637 1248,2636 1333,2634 1417,2633 1501,2631 1585,2630 1669,2628 1753,2625 1838,2624"/>
                <TextEquiv>
                    <Unicode>habitum: Dicendum quod verum est per se: sed magis econuerso: per accidens autem non est inconveniens</Unicode>
                </TextEquiv>
            </TextLine>
            <TextLine id="r1l46" custom="readingOrder {index:43;}">
                <Coords points="144,2707 1753,2704 1851,2690 1851,2639 143,2660"/>
                <Baseline points="155,2691 239,2693 323,2693 407,2693 492,2694 576,2694 660,2694 745,2694 829,2693 913,2693 998,2693 1082,2691 1166,2691 1250,2690 1335,2688 1419,2687 1503,2685 1588,2684 1672,2681 1756,2679 1841,2676"/>
                <TextEquiv>
                    <Unicode>vt dictum est. Veruntamen intelligendum quod negatio circa id quod non est deus: duplex est: aliquid enim</Unicode>
                </TextEquiv>
            </TextLine>
            <TextLine id="r1l47" custom="readingOrder {index:44;}">
                <Coords points="140,2767 1846,2753 1845,2691 1783,2685 140,2709"/>
                <Baseline points="150,2745 234,2745 318,2747 402,2747 487,2747 571,2747 655,2748 739,2748 824,2747 908,2747 992,2747 1076,2746 1161,2745 1245,2744 1329,2742 1413,2741 1498,2739 1582,2738 1666,2735 1750,2733 1835,2730"/>
                <TextEquiv>
                    <Unicode>negatur de deo ratione rei significatae: vt quod non est lapis aut canis. aliquid vero negatur de ipso</Unicode>
                </TextEquiv>
            </TextLine>
            <TextLine id="r1l48" custom="readingOrder {index:45;}">
                <Coords points="144,2808 1771,2811 1854,2748 144,2761"/>
                <Baseline points="155,2798 239,2798 323,2799 408,2799 492,2801 577,2801 661,2801 746,2801 830,2801 915,2801 999,2801 1083,2799 1168,2799 1252,2798 1337,2796 1421,2795 1506,2792 1590,2790 1675,2787 1759,2784 1844,2781"/>
                <TextEquiv>
                    <Unicode>ratione imperfectionis secundum quam inuenitur in creaturis: vt quod deus non est bonus: quia est superbo</Unicode>
                </TextEquiv>
            </TextLine>
            <TextLine id="r1l49" custom="readingOrder {index:46;}">
                <Coords points="136,2866 1850,2849 1849,2793 136,2816"/>
                <Baseline points="147,2853 231,2853 316,2853 400,2855 485,2855 569,2855 654,2855 738,2855 823,2855 907,2855 992,2855 1077,2853 1161,2853 1246,2852 1330,2850 1415,2849 1499,2847 1584,2844 1668,2842 1753,2839 1838,2837"/>
                <TextEquiv>
                    <Unicode>nus: &amp; ipsa bonitas: &amp; huiusmodi. Cognitio quid non est deus primo modo praeseruat ab errore: ne credatur</Unicode>
                </TextEquiv>
            </TextLine>
            <TextLine id="r1l50" custom="readingOrder {index:47;}">
                <Coords points="146,2913 1765,2919 1842,2904 1842,2848 145,2861"/>
                <Baseline points="156,2904 239,2904 323,2906 407,2906 491,2907 575,2907 658,2907 742,2907 826,2907 910,2907 994,2907 1077,2907 1161,2906 1245,2904 1329,2904 1413,2903 1496,2901 1580,2898 1664,2896 1748,2894 1832,2891"/>
                <TextEquiv>
                    <Unicode>deus esse quod non est: non autem agit ad dirigendum in cognoscendo quid est: quia est pure negati-</Unicode>
                </TextEquiv>
            </TextLine>
            <TextLine id="r1l51" custom="readingOrder {index:48;}">
                <Coords points="146,2975 1849,2975 1849,2902 146,2926"/>
                <Baseline points="156,2958 240,2960 324,2960 408,2960 492,2961 576,2961 660,2961 744,2961 828,2961 912,2961 997,2961 1081,2960 1165,2960 1249,2958 1333,2957 1417,2956 1501,2954 1585,2952 1669,2949 1753,2948 1838,2945"/>
                <TextEquiv>
                    <Unicode>ua nisi praeseruando a putando esse quod non est. Cognitio vero de deo quod non est secundo mo</Unicode>
                </TextEquiv>
            </TextLine>
            <TextLine id="r1l52" custom="readingOrder {index:49;}">
                <Coords points="144,3029 1526,3031 1858,2969 144,2973"/>
                <Baseline points="155,3011 239,3012 324,3012 408,3014 493,3014 578,3015 662,3015 747,3015 832,3015 916,3015 1001,3014 1086,3014 1170,3013 1255,3012 1340,3011 1424,3009 1509,3008 1594,3005 1678,3003 1763,3000 1848,2997"/>
                <TextEquiv>
                    <Unicode>do: non solum praeseruat ab errore, ne credatur esse deus quod non est: sed agit ad dirigendum in co-</Unicode>
                </TextEquiv>
            </TextLine>
            <TextLine id="r1l53" custom="readingOrder {index:50;}">
                <Coords points="144,3093 1862,3061 1846,3006 143,3031"/>
                <Baseline points="155,3068 239,3068 324,3068 409,3068 494,3069 578,3069 663,3069 748,3069 833,3069 917,3068 1002,3068 1087,3068 1172,3066 1256,3066 1341,3065 1426,3063 1511,3061 1595,3059 1680,3057 1765,3054 1850,3051"/>
                <TextEquiv>
                    <Unicode>gnoscendo quid est, eo quod non est pure negatiua: sed negando circa rem rationem imperfectionis intendit</Unicode>
                </TextEquiv>
            </TextLine>
            <TextLine id="r1l54" custom="readingOrder {index:51;}">
                <Coords points="138,3129 1559,3143 1839,3115 1839,3072 138,3089"/>
                <Baseline points="149,3119 233,3119 317,3119 401,3120 485,3120 569,3120 653,3120 737,3120 821,3122 905,3122 989,3122 1073,3120 1157,3120 1241,3120 1325,3119 1409,3117 1493,3116 1577,3113 1661,3111 1745,3108 1829,3105"/>
                <TextEquiv>
                    <Unicode>includere circa eam in deo perfectionem illi ipessectioni contrariam. Vnde dicitur quod deus non est bonus ne intel</Unicode>
                </TextEquiv>
            </TextLine>
            <TextLine id="r1l55" custom="readingOrder {index:52;}">
                <Coords points="132,3185 1853,3180 1833,3114 132,3134"/>
                <Baseline points="143,3173 232,3173 321,3174 411,3174 500,3175 590,3176 679,3176 768,3176 858,3176 947,3176 1037,3176 1126,3175 1216,3174 1305,3173 1394,3171 1484,3170 1573,3168 1663,3165 1752,3162 1842,3159"/>
                <TextEquiv>
                    <Unicode>ligatur bonum convenire ipsi per inhaerentiam &amp; participationem: &amp; sic intelligatur esse bonitas ipsa per essentiam.</Unicode>
                </TextEquiv>
            </TextLine>
            <TextLine id="r1l56" custom="readingOrder {index:53;}">
                <Coords points="139,3258 1858,3253 1825,3178 139,3181"/>
                <Baseline points="150,3228 234,3228 319,3228 404,3230 489,3230 574,3230 659,3230 743,3231 828,3231 913,3231 998,3231 1083,3230 1168,3230 1253,3230 1337,3228 1422,3227 1507,3225 1592,3222 1677,3219 1762,3216 1847,3212"/>
                <TextEquiv>
                    <Unicode>Et hoc est quod intellexit Auicen. in viii. Metaphysicae suae. Prius est esse expoliatum conditione negan-</Unicode>
                </TextEquiv>
            </TextLine>
            <TextEquiv>
                <Unicode>Irca Quartum arguitur: quod scire quid non est deus, non expedit ad sciendum quod est.
Primo sic. sicut se habet vnumquodque ad esse, &amp; ad cognitionem. Sed vnumquodque con
tradictoriorum non confert ad esse alterius. ergo nec ad cognitionem, quid non est: est
contradictorium ad quod est. ergo &amp;c. ⁋ Secundo sic. Priuatio nata est cognosci per
habitum: non econverso: quia rectum est iudex suiipsius &amp; obliqui. vt dicitur. i de
anima. Quid non est: est priuatio eius quod est quid est. ergo &amp;c. ⁋ In contrarium est
Augustinus xxii. ser. super Ion Si non potes comprehendere quod est deus: vel comprehende quid non sit: multum profece-
ris si non aliud quam est de deo senseris. Nondum quis potest paruenire ad quid sit deus: perueniat ad quid non
sit: non est corpus: non est terra: non caelum: non luna: non sol: non stellae: non est deus mutabilis
species: transi haec omnia: hanc pietatem volo a te seruari: &amp; praecipue moneo vt si non vales compre
hendere deus quid sit: parum non tibi putes scire quid non sit.
⁋ Dicendum ad hoc: quod tendens in finem quencumque duobus promouetur: quorum vnum
est fuga, &amp; amotio eius quod est impedimentum motus in finem: &amp; facit deuiare a fine: Alterum vero
est adhaesio &amp; tentio eius quod est ductiuum in finem. &amp; hoc secundum duas partes iustitiae quibus acquiruntur
virtutes scilicet discedendo a malo &amp; faciendo bonum. Nunc autem cognitio quod est deus, finis est tendentis
studio suo in cognitionem dei: cuius impedimentum est ignorare quid non sit deus in creaturis: promo-
tiuum vero eius est scire quibus gradibus a creatura ascenditur ad cognitionem eius quod est deus: nec
potest scire de aliquo in creatura quia sit gradus ascendendi ad deum: nisi cognito quod non sit deus. ali
ter enim in illo sistere vellet in via. scilicet pro termino viae. Primum ergo quo mouetur tendes cognoscere quid 
est deus: est cognoscere quid non est: ne in illo sistat putando id deum esse quod non est deus. Et ideo dicit
Boethius, quod cognitio mali bono deesse non potest: nec vitatur malum nisi cognitum. Et hoc est quod di- 
cit Augustinus super Ion ser. xxi. Intelligamus quod verum est: si autem hoc non poterimus: non eamus in illud quod fal
sum est. Melius enim est nescire quam errare. ltaque ante omnia curare debemus vt sciamus. Si autem non pote
rimus deuenire ad veritatem, non eamus ad falsitatem. Et hoc maxime cauendum est circa cognitionem
quid est deus: quia vt dicit Augustinus i de trinitate. neque periculosius alicubi erratur: nec laboriosius aliquid quae
ritur: nec fructuosius aliquod inuenitur. Et quia in tali inuestigatione difficillimum est homines cauere sibi
omnino ab errore, ideo dicit Aug. ibidem. Si quod eis erga deum amoris vel timoris est, ad initium fidei
&amp; ordinem redeundum est. lam scientes quam salubriter in sancta ecclesia medicina fidelium constituta sit
vt ad perceptionem incommutabilis veritatis imbecillem mentem obseruata pietas sanet: ne in opinionem
noxiae falsitatis temeritas inordinata praecipitet: quia mentis humanae acies inualida in tam excellem
ti luce non figitur: nisi per iustitiam fidei nutrita vegetetur. Excedit enim, vt dicit de sent. Prosperi, super
eminentia diuinitatis non solum vsitati eloquii nostri: sed etiam intelligentiae nostrae facultatem. Non pua
enim notitiae pers est, si antequam scire possimus quid sit deus, possimus scire quid non sit. Quaerentes igitur quid sit
deus, quicquod cogitanti occurrit abiicimus, respuimus, improbamus, non esse hoc quod quaerimus nouimus:
quamuis illud nondum quale sit nouerimus. Est igitur in nobis (vt ita dicam) quaedam docta igno 
rantia: sicut dicit ad Probam.
⁋ Ad primum in oppositum: quod oppositum non confert ad esse oppositi: ergo neque ad co
gnitionem: Dicendum quod verum est per se in causando esse aut cognitionem, per accidens autem amouens prohibens
bene potest conferre: sic vt frigidum circunstans calidum: &amp; in hoc prohibens ne diffundatur extra se: sed quod con
stringatur intra se. &amp; sic fortius comburit. sic cognoscere quid non sit deus, constringit intellectum
vt intra se spiritualiter quaerat quid sit deus: &amp; non euagetur quaerendo eum per creaturas extra se: &amp; sic valet
multum ad cognoscendum quid sit deus. ⁋ Ad secundum: quod priuatio non est principium cognoscendi
habitum: Dicendum quod verum est per se: sed magis econuerso: per accidens autem non est inconveniens
vt dictum est. Veruntamen intelligendum quod negatio circa id quod non est deus: duplex est: aliquid enim
negatur de deo ratione rei significatae: vt quod non est lapis aut canis. aliquid vero negatur de ipso
ratione imperfectionis secundum quam inuenitur in creaturis: vt quod deus non est bonus: quia est superbo
nus: &amp; ipsa bonitas: &amp; huiusmodi. Cognitio quid non est deus primo modo praeseruat ab errore: ne credatur
deus esse quod non est: non autem agit ad dirigendum in cognoscendo quid est: quia est pure negati-
ua nisi praeseruando a putando esse quod non est. Cognitio vero de deo quod non est secundo mo
do: non solum praeseruat ab errore, ne credatur esse deus quod non est: sed agit ad dirigendum in co-
gnoscendo quid est, eo quod non est pure negatiua: sed negando circa rem rationem imperfectionis intendit
includere circa eam in deo perfectionem illi ipessectioni contrariam. Vnde dicitur quod deus non est bonus ne intel
ligatur bonum convenire ipsi per inhaerentiam &amp; participationem: &amp; sic intelligatur esse bonitas ipsa per essentiam.
Et hoc est quod intellexit Auicen. in viii. Metaphysicae suae. Prius est esse expoliatum conditione negan-</Unicode>
            </TextEquiv>
        </TextRegion>
    </Page>
</PcGts>
