2335 3764
77 279 1838 365 sit deus. Et sic cognitio de deo quid est, determinando conditiones praeeminentiae eius, & cognitio quid
83 341 1842 407 non est ei opposita, currunt eodem cursu, quantum enim scit homo de vno, & de altero. Qui enim per
81 404 1842 471 fecte quo ad omnes conditiones praeeminentiae scit quid est, perfecte scit quo ad omnes creaturas quid
90 455 1831 511 non sit. Qui autem quo ad aliquas conditiones praeeminentiae scit quid est, & quo ad aliquas creaturas
92 505 1822 579 scit quid non est: & quo ad aliquas non scit hoc. Scit enim quo ad illas, in quibus est imperfectio ope
90 560 1829 620 posita perfectioni quam nouit in deo. Quo ad alias autem non. & hoc ideo quia negatio non cogno
92 610 1836 688 scitur nisi per affirmationem, sicut priuatio per habitum. secundum quod dicit Auicen. i. metaphysicae.
86 665 1832 720 Esse cognoscitur per se: non esse vero per esse aliquo modo. & secundum quod dicit Anselmus de casu diabo-
75 719 1832 778 li. Remotio alicuius rei significari nullatenus potest: nisi cum significatione eius cuius significatur
74 774 1827 833 remotio. Nullus enim intelligit quid significat non homo, nisi intelligendo quid sit homo. Et sic
77 830 1827 898 patet quod essentialior via ex parte rei cognitae in cognoscendo quod quid est de deo, & quid non est,
85 887 1837 952 est procedere a cognitione quid est deus, ad sciendum quid non est in creaturis. licet sit econverso
91 936 1834 1009 ex parte nostra idoneor via procedendo a cognitione quid non est, ad cognoscendum quid est, via. scilicet
86 988 1839 1054 remotionis. secundum quod dicit Damascenus. Oportet eum qui vult substantiam alicuius dicere, quid
86 1051 1829 1110 est enunciare, non quid non est. Veruntamen in deo quid est dicere, impossibile est secundum substan-
83 1092 1831 1164 tiam. Facilius autem magis ex omni ablatione facere rationem. Sic enim per rationes imperfectionis
88 1144 1825 1204 via remotionis omnis imperfectionis a deo & attributionis eminentiae incipit homo cognoscere
94 1199 1835 1271 de deo quid sit in speciali, vt in sequenti quaestione dicetur. Et sic cognoscendo quid est, per ipsum quid
84 1254 1838 1313 est perfecte nouit quid non est, & per quid non est amplius nouit quid est. Et ideo qui bene defi-
80 1306 1837 1376 niunt hoc modo per cognitionem de deo quid non est, vel quod est deus: contraria consignificant: vt pro
91 1356 1830 1424 cessit penultima ratio, & duae primae rationes. Non autem qui bene definiunt quid est cognitione
88 1416 1842 1485 generali, quid est scilicet quod dicitur per nomen, oportet quod contraria consignificent, vt dictum est. Neque qui
89 1469 1835 1539 bene definiunt quid non est, per cognitionem quid est generalem, oportet quod contrarium consignifi-
89 1521 1828 1598 cent definiendo vniuersaliter quid est cognitione speciali: vt processit ratio ex duabus auctori-
93 1575 1297 1640 tatibus Augustinus ⁋ Et sic patet ad quaestionem & ad obiecta simul.
410 1592 1829 1699 lrca sextum arguitur quod non contigit sciri ex creaturis quid est de: deo. Primo sic.
402 1685 1820 1750 Non fit cognitio nisi per conuenientiam & proportionem cogniti ad id quod
404 1733 1832 1807 cognoscitur, quod quid est in deo, non habet conuenientiam ad aliquid quod est in
400 1791 1848 1852 creaturis, quia. in infinitum plus differunt quam conueniunt. ergo &c. ⁋ Secundo
408 1841 1821 1896 sic. Illud quo caetera habent cognosci, per se, non per alia habet cognosci, sed econ
401 1895 1834 1966 uerso per ipsum: quia ipsum est in cognitione primi. id quod deus est, est huius-
396 1950 1824 2015 emodi. Veritate enim quae deus est, cognoscitur omne verum, & bonitate qua bo-
99 2006 1828 2071 nus est omne bonum. Neque enim vt dicit Augustinus iiii. de trinitate. In omnibus bonis diceremus aliud esse me
92 2057 1818 2126 lius &c. vt infra dicetur in soluendo. ⁋ Tertio sic. Dionysius dicit. c. i. de di. no. Per similitudies
95 2119 1826 2178 inferioris ordinis rerum, nullo modo possunt superiora cognosci. Omnes creaturae sunt diuinae na
84 2163 1834 2234 turae similitudines: sed inferioris ordinis. ergo per ipsas non potest diuina natura, siue quiditas
90 2215 1816 2280 cognosci, cum in infinitum ipsa sit supioris ordinis. ⁋ Quarto sic. Ex illo quod est causa oberrandi a no
95 2277 1812 2343 titia alterius, non potest illud cognoscici. creatura est huiusmodi respectu quiditatis dei. secundum
89 2322 1811 2393 quod dicitur Saper. xiiii. Creaturae dei in odium factae sunt, & in tentationem animae hominum. ergo &c.
87 2372 1820 2436 ⁋ In contrarium est, quoniam super illud Romi. i. Inuisibilia dei. Glos. Tam pulchra astra condidit: vt
90 2428 1822 2507 ex eis quantus & quam admirabilis est eorum creator cognosci possit. Sed cognoscere quantus sit & quam ad
79 2487 1655 2559 mirabilis, est cognoscere eius quiditatem: quia quantitas sua est sua quiditas. ergo &c.
91 2535 1817 2623 ⁋ Dicendum ad hoc. quod cum sint quaedam creaturae sensibiles corporales, quaedam
93 2604 1808 2680 vero incorporales insensibiles, quaestio de cognitione dei in nobis ex creaturis, non intelligitur nisi
92 2655 1810 2716 ex creaturis corporalibus sensibilibus, quia etiam de creaturis incorporalibus insensibilibus non ha
95 2715 1808 2779 bemus cognitionem aliquam, nisi ex corporalibus sensibilibus. Secundum hunc ergo modum intelligen-
83 2760 1822 2836 di quaestionem, Sciendum quod ex substantiis materialibus sensibilibus dupliciter potest acquiri cognitio ali
91 2816 1806 2895 qua de substantia supernaturali insensibili. Vno modo inquantum mobilis & sensibilis, hoc est secun
97 2871 1806 2934 dum quod est substantia naturalis, & de consideratione physici. Alio modo secundum quod est ens & substantia
89 2924 1805 2995 simpliciter, & de consideratione metaphysici. Primo modo ex substantiis sensibilibus creatis habetur
94 2975 1801 3041 cognitio de deo quia sit scilicet ex collatione causati ad causam, mobilis ad mouentem. & sic probatio
94 3043 1816 3106 quia deus est, per se pertinet ad physicum & naturalem philosophum, & non ad metaphysicum, nisi in
85 3083 1814 3154 quantum induit formam physici accipiendo probata a physico. Secundo vero modo ex substantiis
92 3138 1814 3199 sensibilibus creatis habetur nostra cognitio de deo, & quia sit, alia. scilicet via quam deductione ex creatu-
82 3194 1810 3280 ris, de qua sermo habitus est supra, & etiam quid sit, siqua cognitio de deo quid sit a nobis in prae
