2329 3764
88 301 1841 384 sed ea quae sunt circa eius naturam ostendunt. Etsi enim bonum, etsi iustum, etiam si sapiens, etsi quaecunque
88 366 1839 427 dixeris, non naturam dicis dei: sed ea quae sunt circa naturam. & verum est non naturam: vt cognoscibilis
90 420 1826 478 est in sua nuda substantia, cognitione per se, & tamen ista de deo non nisi naturam suam indicant, vt cognosci
88 469 1839 539 bilis est ex creaturis, & quasi per suum accidens. Vnde quia in talibus non cognoscitur vere & per se
79 521 1839 595 quid est deus secundum substantiam, dicit Augustinus in v. de trinitate. Intelligamus deum quantum possumus, sine qua-
77 574 1819 644 litate bonum, sine quantitate magnum, quisque deum ita cogitet, etsi nondum potest omnino inuenire quid sit,
72 631 1819 704 pie tamen caueat quantum potest aliquid de illo sentire quod non sit. Quia tamen in talibus aliquo modo, etsi per accidens
85 686 1830 756 cognoscitur de deo quid sit, continuo subdit. Est tamen sine dubio substantia, vel si melius appellatur, essentia.
82 736 1826 804 Quicquid enim de eo dicitur vel intelligitur, non secundum accidens, sed secundum substantiam intelligitur. ⁋ Dicendum. igitur bre
81 796 1822 861 uiter ad propositum, quod cognoscere de deo quid sit, dupliciter contingit. Vno modo distincte & in particula-
78 843 1823 903 ri. Alio modo indistincte & in vniuersali. Primo modo cognoscitur quid est, videndo eum in propria spe
79 897 1828 961 cie & natura: quod non est nisi videndo eius nudam essentiam, quam nulla creatura ex puris natura
79 950 1830 1009 libus potest videre: vt alias declarabitur. & ideo tali modo non potest homo cognoscere de deo ex crea-
75 1006 1828 1064 turis quid est. Et quod amplius est, licet homo vel aliqua creatura ex puris naturalibus videre pos
85 1058 1819 1121 set nudam diuinam essentiam, & quiditatem: non tamen ex speculatione creaturarum posset ad hoc ascen
88 1111 1844 1170 dere: quia deus non natura est visibilis a naturalibus cuiuscumque creaturae, sed voluntate tantum: vt di-
84 1163 1829 1230 ctum est supra. Et ideo quantuncumque homo ascendat per naturaliter cognoscibilia ad diuinam quidita
78 1217 1829 1287 tem nudam cognoscendam, nunquam poterit attingere: & quod adhuc amplius est, licet quiditas dei esset
86 1270 1826 1338 naturaliter cognoscibilis de se, nec posset latere praesens cognoscenti disposito, sicut non potest latere
90 1325 1828 1392 lux praesens oculo sano, non tamen ex creaturarum omnium cognitione posset cognitio haec haberi, quoniam omnis
83 1377 1828 1440 creatura est quaedam peregrina similitudo naturae diuinae, non conformis ei quo ad essentiam eius, vt
85 1432 1834 1503 est natura & essentia quaedam in particulari & in se subsistens. Et ideo cum perfecta cognitio non pro
91 1484 1820 1552 cedat nisi ex perfecta assimilatione cognoscentis ad cognitum, quam non potest facere in nobis creatu-
91 1536 1831 1597 ra respectu dei, perfecta cognitio eius quod quid est deus, ex creaturis haberi non potest: sed omnis
95 1598 1822 1659 creatura est gradus multo inferioris quam vt per ipsam fiat perfecta assimilatio ad perfecte cognoscendum
82 1645 1831 1705 quid deus est. Est tamen creatura naturae diuinae conformis quo ad aliqua eius attributa substantialia
90 1702 1828 1770 & hoc non vt sunt ipsa natura diuina in esse particulari considerata: sed vt sunt quasi quaedam disposi
86 1754 1822 1808 tiones diuinae vniuersales, eo quod eis communicant aliquo modo creaturae. Cum igitur nullum medium co-
84 1804 1819 1875 gnoscendi potest deducere ad vlteriorem cognitionem alterius quam sit proportio similitudinis suae ad
97 1861 1828 1935 ipsum, eo quod non ducit in cognitionem alterius nisi sub ratione similis: cum ergo rationem similis ad
97 1911 1813 1975 diuinam quiditatem, vt quiditas est in esse suo particulari considerata, creatura non habet, sed se ha-
88 1966 1813 2033 bet ad ipsam per summam & infinitam distantiam, & solum habet rationem similis ad ipsam vt est ens, bo
89 2025 1821 2086 num, vnum, verum, pulchrum &c. huiusmodi: quae secundum aliquam rationem analogiae sunt communia
82 2082 1816 2140 creatori & creaturae: & hoc non in esse particulari, quo sunt ipsa diuina quiditas: sed solum in esse
84 2132 1816 2193 vniuersali, quo sunt substantialia eius attributa: Idcirco species vniuersalis creaturae in cognitionem
95 2182 1822 2249 diuinae quiditatis vt habet se in esse naturae suae particulari, nullo modo deducere potest: sed solum
90 2233 1813 2300 deducere potest in eius cognitionem sub ratione alicuius generalis attributi eius. & hoc est cogno
90 2290 1815 2348 scere de deo quid est, in vniuersali & secundum accidens solum, quantumcumque etiam vniuersitatis crea
84 2343 1816 2413 turarum effigies in mente humana describatur. Secundum quod philosophi ex hoc posuerunt intellectum adeptum & aptum
92 2403 1819 2462 contemplationi diuinorum: vt determinat Commen. super. iii. de anima dicens. Philosophi non posuerunt in
92 2450 1811 2514 tellectum adeptum perfectum circa cognitionem diuinorum & substantiarum separatarum, nisi postquam perfectus
93 2503 1818 2570 fuerit cognitione omnium scibilium. ex quorum cognitione perfectus, vt non egeat amplius abstrahere
83 2553 1804 2623 a phantasmatibus, potest se omnino a sensibilibus & sensibilium phantasmatibus abstrahere, & so
88 2607 1811 2676 li contemplationi diuinorum vacare. Et verum est quod si in tali statu possibile esset hominem deueni-
84 2663 1810 2726 re ex studio naturalis ingenii quod cognosceret de deo & de diuinis quantum possibile esset cognosce
87 2717 1823 2791 re ex puris naturalibus. secundum illud Rom. i. Quod notum est dei, manifestum est illis. Glo sid ist quod de deo
78 2769 1823 2837 cognoscibile est ductu rationis. & hoc ex fabrica mundi, quia vt dicit Augustinus ser id est super Io Attende fa
75 2820 1802 2889 bricam mundi, & vide quae facta sunt per verbum, tunc cognosces quale sit dei verbum. Tuam quantumcumque
81 2881 1819 2944 in huiusmodi cognitione profecerit & sciuerit quicquid in ea scibile sit, nunquam tamen ad conspectum nu
84 2931 1814 3003 dae diuinae essentiae & diuinorum supernaturaliter scibilium poterit attingere. Vnde Glos. vbi supra.
90 2983 1798 3044 Rom. i. ldeo autem dicit quod de deo noscibile: quia multa sunt quae de deo per naturam sciri non parbent. No
87 3036 1801 3103 tum ergo dei est quod ex huius mundi dispositione & naturali ratione assequi possumus. lgnotum vero dicitur
81 3088 1810 3151 ratio substantiae eius vel naturae quae omnem latet creaturam. Et quod mirum ergo si ex omnibus creaturis diuinae
92 3140 1808 3212 naturae quiditas sciri non potest, cum nec ex eis sciri potest quiditas substantiae separatae intellectiuae: & quid
86 3198 1811 3285 amplius est, vix posset sciri quiditas substantiae sensibilis: quia multum latet: vt dicit philosophus. vii. meta.
