2367 3752
123 302 1865 403 loquitur secundum alium modum: nec habet perfecte intentionem Augustinus qui intelligit eum secun-
136 373 1008 446 dum alium modum solummodo locutum fuisse.
454 403 1863 489 Irca nonum arguitur quod homo cognoscit & discernit quod quid est de deo: quod est ra
444 475 1849 544 tio ei ad cognoscendum quod quid est in creatura, primo sic. Propter quod vnumquodque
449 546 1851 604 tale & illud magis. Si ergo propter illud quod quid est dei cognoscitur & discernitur quod quid es
447 584 1858 658 creaturae, multo magis cognoscitur & discernitur quod quid est creatoris. ⁋ Ad idem sunt
452 645 1866 709 omnes rationes inductae supra articulo. i. q. iii. ad probandum quod homo videt & discer-
447 696 1860 762 nit lucem aeternam, in qua videt & discernit alia. ⁋ In contrarium est, quoniam si illud quod
446 751 1855 821 est causa cognoscendi alterum cognoscitur discretiue, cognosci posset sine cogni
126 799 1863 856 tione illius: quia cognitio causae non dependet a cognitione effectus: sicut neque esse suum ab esse
135 855 1861 918 illius. auferendo autem omnino creaturae cognitionem, non contingit hominem habere de deo
126 904 1857 988 aliam cognitionem quid sit: quia omnis nostra cognitio naturalis in sensus reducenda est, vt dictum
129 956 474 1032 est supra. ergo &c.
127 998 1856 1097 ⁋ Dicendum ad hoc secundum determinata: quod id quo alterum cognoscitur,
131 1081 1866 1154 aut se habet vt ratio cognoscendi tantum: aut cum hoc vt obiectum cognitionis: & quod illud quod est
137 1131 1865 1202 ratio cognoscendi vt ratio tantum: non vt obiectum simul: nullo modo cognoscitur in eo quod aliud co-
142 1185 1855 1256 gnoscitur per ipsum. & hoc modo deus vt lux est & veritas prima & ratio cognoscendi alia, in eo quod
125 1249 1856 1315 per ipsum alia cognoscuntur & discernuntur, ipse nec cognoscitur nec discernitur. Sed de cognoscendo
143 1297 1862 1351 quod quid est de deo, inquantum tantum est ratio cognoscendi quod quod est creaturae non est hic sermo: sed
135 1344 1866 1410 supra articulo. i. q. iii. Immo hic solummodo sermo est de cognoscendo quod quid est de deo: inquantum
130 1404 1867 1463 est ratio cognoscendi quod quid est creaturae, in eo quod est primum cognitum. De quo sciendum secun-
140 1450 1866 1513 dum praedeterminata: quod id quod quid est primo cognitum de deo, potest esse primo cognitum vel in spe
138 1508 1864 1569 ciali in natura diuina determinata, vel in generali in aliquo eius attributo. Primo modo cognoscen
139 1565 1859 1628 do quod quid est de creatura per hoc quod quid est de deo, non solum cognoscit homo quid est deus,
132 1614 1866 1679 sed etiam distincta cognitione id cognoscit: ad modum quo cum cognoscitur imago Herculis, in ipso Her
136 1668 1856 1737 cule videndo ipsum, distincte & perfecte cognoscitur & videtur ipse Hercules. sed talis cognitio eius
133 1724 1853 1791 quod quid est de deo, non est propria viae: sed patriae, vt dictum est supra. Secundo modo cognoscere quid
137 1778 1861 1847 quid est de creatura per cognitionem eius quod quid est de deo, in eius scilicet generali attributo, contigit
130 1825 1864 1885 dupliciter intelligere: secundum quod de re qualibet particulari duplex potest esse cognitio. Vna communis genera
134 1885 1858 1948 lis vel specialis: alia vero particularis: secundum quod in ea est natura vniversalis, generalis, vel specialis, & parti
133 1934 1853 1992 cularis. Generali enim cognitione cognoscimus de Callia quod sit animal, speciali quod sit homo: particulari
127 1988 1864 2044 quod sit Callias. Primo modo per generalem cognitionem quam habemus de re in forma generis, puta animalis
145 2047 1852 2106 vel per specialem in forma speciei, puta hominis, cognoscimus de quolibet particulari tanquam per medi
126 2095 1871 2155 um primo cognitum & conmunem rationem cognoscendi, de quolibet quod nobis occurrit, an sit animal vel
129 2148 1866 2216 homo: non prius ipso cognito in esse suo particulari. Per hanc notitiam generalem vel specialem
130 2203 1863 2268 cognoscimus omnia quae nobis historice de partibus hominis narrantur & credenda proponun-
134 2259 1865 2320 tur. secundum quod dicit Augustius viii. de trinita. cap. v. Habemus quasi regulariter infixam naturae
122 2311 1859 2379 humanae notitiam: secundum quam quicquid tale aspicimus: statim hominem esse cognoscimus vel ho
121 2366 1855 2431 minis formam. Secundum hanc notitiam cognitio nostra informatur cum credimus pro nobis deum hominem
127 2416 1861 2474 factum. Nam & ipsius facies dominicae carnis innumerabilium cognitionum diuersitate variatur & fin-
123 2468 1870 2541 gitur: quae tamen vna erat quaecumque erat: neque in fide nfa quam de domino nio lesu Christo habemus, illud salubre est
135 2534 1870 2591 quod sibi animus fingit longe fortasse aliter quam res habet: sed illud quid secundum speciem de homine co
133 2578 1863 2645 gitamus. Necesse enim est cum aliqua corporalia lecta vel audita quae non vidimus credimus, fin-
142 2639 1870 2701 gat sibi animus aliquod in lineamentis formisque corporum: sicut occurrit cogitanti: quod aut verum non sit
127 2682 1861 2738 aut etiam si verum est (quod rarissime potest accidere) non hoc tamen fide teneamus quicquam prodest:
133 2736 1863 2809 sed aliud aliquid quod per hoc insinuatur: & secundum species & genera rerum vel natura insita: vel
126 2789 1865 2854 experientia collecta, de factis huiusmodi cogitamus ne fides nostra ficta sit. Neque enim nouimus faciem
136 2843 1860 2912 virginis Mariae: in quibus membrorum lineamentis fuit Lazarus: nequeBethaniam: neque sepulcrum: ne
128 2894 1855 2971 quod omnino scimus quicunque ista non vidimus: an ita sint vt ea cogitamus: immo probabilius aesti
136 2963 1851 3017 mamus ita non esse. nanque cum alicuius species eadem occurrit oculis nostris quae occurrebat ani
130 3008 1852 3075 mo, cum eam prius quam videremus cogitabamus, non paruo miraculo mouemur: ita raro & pene nun
132 3056 1852 3128 quam accidit. est tamen possibile. secundum quod exponit Commen. super. iii. de anima. & tamen ea firmis
128 3110 1861 3167 sime credimus: quia secundum speciem generalemve notitiam quae certa nobis est cogitamus. Sed
131 3167 1849 3232 hoc modo aliquid in generali attributo cognitum de deo non potest esse ratio cognoscendi aliquod: quia ipse non
129 3217 1873 3294 est forma creaturarum: neque generalis: neque specialis: neque etiam alicuius in seipso: quia in ipso non est sumere rationem
