2331 3777
74 328 1830 413 do, & ipsum diabolum in suo peccato imitando, quod non arguit diabolum in natura sua esse aliquod
82 409 1836 480 malum, sed solum in suo vitio & actu vitioso. ⁋ Per idem patet ad secundam. plantatio enim pecca
75 454 1822 521 ti ex diabolo est, vt dictum est, non natura peccantis, & non ex natura diaboli procedens: sed ex
68 513 1835 566 eius vitio. ⁋ Similiter per idem patet ad tertiam. per hoc enim diabolus excaecat quod peccatum suadet.
70 559 1835 623 ⁋ Per idem patet ad quartam. dicitur enim diabolus princeps huius seculi: qui totus in maligno po
69 616 1821 690 situs est: non ratione naturae: secundum quod Manichaei omnia corporalia posuerunt esse a deo malo: sed
70 674 1571 739 ratione malignitatis eius: quia est causa eius: secundum modum tamen iam dictum.
399 722 1811 798 lrca tertium arguitur quod possibile est plures deos esse, primo sic. eodem gradu cur
372 743 1801 843 trunt vnitas dei, & vnitas mundi. Vnde Philosophus in. xii. metaphysi. ex vnita-
393 825 1814 901 ate mundi probat vnitatem dei: & econuerso, vt dictum est supra. sed possibile est
389 889 1801 949 isplures esse mundos & simul & successiue: quod etiam plures philosophi posue-
385 939 1812 998 runt: cum plures mundos esse (vt videtur) non includit contradictionem: & ita est
388 984 1804 1054 possibile deo, quia enim est omnipotens, potest omne possibile: quale est omne illud
387 1047 1814 1113 in quo non includitur contradictio: quia aliter deo nihil est impossibile. ergo &c.
73 1093 1835 1167 ⁋ Secundo sic. bonum & perfectum est suiipsius diffusiuum: tunc enim secundum Philosophum a
76 1154 1817 1208 vnumquodque perfectum est: cum potest generare alterum tale quale ipsum est. Deus autem summe
67 1202 1825 1275 bonus: & summe perfectus est: in quo est quicquid in aliis perfectionis est. ergo potest producere alium
73 1257 1835 1326 deum qualis ipse est: & sic possibile est vt sint plures dii. ⁋ In oppositum primo arguitur ex distin- l
68 1309 1809 1382 ctione eorum sic. Si plures sint dii, puta duo, oportet quod ambo conveniant in intentione deitatis, & vt sub
73 1361 1814 1427 illa distinguantur. Aliter enim aut ambo non essent dii: aut non plures dii. Distinctio autem sub aliquo con-
70 1427 1813 1485 muni non est nisi per aliquid additum illi communi in vno eorum vel in vtroque. ipso enim commu
77 1475 1815 1532 ni non possunt distingui: quia ipso conueniunt: & diuersitas in substantia reducitur ad multitu-
75 1523 1818 1599 dinem: sicut conuenientia ad vnitatem, vt habetur. ix. metaphy. Id igitur quod est commune ipsis,
76 1578 1806 1646 est causa conuenientiae ipsorum: & quod est diuersum in eis est causa differentiae ipsorum. tale autem
69 1632 1810 1697 quod facit diuersitatem additum ad id quod est idem, facit compositionem. vnus ergo eorum vel ambo
67 1687 1810 1748 essent compositi. Non est autem deus nisi sit simplex, vt infra videbitur: aut ergo neuter eorum erit
77 1737 1835 1817 deus aut alter tantum. ⁋ Secundo quasi ex eodem medio alio modo sic. quicumque sunt plures re, si debent esse plux
72 1792 1813 1856 res dii, de quibus est quaestio, oportet quod communicent eadem natura deitatis: non secundum hoc
76 1845 1815 1911 aliquid: quia tunc non esset nisi vnus, sicut fides tenet tres personas in vna substantia esse vnum deum
76 1896 1817 1965 sed necesse est quod tantum communicent eadem natura deitatis: secundum rationem vnam communem
73 1948 1816 2019 in eo quod sunt deus simpliciter: & secundum rationes diuersas in eo quod sunt hoc aliquid quaecunque sunt
73 2001 1808 2072 talia. & si idem communicent, hoc est secundum aliud & aliud esse. Duorum enim diuersorum in eo quod est hoc
63 2066 1806 2127 aliquid, non est idem esse: sed quaecumque eandem naturam conmunicant secundum aliud & aliud esse, in nullo
64 2111 1809 2167 eorum sua quiditas est suum esse: quia illud esse non est totum quod est naturae illius: sed participatum
72 2166 1814 2227 in vtroque. Non est autem deus nisi cuius essentia est suum esse purum non participatum. ergo &c. ⁋ Ter
70 2219 1817 2284 tio arguitur ad idem ex natura diuinae simplicitatis sic. natura quae ex seipsa determinat suppo-
64 2273 1816 2338 situm, in pluribus inueniri non potest: quia id quod est principium indiuiduationis & suppositi de-
73 2323 1807 2390 terminati, pluribus esse commune non potest. secundum quod dicit Dam. de duabus na. Christianu Im-
77 2378 1809 2439 possibile est vnam & eandem hypostasim non vti characteristicis & constitutiuis ipsius & diuisiuis ipsius a re
70 2432 1815 2493 liquis hypostasibus. natura diuina seipsa determinat suppositum & hoc aliquid: quia seipsa est indi-
71 2487 1807 2550 uidua: quia si alio a se fieret indiuidua, esset indiuiduum compositum ex ipsa natura: & alio ei su
62 2545 1801 2609 peraddito: quod est impossibile, vt infra probatur. lterum, si alio a se fieret indiuidua: tunc illo ipsa na
74 2595 1801 2661 tura in illo indiuiduo determinaretur, postquam de se ad indiuiduum determinata non esset: sed indiffe-
72 2645 1808 2710 rens ad plura indiuidua. naturam autem diuinam aliquo determinari est impossibile. Cum enim
80 2700 1808 2759 deus sit esse purum & subsistens, vt dictum est supra: illud ergo determinans cum facit ipsum esse
73 2753 1807 2820 hoc aliquid, aut requiritur in deo ad essendi complementum in eo quod debet esse hoc aliquid: aut
74 2806 1808 2871 non. Si non, ergo est ipsi accidentale: quia quicquid sequitur completum esse rei in natura & suba
73 2859 1814 2926 stantia sua, accidentale est illi, quod est impossibile ponere in deo: quia in deo nullum cadit accidens, vt
70 2914 1809 2984 infra videbitur. Sed dato quod possit in deo cadere adhuc tale accidens: cum non possit esse nec adue
63 2968 1806 3024 nire substantiali esse sine causa alia, de illa causa quaero, aut est ipsa diuina essentia quae est ipsum sub
66 3021 1802 3089 sistens esse: aut aliquid aliud. Si primo modo: quare cum accidens quod: causatur a subiecto quid determi
73 3073 1804 3143 nat ipsum subiectum & in quo est: non indiuiduatur nisi per subiecti indiuiduationem: si ipsum es
59 3128 1811 3193 se substantiale non est indiuiduatum: sed potest esse in pluribus: nec illud accidens. Et si sic, illud ac
70 3182 1809 3248 cidens ipsum esse substantiale ad suppositum determinare non potest. Si autem causa illius acci-
63 3243 1817 3321 dentis sit aliquid aliud ab ipsa diuina essentia & eius esse: tunc nisi illud aliud esset, non haberet ab
