2299 3778
58 318 1831 400 nullus eorum erit vbique & incircunscriptus: quia vnus eorum non erit in altero. consequens est impos
69 390 1829 454 sibile in deo. ergo &c. ⁋ Duodecimo sic arguit ibidem ex regimine vniuersi & ordine Anselmus in
62 445 1828 502 mondo. ca. iii. sic. Omne quod est, per aliquod ens est, quia per nihil, nihil habet esse. & illud oportet
62 501 1826 559 esse vnum per quid sunt cuncta quae sunt: quod non est, nisi deus sit non plurificabilis. ergo &c. Assumptum
58 556 1820 622 probat trimembri diuisione: quia si essent plura per quae entia haberent esse, aut illa referuntur ad
80 614 1822 678 vnum aliquod per quiod sunt, & tunc non sunt omnia per plura: sed potius per illud vnum. Aut illa plu
59 662 1828 719 ra sunt singula per se existentia: & tunc cum in natura existendi per se conveniunt, ergo est aliqua vis
62 714 1823 779 & natura existendi per se, quam communiter habent vt per se sint. Verius ergo per idipsum vnum sunt
66 767 1827 844 quam per plura quae sine illo esse vel stare non possunt. Aut illa plura per se abinuicem habent esse,
66 819 1815 880 quod nulla patitur ratio. quoniam irrationalis cogitatio est: vt aliqua res sit per illud cui dat esse.
54 872 1822 933 ⁋ Decimotertio arguit idem, & eodem modo in c. iiii. sic. Quaecumque se habent adinuicem secundum gra-
60 928 1820 993 dum & ordinem dignitatis, habent aliquid quod omnibus eis supereminens est. & pertractat quod hoc ne
67 980 1822 1037 cesse est esse tantum vnum, ita quod non possit plurificari, quoniam si ponantur plura talia, cum non possunt esse
57 1035 1825 1101 inaequalia: quia tunc vnum illorum praecelleret, necessario ergo sunt aequalia. & hoc non potest esse nisi per idem
60 1079 1826 1150 quod est eorum essentia, aut aliquod aliud. Si primo modo, cum eorum essentia sit vna quantum est de se, non diuersifica
71 1145 1833 1208 ta in vno & in altero, illud necessario est vnum. Si secundo modo, tunc ipsa in essentia sua minora sunt
65 1196 1816 1266 quam illud. ergo eis aliquod vnum supereminet. Plura igitur esse non possunt, quibus nihil est supeminens.
69 1254 1826 1315 ⁋ Ad idem sunt rationes Auicicen quatuor in metaphysica sua efficacissimae quas ponemus in soluendo.
72 1301 1814 1387 ⁋ Dicendum ad hoc, quod ex rationibus probantibus simpliciter quod deus est, & etiam
61 1378 1825 1437 ex probantibus quod sit tantum vnus, non habetur quod necesse est quod sit tantum vnus: vt impossibile sit quod sint
67 1420 1824 1494 plures, nisi forte gratia materiae. In creaturis enim secundum theologicam intelligentiam res existens in
52 1471 1814 1547 actu, ab alio habet esse in actu simpliciter, & ab alio esse hoc, & ab alio esse hoc aliquid. Quia enim
68 1529 1814 1602 habet esse in actu, habet inquantum est effectus primi entis. quod vero habet esse hoc, habet a natu-
60 1577 1826 1656 ra essentiae suae, inquantum est exemplatum diuinae rationis: vnde habet quod dicatur esse substantia vel acci
66 1630 1826 1700 dens, homo vel asinus. quod vero habet esse hoc aliquid, habet a natura suppositi determinan-
60 1690 1818 1764 tis naturam, in quo diuina actione essentiae acquiritur esse existentiae. Quomodo autem hoc fiat, aut
66 1748 1823 1814 per materiam secundum philosophum, aut per alias dispositiones hypostaticas secundum Damascenus non est praesentis inqui-
59 1795 1826 1873 sitionis. Et licet concordant philosophis quod in creatura qualibet ratione differunt esse simpliciter, & esse hoc
63 1863 1816 1919 & esse hoc aliquid, non tamen concordant in hoc, quod res ab alio habeat esse simpliciter in actu, & esse hoc
67 1896 1818 1976 secundum essentiam. Ambo enim dicunt rem habere a forma sua, considerando scilicet causam suam proximam non primam:
59 1960 1808 2035 vt dictum est supra. Et ideo tam secundum philosophos quam secundum theologos in creaturis ex eo quod aliquid probatur esse in
60 2008 1809 2086 actu simpliciter, licet ex hoc habeatur quod sit vnum in supposito sicut est ens, ad modum quo probauit
73 2059 1820 2125 deum esse vnum quaestio prima supra exequuta de vnitate dei, quoniam substantia cuiuslibet, propria est cui
60 2114 1811 2193 libet, & non est alterius nisi suiipsius, & illius cuius est, & non est in pluribus: vt dicit philosophus in vii.
61 2179 1810 2245 meta. vniuersalia enim (vt probat ibidem) non sunt substantiae rerum, nisi quatenus sunt particularia
64 2221 1802 2287 in suppositis: Non tamen ex hoc habetur probatum, quod sit tantum vnum in supposito, ad modum quo proba-
67 2277 1801 2355 uit quaestio proxima praecedens quod tantum sit vnus deus, & multo minus quod necesse sit quod sit tantum vnum.
65 2326 1805 2395 ad modum quo quaerit ista quaestio, an sit tantum vnus deus, ita quod non possint esse plures. In creaturis
74 2399 1809 2458 enim potest forma determinata supposito de se esse vniuersalis & indeterminata secundum supposita, &
65 2441 1809 2510 esse in pluribus suppositis. secundum quod dicit philosophus. Quod vniuersale est, commune est. Non enim dicitur
72 2487 1806 2565 vniuersale, nisi quod naturaliter est plurium rerum, & commune plurium. Sed si sequatur in aliquo quod
72 2556 1801 2625 cum eo quod ponatur esse, & vnum in supposito, sit tantum vnum: & hoc ita quod impossibile sit esse plura se-
61 2595 1812 2655 cundum supposita, hoc solum tenet gratia materiae, aut scilicet quia ipsa forma est de se subsistens, & ideo
66 2663 1804 2730 non nata esse nisi hoc aliquid, nec considerari nisi sub ratione singularitatis, non sub aliqua ratio
60 2700 1802 2780 ne communis: aut quia etsi ipsa forma de se nata esset multiplicari per supposita, quia tamen conti-
69 2751 1803 2824 net totam suam materiam, in qua nata est esse, ita quod non nata est multiplicari per supposita secundum diui-
64 2806 1804 2888 sionem quantitatis vllo modo, sicut totam suam materiam possibilem ad suam formam, secundum philosophum, continent
70 2866 1802 2936 corpora caelestia: qui enim dicit caelum, dicit formam solum, qui vero dicit hoc caelum, dicit formam in
69 2919 1799 2997 materia, & tamen non potest secundum philosophum in eadem specie esse aliud caelum, quia totam suam materiam conti
70 2970 1812 3041 net indiuisibiliter forma primo modo subsistens: dicunt philosophi quod non est in natura sua communis pluri
72 3020 1802 3091 bus: sed solummodo singularis. species, nullo modo vniuersalis apta multiplicari. Si enim plures es-
66 3074 1811 3157 set: vt homines: foret specie vnum, numero vero plura: & ita vt dicit philosophus in xii. haberet materiam.
70 3134 1806 3203 quia quaecumque sunt plura numero, habent materiam. Eorma autem subsistens, quia in se est ende-
78 3182 1808 3249 lechia & actus (vt dicit ibidem) non habet materiam. Eorma similiter continens totam suam materiam,
66 3244 1815 3321 licet multiplicabilis esset quantum est ex parte formae, inquantum tamen est in materia sua tota, quae non po
