2326 3762
478 287 2239 375 test multiplicari, quia nec diuidi secundum quantitatem, nullo modo secundum philosophum est multiplicabilis per plu-
478 348 2242 425 ra supposita. Per quod philosophus probat in i. cae. & mund. mundum esse vnum perfectum, & non posse esse plures.
480 415 2242 478 Sed quocumque modo ista se habeant in creaturis, quae ad praesens non sunt perscrutanda, ita est proculdubio
485 455 2236 528 in deo, quod in eo idem sunt omnino esse simpliciter & esse hoc, quia vt dictum est supra, in deo idem sunt es-
483 519 2236 578 sentia & esse. ldem etiam cum esse simpliciter & esse hoc, est in ipso esse hoc aliquid, quia sicut in deo non
494 562 2243 635 differt essentia ab esse, sic nec esse hoc aliquid ab esse hoc: vt infra videbitur. Et sic ratione materiae omnes ra
479 622 2234 690 tiones probantes deum esse, probant quod est vnus: & rationes omnes, tam ad quaestionem an deus habeat esse: quam ad quaestionem
484 671 2247 748 an habeat esse vnus ratione materiae: probant consiliter quod sit tantum vnus, & omnes illae ad quemlibet illorum articulo
484 723 2232 791 rum probant quod non possunt esse plures. Et ex hoc quod in deo idem sunt esse, & esse hoc, & esse hoc ali
486 784 2252 851 quid, proculdubio in deo non est ponere rationem vniuersalis & particularis contenti sub forma vni
488 833 2238 897 uersali: vt infra videbitur. Sed deus solummodo rationem habet eius quod indiuidualiter habet esse hoc
495 885 2239 958 aliquid in supposito, & vnum numero, non dico vnus: vt infra videbitur, quoniam esse purum quod deus est, &
488 938 2237 1010 quod est necessitas essendi, non convenit nisi signato inquantum signatum est, & hoc sub ratione simplici
489 994 2255 1059 sine omni determinatione, & contractione. Propter quod deus in se habet omnium perfectiones, & ad eum redu
496 1051 2242 1115 cuntur omnia alia tanquam ab ipso participantia quod in se perfectionis habent. secundum quod ex his processerunt
487 1100 2242 1172 omnia argumenta ad istam partem supra inducta: vt patet inspicienti. Et ideo absolute concedendum quod
485 1154 2242 1226 deus est vnus in essentia & indiuiduali natura. Non dico in supposito, etenim deus licet sit plu-
492 1203 2251 1276 res in suppositis: propter vnitatem tamen essentiae indiuisibilis in eis, non est nisi vnus deus in illis: vt in-
500 1261 2244 1334 fra amplius patebit. ita quod impossibile est esse plures, neque per successionem: vt quod vno corrupto al-
492 1319 2242 1385 ter ex substantia deitatis generetur: quia ipse vnus est necesse esse, vt habitum est supra, quod non potest non
494 1366 2243 1428 esse vt videbitur infra: neque simul: quia inconicabilis est natura deitatis: nec rationem vniuersalis ha
491 1423 2240 1480 bet: sed indiuidui, & eius quod est hoc aliquid: vt dictum est. Non enim habet rationem vniuersalis sicut
498 1477 2240 1552 generis: vt possimus dicere quod deus est vnus genere, plures autem specie: quia quaecumque se habent
498 1538 2240 1597 vt species sub genere, per differentias additas generum contrahuntur. Et ideo oportet quod sint composita
485 1582 2251 1647 ex eo quod est in potentia, & ex eo quod est in actu: vt infra dicetur. Genus enim imponitur ab eo quod est in
492 1637 2251 1706 specie potentiale, & differentia ab eo quod est in ipsa actuale: vt habetur ex. vii. meta, Deus autem non potest
493 1693 2239 1761 esse nisi purus actus simplicissimus. Nec habet deus rationem speciei: vt possimus dicere quod deus est
495 1741 2243 1811 vnus specie, plures vero numero, siue per materiam, siue per accidentia, non per materiam, quia ipse est
492 1796 2247 1879 purus actus & endelechia, quae non habet materiam: vt infra dicetur, neque per accidentia, quia in deo
499 1851 2252 1909 nullum cadit accidens: vt infra dicetur, & quia tunc non esset per se necesse esse: vt inductum est supra.
498 1904 2244 1963 Et ideo quia deitas non est suppositum, neque hoc aliquid per aliquam huiusmodi contractionem, sed
498 1963 2244 2031 per id quod est in se in sua natura & essentia, Augustinus viii. de trinitate. comparando deum ad illa quae sunt hoc
497 2012 2252 2082 aliquid per huiusmodi contractionem, dicit. Bonum hoc, bonum illud. tolle hoc, & illud, & vi-
488 2065 2254 2131 de ipsum bonum si potes. tunc ipsum deum videbis. Et sic secundum eandem naturam conmunem deitas alteri in na
496 2118 2249 2175 tura conicari non potest. Et ideo quod conicatur, hoc est secundum eandem naturam totaliter & in suppositis re
493 2171 2254 2240 latiuis diuinis, aut analogiam diuersarum naturarum ad naturam diuinam in diuersis suppositis abso
500 2228 2257 2298 lutis, inquantum scilicet id quod in solo deo est per essentiam, in aliis inuenitur per participationem, vt in
505 2280 2255 2348 creaturis. Et ex hoc est quod omnis multitudo creaturarum ad diuinam vnitatem habet reduci. secundum
492 2342 2256 2402 quod ex hoc a posteriori processerunt quaedam argumenta probantia deum esse vnum, & tantum vnum.
494 2387 2240 2451 Nullum tamen eorum probauit gratia formae, quod non possunt esse plures. ex vnitate enim & or
499 2443 2256 2509 dine mundi non potest probari deus non posse plurificari, nisi ex suppositione, quod scilicet mundus non
511 2495 2257 2564 possit plurificari. Vnde philosophus concederet deum posse plurificari, si possibile esset mundum siue pri-
501 2548 2245 2606 mun caelum plurificari. secundum quod dicit in. xii. Si plures essent caeli, vt homines, foret principum quod est circa
508 2603 2243 2660 vnumquodque specie vnum, numero autem plura. Caelum autem sumit ibi pro mundo. secundum enim quod di-
507 2653 2256 2714 cit ibi Commen. innuit quod mundus est vnus non plures. Per principia circa vnumquodque, intelligit
510 2709 2239 2775 secundum Commen. primam essentia. scilicet deum. Vnde philosophus ibidem ex vnitate dei qua est ita vnus quod non pos-
499 2763 2243 2822 sunt esse plures, vnitatem mundi, ita quod non possint esse plures, concludit dicens. Vnum numero & ra-
495 2817 2246 2878 tione est primum mouens immobile ens, & motum ergo semper continue vnum solum. Gratia autem formae
503 2881 2256 2942 arguendi solum illa argumenta probant deum non posse plurificari, quae hoc probabant ratione simpli
512 2924 2251 2979 citatis & gubernationis & perfectionis eius, & huiusmodi, quorum media sumebantur ex parte entitatis dei
507 2976 2251 3042 quae secundum rationem nostram intelligendi praecedit eius vnitatem. Et sic processerunt quasi a priori & a causa.
508 3031 2241 3096 Ex quibus etiam rationibus habetur probatio necessaria, primum principium esse id quod est necesse esse per se-
503 3085 2252 3138 alia via quam a posteriori ex creaturis. Quod intellexit Auicen. cum dixit in i. metaphysicae suae. Nos ha-
510 3136 2248 3200 bebimus viam ad stabiliendum primum principium non ex via testificationis sensibilium: sed ex via proposi
503 3195 2236 3271 tionum vniuersalium intelligibilium, quae faciunt necessarium quod ens habet principium, & quod est necesse esse,
