2194 3745
460 296 2136 401 res potest esse sine eo quo perficitur in suo esse. Et ideo sicut ex naturali colligantia vnitas fomae
463 380 2131 453 determinatur vnitate materiae & econverso: sic posuit vnitatem primi mobilis siue mundi per con-
466 433 2127 498 sequens determinari vnitate primi principii mouentis ipsum. & similiter de aliis mobilibus & moto
463 489 2141 546 ribus: quia vt dicit in. xii. Motus aeternus fit per motorem aeternum, & vnus per vnum. & econtra in
461 548 2135 608 telligendum secundum ipsum quod plures per plures. & ideo ad vnitatem principii mouentis posuit sequi vni
467 594 2137 665 tatem mobilis & econverso: tam circa primum mouens & mobile suum, quam circa posteriora & mobilia eorum.
476 647 2137 705 Et ita si primum caelum esset plures numero & idem specie, & primi mouentes, & econverso, & similiter
479 703 2146 773 de caeteris. & supposuit vtrumque esse impossibile. Vnde & probat primo cae. & mundo. pluralitatem mundi
478 754 2134 821 omnino esse impossibilem. Fundamentum autem eius est, quod non est in aliquibus multitudo secundum nu-
466 808 2128 877 merum: nisi in quibus est materia generabilis & corruptibilis perticularis secundum quantitatem: vt secundum di.
474 862 2137 921 uersas partes materiae eiusdem sub diuersis partibus quantitatis diuersetur forma secundum numerum per
470 915 2144 971 ficiens diuersas partes materiae. secundum quod dicit in vii. meta. Neque demonstratio, neque definitio est
463 966 2143 1031 sensibilium particularium. Habent enim materiam quae habet naturam qua res potest esse & non esse. Et
460 1019 2134 1093 ideo corrumpuntur omnino particularia. Vnde & in aeternis tam corporalibus quam incorporalibus,
469 1075 2137 1133 non posuit speciem subsistere nisi in vnico supposito. Vnde & dicit in. xii. vnde sumptum est argu-
467 1130 2141 1197 mentum. Si plures essent caeli: vt homines plures scilicet numero: & vnus specie foret principium mouens,
464 1179 2150 1238 quod est circa vnumquodque caelum specie vnum, numero vero multa. sed quaecumque sunt numero multa
467 1235 2143 1298 habent materiam. Nos autem econtrario dicimus quod deus est primus motor vniuersalis, nulli mobili
466 1287 2140 1345 determinatus, neque etiam vniuerso, neque vllo modo ab ipso in suo esse dependet: sed econtra. Et
460 1341 2146 1399 ideo super pluralitatem mundorum habet potentiam, vel successiue plures producendo continue in in
454 1393 2134 1461 finitum, permittendo scilicet vnum cadere in nihilum, & alium iterato producendo, vel simul alium mundum
465 1449 2146 1515 vel alios isti communicando, quorum vnus ab altero non dependeret: sed ambo ab vno deo: vt non
452 1499 2135 1569 oporteret plures mundos reducere ad aliquam vnitatem inter se: sed solum ad vnum principium omnium.
459 1550 2145 1619 Et est falsum quicquid philosophus in huiusmodi suis principiis supposuit, & dictam rerum connexionem
465 1611 2143 1674 esse, & indiuidua sub specie multiplicari non posse nisi per materiam. secundum quod alias omnia ista proprias de
454 1662 2144 1727 bent habere determinationes. Vnde ex vnitate dei, & quod non possunt esse plures, non potest argui
460 1712 2151 1780 quod non possunt esse plures mundi: sed solum potest probari quod sit vnus tantum, non ex necessitate aliqua
454 1769 2141 1842 naturae rerum: sed ex congruentia correspondentiae naturae exemplati ad exemplar, iuxta quod tamen plura
453 1819 2140 1889 exemplata possent produci. Et secundum hunc modum Plato in secundo Tim. ex vnitate dei probauit vni
460 1882 2149 1940 tatem mundi, cum dixit. Nunc vtrum recte mundum vnum dixerimus aut plures dici oportuerit, vel in
453 1927 2137 1997 numerabiles, considerandum. Et statim respondet dicens. Vnum plane, quia iuxta exemplar formatus
460 1985 2153 2052 est. Et quod illud exemplar sit vnum continue probat dicens. Id enim quod vniuersa continet intelligibilia
463 2034 2143 2101 cum alio. secundum esse non poterat. Vtrum enim ex duobus contineret omnia non (opinor) liqueret, nec esset
459 2089 2137 2160 vnum simplex cuncta continens, sed coniugatio copulata. sed de hoc satis visum est iam. Ex quo statim con
454 2139 2141 2208 cludit intentum dicens. Vt igitur exemplari cuius aemulationem imitabatur, etiam in numero similis es-
458 2188 2144 2273 set, idcirco neque duo, neque innumerabiles mundi, sed vnicus a deo factus est. Quin tamen plures poterant
454 2249 2147 2314 facti fuisse, non negant. Haec igitur sit ars nostra contra philosophous in principiis suis eis obsistere in omnibus
461 2302 2141 2367 in quibus veritati fidei contrariantur. Aliter enim in eis quae sunt post principia, non possemus eis re-
466 2352 2140 2427 sistere. Propter quod Orige. in Homilis. iiii. super Exod. exponens illud quod dixit domins Moysi. Exod. vii.
450 2408 2147 2475 Stabis in occursum eius super ripam fluminis, dicit. Sed nec illud putandum est nobis inaniter obser-
459 2463 2145 2532 uatum, quod primo quidem Moyses non intrat ad Pharaonem: sed occurrit ei exeunti ad aquas:
471 2511 2141 2586 postmodum vero intrat ad eum. Et in hoc arbitror intelligi posse, quod si nobis in verbo dei & reli-
457 2565 2146 2636 gionis assertione certamen est aduersus Pharaonem, & est nobis in disputatione luctamen: non statim
471 2618 2143 2693 prima fronte in gredi debemus ad vltima quaestionum loca, sed occurrendum nobis est aduersario
459 2680 2152 2749 ad aquas suas. Aquae enim suae sunt auctores gentilium philosophorum. lbi ergo nobis primodisputa-
468 2728 2144 2801 re volentibus occurrendum est: vt ipsos arguamus, & ipsos errasse doceamus. post hoc iam nobis
464 2784 2150 2861 ingrediendum est & ad interiora certaminis. Dns enim dicit. Nisi quis prius alligauerit fortem, non
473 2830 2144 2906 potest introire in domum eius, & vasa eius diripere. Prius ergo alligandus est fortis, & quaestio-
461 2884 2156 2955 nis vinculis constringendus, & ita introeundum ad diripiendum vasa eius, & liberandas animas, quas
472 2938 2152 2999 deceptione & fraude possederat. Quod cum fecerimus, stemus contra ipsum eo modo quo dicit Aposto
457 2992 2143 3070 State ergo succincti lumbos vestros in veritate. ⁋ Ad secundum quod bonum est suiipsius diffusiuum, dicen-
463 3046 2146 3123 dum quod verum est, non tamen nisi secundum modum quo possibile est diffundi, sicut & natura semper facit quod me
462 3099 2146 3172 lius est: cum tamen est possibilius. Sciendum igitur quod deus quia est sua bonitas, omni modo quo possi-
462 3153 2149 3213 bile est fieri diffusionem sui se diffundit. Cum enim diffusio non sit nisi secundum aliquam diuersitatem, & secundum
461 3207 2141 3303 aliquam identitatem, sicut est habitudo inter principiatum & principium, quia nihil seipsum producit in esse
