2296 3787
61 347 1832 430 in creatura procedere ex nihilo nullo praesupposito: viuere autem quasi ex esse educi: licet re, viuere & esse
71 412 1827 492 idipsum sint in eodem. Sic ergo patent prima duo: qualia. scilicet entia debeant dici viuentia, & quid sit vi-
66 469 1826 540 uere. ⁋ Restat ergo tertium, quo scilicet se habeat vita ad viuere: nec est in hoc aliqua dubitatio nisi an vita sit
74 517 1826 598 ipsa essentia cui convenit viuere. Si enim non sit ipsa essentia: sed consequens ipsam: & clarum est quod non sequitur
72 576 1830 647 post viuere: quia nihil viuit nisi vita: viuere autem est esse quoddam, vt dictum est: esse autem immediate sequitur essentiam,
80 638 1823 698 vt primus actus in ea: oportebit ergo ponere quod ipsum viuere sit vita & econverso. Quia autem non possit poni vi
69 677 1827 751 ta fore ipsa rei essentia, patet sic. si enim ipsa essentia creaturae ex se essentialiter esset vita: cum esse potest absolui:
76 734 1827 812 & similiter viuere ab intentione essentiae cuiuslibet creaturae, vt est essentia: quia de se vt alibi determinatum
66 782 1820 864 est: non est determinata neque ad esse neque ad non esse: tunc substantia rei ratione qua substantia est secundum se
81 839 1815 916 esset vita quaedam absque eo quod ei conveniat esse aut viuere: quod omnino est impossibile. licet enim viuere posset
74 904 1814 968 absolui a viuente: non tamen a vita: quia secundum communem vsum loquendi vita nulli attribuitur nisi exi-
80 946 1812 1026 stenti in effectu: & nulli existenti in effectu attribuitur vita nisi eidem attribuatur viuere. Quod ergo per essentiam
76 1003 1818 1074 suam est vita, per essentiam suam est in effectu, & viuere necesse est: & hoc est solus deus. ⁋ Absolute ergo dicendum quod vi
68 1056 1811 1131 ta est in re viuente: & quod necesse est vt sit ipsa opeatio quae est actus primus: & esse nobile: sicut est & ipsum viuere
75 1113 1811 1183 quemadmodum cursus in currente non est aliquid re vel intentione aliud quam ipsum currere: & differunt
64 1163 1813 1243 solum secundum rationem: propter diuersum modum significandi & intelligendi vnum per modum habitus: al-
75 1224 1814 1317 terum vero per modum agere. Et quia omnia argumenta supinducta contraria sunt iam dictis, ideo ad singu-
63 1268 473 1343 la respondendum est.
73 1331 1814 1423 ⁋ Qui ergo arguitur primo quod vita est essentia, quia viuere est esse: Dicendum quod hoc ve
76 1400 1812 1474 rum est in deo: quia in deo non intelligitur essentia tanquam aliquod subiacens ipsi esse: sed tanquam quid est ipsum esse: quia
76 1454 1808 1527 essentia dei est ipsum esse eius, differens solum ratione ab ipso: quemadmodum cursus & currere, vt habitum est su
75 1504 1820 1582 pra. Est igitur in deo prima ratio conceptus, ipsum esse sub ratione esse: quia absoluto modo significat & vt
76 1561 1808 1635 agere quoddam. Secunda vero ratio eiusdem conceptus in ipso est essentia sub ratione essentiae: quia significat mo
77 1614 1822 1671 do absoluto id quod esse: sed sub ratione habitus. & principalius deo attribuitur ratio actus quam habitus: quia nobi
76 1660 1819 1740 lior est secundum Philosophum. Tertia vero ratio conceptus eiusdem in deo est viuere sub ratione viuere: quia significat esse
74 1710 1810 1794 sub ratione cuiusdam nobilitatis quasi determinatum: & hoc sub ratione actus: & ita quasi addat aliquid secundum ratio
81 1776 1811 1836 nem intelligendi super rationem esse & essentiae. Quarta vero ratio eiusdem conceptus in deo est vita sub ratione vitae:
88 1826 1806 1890 quia significat id quid viuere in deo, sed sub ratione habitus: sicut & essentia id quod esse. Et post istas quaetuor rationes
74 1883 1819 1936 sequuntur secundum rationem intelligendi rationes attributorum diuinorum: & ita verum est in deo quod vita est essentia si-
81 1929 1808 1991 cut viuere est esse. In creaturis vero hoc non est verum: quia in creatura intelligitur essentia tanquam aliquid
82 1982 1814 2043 subiacens ipsi esse: quod de se per indifferentiam se habet ad esse & ad non esse in effectu: immo quod quantum ex se
82 2034 1805 2100 est, non habet nisi non esse. & vt magis proprie loqmur ex se non habet vllo modo esse. Esse autem habet non nisi
76 2084 1810 2167 ab alio: ita quod natura prius habet ex se non esse quam esse ab alio: & se habet per indifferentiam ad esse & non esse
76 2143 1808 2224 neutrum eorum includens in suo intellectu. Et ita sicut in creatura non possum dicere quod essentia sua est ipsum esse:
77 2203 1822 2274 non econverso: immo supra essentiam esse est ei acqusitum: sic non possum dicere quod vita eius sit ipsa eius essentia, quia vi
75 2246 1811 2312 ta eius re est ipsum viuere eius: & ita ipsum esse eius vt patet ex dictis, differens solum ratione ab ipso viuere: licet
82 2303 1811 2366 differat intentione ab ipso esse: ab essentia vero & re quemadmodum respectiuum ab absoluto: & etiam ratione & in
79 2356 1817 2436 tentione: licet nullam rem absolutam addit eidem, vt iam dicetur. Et sic in creatura nullo modo est verum dicere quod essentia
79 2408 1806 2472 eius est vita: immo si viuit: vita ei acquisita est sicut suum esse. Et sic patet quod exemplum quod aliquando posuimus su-
68 2467 1809 2541 perius, quod in creatura differunt ens eentia & esse sicut currens cursus & currere: non omnino importat similitudi
66 2525 1806 2581 nem. Licet enim ens in creatura est essentia participans esse: sicut currens est substantia participans
74 2574 1810 2631 cursum, quo ad hoc quod cursus est extra naturam substantiae: & esse extra naturam essentiae: licet non
76 2630 1805 2703 quo ad hoc quod cursus est accidens reale absolutum in currente: esse autem non sic: sed solum rationem accidentis
72 2679 1804 2737 habet, inquantum essentia creaturae in se quantum est de se, non includit rationem ipsius esse: essen-
77 2734 1810 2794 tia tamen & esse in creatura non sic se habent sicut cursus & currere: nisi quo ad hoc quod esse non est res aliqua ab
73 2780 1804 2847 soluta addita essentiae creaturae qua dicitur esse: & cursus est idem re quod currere. Intentione tamen non dif
78 2837 1816 2903 ferunt omnino cursus & currere: quia cursus id quod est in natura & essentia sua, non est nisi actus suc
80 2893 1807 2953 cessiuus currendi: sed ratione sola: sicut abstractum & concretum. In creatura autem essentia & es-
78 2942 1808 3027 se: non sola ratione differunt vt habitus & actus: sed etiam intentione: quia essentia id quod est in natu
70 3004 1808 3059 ra sua ex se non est ipsum esse neque participat eo. Vnde magis competens simile est de eo quod est lu-
70 3052 1808 3128 cens lux lucere: maxime si ipsa lux ponatur sepeata & in se lucens: & lucere ponatur modus proprius esse
77 3106 1806 3170 lucis: & non aliqua eius operatio accidentalis. ⁋ Ad formam ergo argumenti, quod sicut se habet essentia ad
69 3156 1813 3222 esse: sic vita ad viuere: dicendum quod falsum est in creatura: verum autem in deo, vt visum est: & ideo commuta
75 3218 1808 3275 ta proportio vlterior tenet in deo: & verum est conclusum: non autem in creatura, vt similiter visum est.
62 3270 1809 3344 ⁋ Ad secundum: cum dicitur quod anima & vita sunt idem &c. dicendum quod anima non dicitur vita per essentiam-
