2322 3757
94 279 1825 357 plicitatem dei oportet nos elicere a contrario ex compositione creaturae: illam a deo remouendo. Pro
94 346 1832 414 pter quod dicit Augustinus. vi. de trinitate. Si quaeritur quomodo simplex sit illa substantia, aduertenda est
94 399 1831 471 primo creatura quaere sit multiplex: nullo autem modo vere simplex. In creaturis autem inuenitur duplex mo
90 462 1822 529 dus compositionis. vnus quo aliquid componitur ex aliis. Alius quo aliquid componitur cum alio. Id-
93 503 997 559 circo circa simplicitatem dei duo sunt inquirenda.
94 554 1053 616 Primum: vtrum in deo sit aliqua compositio ex aliis.
91 609 1291 678 Secundum: vtrum deus habeat aliquam compositionem cum alio.
90 669 1822 734 ⁋ Compositio autem in creaturis ex aliis, sex modis inuenitur secundum maiorem & minorem diuer-
90 723 1835 803 sitatem illorum ex quibus est compositio. Et secundum hoc circa primum illorum sex sunt in-
91 772 295 837 quirenda.
91 820 1254 894 Primum: vtrum in deo sit compositio ex partibus quantitatiuis.
88 880 1193 933 Secundum: vtrum in deo sit compositio ex materia & forma.
90 929 1222 990 Tertium: vtrum in deo sit compositio ex genere & differentiis.
93 983 801 1044 Quartum: vtrum ex natura & supposito.
112 1038 764 1112 Quintum: vtrum ex essentia & esse.
92 1095 759 1153 Sextum: vtrum ex potentia & actu.
415 1145 1824 1202 Irca primum arguitur primo sic. In quo sunt longum latum & profundum est con
401 1193 1821 1266 mpositio ex partibus quantitatiuis: quia hae sunt dimensiones secundum quas corpus
380 1255 1840 1321 Adiuiditur in partes quantitatiuas. deus est huiusmodi. secundum illud lob. xi. Profundior
401 1292 1840 1374 linferno, longior terra mensura eius & latior mari. ergo &c. ⁋ Secundo sic. in eo quod a
402 1357 1816 1424 mensuratur partibus loci est compositio ex partibus quantitatiuis: quia eadem
402 1405 1821 1481 est diuisio partium loci & eius quod est in loco. secundum Philosophum in praedi
400 1472 1831 1537 camentis. Deus est huiusmodi. secundum illud Esa. Ixvi. Caelum mihi sedes est, & terra sca
89 1513 1839 1583 bellum pedum meorum. ergo &c. ⁋ Tertio sic. in quo est quantitas in eo est compositio ex partibus i
90 1580 1822 1643 quantitatiuis: quia ratio quantitatis est habere partes ex quibus componitur, Deus est huiusmodi: quia in eo
101 1628 1817 1687 est magnitudo, quae est species quantitatis. secundum illud Psal. Magnus dominus & laudabilis nimis.
93 1679 1839 1740 ergo &c. ⁋ In oppositum est Augustinus cum dicit in libro de diuinis proprietatibus. Deus incorporeus est: & i
95 1725 1830 1799 nullis membrorum lineamentis compositus consistit. Quia deus spiritus est: loan. 4. & eadem de cau
90 1783 1384 1846 sa neque alia partium quantitatiuarum compositione componitur. ergo &c.
91 1840 1818 1906 ⁋ Hic circa simplicitatem dei in principio intelligendum est quod omnes quaestiones
107 1903 1823 1970 de dei simplicitate pertinent ad eius vnitatem: ad aliam tamen quam sit illa de qua habitum est supra.
91 1957 1827 2018 est enim vnitas duplex in deo: vna singularitatis quae opponitur multitudini siue pluralitati. alia vero sim-
100 2004 1829 2071 plicitatis: quae opponitur multo siue compositioni ex pluribus. De prima habitus est sermo supra: ex
97 2066 1826 2124 qua apparuit quod deus est ita vnus: & in natura singularis: quod nec sunt nec esse possunt plures dei.
97 2112 1820 2186 Ex ista vero patebit hic quod deus ita est vnus & in natura simplex quod nullo modo mltus: nec possit vllo modo
91 2170 1822 2233 dici compositus. Hanc duplicem vnitatem in deo insinuat Dionysius. in cap. vii. cae. Hierar. cum dicit
98 2218 1823 2287 de deo quia monas est: & vnitas. Super quo dicit Hu. in commen. suo. Sane quod monas & vnitas cum
99 2270 1826 2335 idem esse videatur, geminato nomine positum est, pro graeco factum est: in quo duo nomina
93 2324 1826 2385 sunt monas & enas: quae quamuis vnam habeant apud nos interpretationem (vtrumque enim vnitas sonat) hoc tamen
103 2378 1826 2439 dictum esse videtur quod monas magis vnitatem significat quae secundum distinctionem dicitur. Enas ve-
98 2434 1825 2494 ro illam quae secundum simplicitatem vocatur. omne enim quod simplex est vnum est. Non autem omne quid
94 2489 1825 2541 vnum est simplex est. Vtrumque etiam horum modorum exprimit Auicen. cum dicit. viii. metaphysi-
91 2543 1833 2603 cae suae de deo. Cum dicitur vnus: non intelligitur nisi ipsum esse negata ab eo diuisione per quantita
96 2596 1823 2646 tem & per essentiam: & negato ab eo comite. Cum dicit negata diuisione, insinuat vnitatem simpli-
98 2644 1814 2709 citatis: cum dicit negato comite, dat intelligere vnitatem singularitatis. ⁋ Secundo est hic intelligen
95 2701 1813 2769 dum quod compositiones tactae in dictis sex quaestionibus se habent secundum gradus & ordinem: quia prior
98 2750 1823 2822 in illis semper est maior sequente & includit eam & non econuerso. Illa enim nunc proposita ex par
94 2807 1821 2866 tibus quantitatiuis per maxima est: & minimum habet in se vnitatis. Vnde & includit in se illam quae
88 2858 1825 2919 est ex materia & forma: & per illam omnes alias. Dicitur enim in primo de Gna. quod materia non est pun-
87 2914 1825 2973 ctus neque linea, sed cuius haec sunt vltima. Quantum ergo ad quaestionem de isto articulo, primo scien
90 2966 1826 3023 dum quod licet responsio ad ipsam sicut & ad plures sequentes plana est, vt quasi friuole induci videam
93 3023 1820 3077 tur: propter tamen errores hominum animalium & carnalium contraria veritati de deo in huiusmodi compo-
97 3070 1822 3128 sitionibus opinantium, expedit singulariter cognoscere quomodo huiusmodi tanquam indigna deo ab ipso
84 3127 1835 3197 remouenda sunt. Licet enim vt dicit Augustinus i de doct. Christia deus ab omnibus ita cogitatur vt ali-
84 3186 1825 3261 quid sit quo nihil melius sit atque sublimius, ad quod illa cogitatio conetur attingere: tamen quia diuersis
