2301 3761
88 295 1846 374 quam illa quae est ex materia & forma: quia compositio ex genere & differentia de sua ratione materiam non includit
83 353 1846 416 nisi in materialibus: genus enim & differentia formae sunt: sed in materialibus forma generis sequitur rationem ma
88 413 1838 478 teriae & eam includit, vt alibi debet declarari: est tamen maior tribus sequentibus: & eas sub se includit. Composi
81 460 1844 523 tio enim ex genere & differentia non est nisi in specie: in quae aliae tres reperiuntur: quarum nulla in deo potest reperi-
81 518 1838 584 ri, vt infra patebit. Quia autem compositio aliqua ex genere & differentia proprio & speciali modo intellectis nullo modo
81 568 1840 639 possit poni in deo, liquidissime patet primo ex natura generis. Secundo ex natura differentiae. Tertio ex na-
84 631 1834 695 tura speciei compositae ex vtroque. Ex natura generis patet, quoniam si aliquid in deo ponatur esse genus: aut hoc
88 677 1842 745 erit ipsum esse simpliciter dictum: aut aliquid in quo determinatur diuinum esse. Non ipsum esse simpliciter di-
82 729 1832 801 ctum: quia tuncens quod ipsum esse significat esset genus: quod est impossibile. secundum Philosophum in iii. meta. Vbi probat quod
84 782 1845 847 ens non potest esse genus: quia non potest habere differentiam per quam contrahatur: quod requirit natura generis. Quia au
72 834 1837 905 tem natura generis requirat differentiam vt fiat species: & quod species constituatur ex vtrisque: bene determinat
87 891 1846 958 Auicen. cum dicit. v. metaphysi. Intentio quam significat hoc nomen genus, non est generis nisi quantum ad infor
84 942 1840 1006 mationem: si enim non fuerit informatum alio, non erit genus. Est autem intelligenda ista informatio: non ad mo
76 1008 1846 1067 dum quo materia informatur: quae est aliquid sub forma differens per essentiam ab eadem: sed modo quo incon-
93 1049 1848 1120 pletum transit in rationem completi: & sit per essentiam ipsum completum, continens in eodem simplici rationem incon
90 1103 1838 1168 pleti quae dicitur esse generis, & complementi quae dicitur esse differentiae: ex quibus constituitur forma completa speciei
78 1164 1841 1223 simplex & indiuisa secundum rem, diuisa autem secundum rationem & intentionem intellectus nostri: cuius est inse
82 1216 1841 1282 parata re separe ratione, vt dicit Commen. super. xii. meta. Et per hoc in omnibus speciebus rerum naturalium saluatur vni
86 1280 1834 1335 tas definitionis: licet habeat partes scilicet genus & differentiam. eandem enim formam significant genus & spe
91 1319 1843 1382 cies: sed genus indefinite, continendo scilicet in potentia rationem dctfuriae vtriusque speciei in se. Species vero quaelibet
86 1380 1850 1446 in se rationem alicuius differentiae definite continet. Aliter enim genus non esset totum ad speciem: neque prae-
90 1431 1840 1494 dicaretur de ipsa. vnde dicit Auicen. in v. meta. Si accepeis rationem intentionis perfectiorem: ita vt habeat quic-
83 1478 1835 1553 quid sit possibile eam habere, fiet species. Si vero consideraueris ipsam intentionem per se tantum non intelli
92 1546 1840 1601 gens aliud, erit genus. ei enim quod est species non attribuitur natura generis: nisi cum accepeis speciem in sua perfe-
93 1584 1839 1656 ctione: & differentia non erit extra intentionem illius generis: sed contenta in eo. Cum enim genus accipitur
87 1641 1826 1711 vt genus, est quasi indeterminatum & ignotum nondum enim scitur de qua specie praedicatur. Vnde habi
88 1695 1847 1761 to genere anima intendit acquirere determinatum aliquid. animal enim est quiddam in se: cuius esse non est
86 1760 1836 1813 terminatum nisi cum fuerit rationale & irrationale, homo autem est ipsum terminatum non quod est coniunctio: ex anima
93 1799 1830 1870 li & rationali: sed quod est animal quod est rationale. Et est hic aliqua multitudo: non tamen multitudo quae est partium: sed
96 1855 1844 1922 quae est rei: secundum quod est terminata & non terminata. Res enim terminata in se potest considerari secundum
87 1910 1831 1979 quod non est terminata. cum autem fuerit terminata, ipsa non fit alia nisi secundum respectum qui sit secundum
99 1971 1829 2028 intellectum. Determinatio enim non alterat: sed certificat. vt sic intentio formae generis & formae differen
90 2013 1837 2091 tiae in intentione tertia quae est forma speciei concurrant: non per aliquam compositionem velut ex partibus
95 2065 1847 2139 diuersis re: sed per naturae identitatem & rationis diuersitatem. Quia autem enti inquantum ens est
83 2131 1828 2190 nulla possit esse differentia informans ipsum ad constitutionem speciei iuxta iam dictum modum, pla-
85 2176 1837 2242 nissime Philosophus probat in iii. metaphy. per hoc: quia. scilicet oportet quod differentia sit aliquid secundum inten-
97 2235 1836 2297 tionem extra intentionem & certitudinem generis. Aliter enim idem poneretur bis in definitione: & quod positum
95 2280 1843 2346 est esse differentia non esset differentia: nec speciei constitutiua: quia in eo ipso quod illud quod est positum esse
96 2331 1829 2402 differentia ponitur esse aliquid, & non ponitur quicquam esse aliquid nisi ponatur esse naturae entis. Extra
97 2386 1847 2450 enim intentionem entis non est nisi non ens. ens enim de intellectu cuiuslibet rei est: & primus con
84 2438 1830 2504 ceptus in eis, vt dictum est supra. Intentio ergo entis simpliciter in deo non potest habere rationem generis:
91 2499 1821 2569 sicut neque in ipsis creaturis: vt ens communiter praedicatum de deo & creaturis sit genus ad ipsas: &
88 2562 1836 2616 ens communiter praedicatum de. x. praedicamentis, sit genus ad ipsa. Si ergo intentio entis sit genus in deo:
94 2611 1833 2671 oportet quod illa sit intentio entis aliquo determinata: aut ergo aliquo positiuo aut aliquo priuatiuo
87 2654 1826 2726 Si positiuo, vt dicamus quod genus in deo sit res aliqua habens entitatem, tunc deus non erit ipsum esse
95 2712 1824 2776 simplex per suam essentiam: sed participans esse: nec ex hoc quod est esse haberet esse in actu perfecto:
93 2758 1823 2828 sed per determinationem ei quod est esse supruenientem: & sic non esset ex se: & non esset ex suo esse necesse esse
96 2810 1833 2880 cuius contrarium ostensum est supra. Et hoc est quod concludit Auicen. cum dicit in viii. meta. Intentio
83 2874 1838 2943 generis non potest esse in deo quin sit necesse esse: & tunc non cessabit quousque sit ibi differentia: vel non sit
87 2926 1822 2993 necesse esse: sed sit constituens ipsum necesse esse: & sic necesse esse erit constitutum ab eo quod non est
89 2978 1820 3046 necesse esse: quod est inconueniens. Primum igitur vt dicit non habet genus: & ideo non habet dif-
88 3029 1832 3086 ferentiam, neque habet definitionem. Si vero entis intentio in deo determinetur aliquo priuatiuo: & sic
84 3083 1828 3144 sit genus in deo: vt dicamus quod genus in deo sit ens non in alio vel non ab alio existens: hoc non potest
94 3137 1829 3194 esse: quia negatione illa nihil additur, nec aufertur aliquid quod sit acquisitum in esse: nec est intentio
81 3188 1833 3273 alicuius rei per se: qualis debet esse intentio generis in re substantiae: sed est intentio in respectu
