2307 3780
461 312 2209 423 absolutam rationem suppositi, vt dictum est: non tamen in deo: propter rationem respectus, qui nullam ratio
450 383 2204 463 nem compositionis addit supra essentiam, vt infra dicetur. ⁋ Per hoc patet ad secundum: dicendo quod quan-
463 437 2206 525 tum est de modo significandi nominium in deo, est accipere vt simpliciter & vt signatum: non autem de natura
462 496 2196 572 rei, vt dictum est. Nunc autem quod simpliciter & signatum faciunt compositionem: hoc est quando consequuntur naturam rei
469 544 2203 629 quae quantum est de se nata est signari in aliquo absolute subsistente, & non signari, sicut contingit
461 599 2200 691 in creaturis, vt dictum est. Non autem quando sequuntur modum significandi & intelligendi nominium tantum: aut quando si
465 656 1964 743 gnatio solum fit per aliquid respectiuum, vt contingit in proposito, sicut similiter dictum est.
802 699 2197 780 lrca Sextum arguitur: quod in deo sit compositio ex actum & potentia. Primo sic. in eo
807 764 2210 843 in quo est potentia perfecta per actum: est compositio ex potentia & actu: sicut ex perfe-
809 815 2201 897 ctione & perfectibili. in deo est potentia perfecta per actum: quia deus nihil agit neque potest
810 867 2203 949 agere cuius non habeat potentiam agendi: & omnis potentia agendi actu sibi respondente
802 926 2205 1004 perficitur. ergo &c. ⁋ Secundo sic. omnis potentia praecedens actum facit compositionem cum
797 972 2205 1061 actu sequente in eo in quo est: quia sunt diuersa: cum nihil idem praecedit seipsum. In deo
471 1029 2204 1118 potentia est praecedens actum. Prius nim potuit multa facere quam facit ea. ergo &c. ⁋ In contrarium est: quia secundum
469 1083 2206 1169 philosophum in perpetuis non differt esse & posse: actus & potentia. Deus autem summe perpetuus est, vt in-
467 1154 905 1229 fra videbitur. ergo &c.
477 1170 2212 1284 ⁋ Hic oportet primo distinguere modos potentiae & actus: deinde videre in quibus
473 1252 2205 1331 ex modis eorum dubitationem habet proposita quaestio: & demum si secundum illos modos in deo possit poni aliqua
477 1308 2198 1385 compositio. Actus autem a philosophous distinguitur in ii. de anima, quod alius est sicut scientia, alius vero sicut consi-
473 1366 2201 1439 derare. Quorum primus est actus vt habitus. Secundus vero est actus vt opari ex habitu. Primo enim modo
477 1412 2218 1498 dicitur actus forma & perfectio rei cuiusque. Secundo modo dicitur actus operatio ex ipsa egrediens: qui similiter du
481 1467 2206 1550 plex est. Quidam enim dicitur actus primus: quidam vero dicitur actus secundus. Actus primus dicitur ille quem
468 1533 2217 1598 forma & perfectio rei opeatur in ipsa re per se. secundum quod actus lucis dicitur lucere: & viuentis viuere: & es-
472 1578 2217 1655 sentiae esse: qui est actus absolutus non deteriatus ad aliud. Actus vero secundus dicitur opeatio quam opeatur
465 1633 2208 1705 forma rei siue res per suam potentiam ad aliud determinata. Actus etiam primus quid est esse ab essentia
466 1686 2220 1765 rei in ipsa re, similiter duplex est. secundum duplex esse quod habet res a sua forma & essentia, quorum vnum
475 1737 2220 1815 est esse essentiae: quo forma quaelibet vel essentia secundum se accepta tantum est id quod est in se: quod est quidi
469 1809 2218 1870 tatiuum: siue esse essentiale essentiae rei vt essentia est: cui accidit omnis alia conditio essendi sequens, vt
469 1848 2206 1917 dictum est supra. Aliud vero est esse actualis existentiae. & hoc est duplex. Vnum in intellectu vt in cogno-
468 1904 2217 1971 scente: quod est diminutum esse existentiae rei, vt patebit infra loquendo de veritate in deo. Aliud vero est in re
471 1970 2209 2029 exterius: quod est verum esse rei pertinens ad aliquod. x. praedicamentorum: quo id quod in se est natura & essen-
469 2026 2221 2087 tia quaedam, ab alio sit in existentia. Et est in re primum esse, inquantum res a reor reris dicta, habet rationem for
476 2082 2213 2137 malem exemplarem in diuina essentia. Secundum inquantum est obiectum in eius intelligentia. Tertium vero in
481 2119 2209 2194 quantum est effectus quidam productus ab eius potentia. Actus vero secundus similiter duplex est. qui-
470 2174 2222 2232 dam manens in ipso agente: vt sunt intelligere, velle: & omnis actus quo aliquod mouetur ex se. Alius ve
468 2225 2200 2296 ro est transiens in rem extra: qualis est omnis actio qua aliquod mouet & transmutat aliud a se. secundum quod
478 2283 2219 2352 amplius declaratum est supra. ⁋ Potentia vero distinguitur prima diuisione in potentiam actiuam & passi
491 2337 2219 2404 uam. Secundum Philo. enim in. ix. Meta. Potentiae omnes dicuntur: aut quia agunt, aut quia patiuntur. Et secundum Comm, quod in
479 2390 2213 2455 telligitur de hoc nomine potentia, primo fuit impositum intentioni ex qua possunt procedere actiones
484 2442 2212 2507 validae: quae dicitur fortitudo siue potentia naturalis difficile patiendi: & facile agendi: cuius con
480 2496 2218 2565 trarium est in potentia quae vocatur debilitas. Nomine autem illius potentiae dignior est res illa quae non
488 2550 2218 2617 patitur vllo modo: quam quae aliquo modo patitur. Vnde philosophus in. v. Metaphhice. loquens de tali potentia, dicit. Po-
484 2613 2220 2676 tentia est qua res non patitur omnino, neque transmutatur. Dem enim quod destruitur aut corrumpitur aliqua corru-
477 2669 2216 2729 ptione, accidit ei hoc quia non habet potentiam: aut quia diminuitur ab eo aliqua potentia. Et tamen
490 2710 2213 2780 aliquo modo potentia dicitur, quod enim corrumpitur, vt dicitur in. v. Meta. aestimatur esse in potentia ad cortu-
483 2762 2213 2829 ptionem. Non enim corrumperetur nisi haberet hanc potentiam. Deinde vero hoc nomen potentia translatum fuit
481 2819 2209 2889 ad possibilitatem recipiendi. Potentia autem actiua duplex est. quaedam quae est principium opeationis rei in se
489 2870 2212 2948 ipsa. secundum quod sciens et volens possibilis est considerare, nisi aliquid prohibeat extrinsecus. vt dicitur
492 2922 2213 2979 in ii. de anima. Alia vero est principium transmutationis ad aliud. de quae dicit philosophus in v. &. ix. Metaph.
495 2975 2216 3043 quod potentia est principium transmutationis in aliud. secundum quod est aliud. Potentia vero passiua quae est
494 3030 2211 3102 ad possibilitatem recipiendi, duplex est, vt dicit philosophus in. ii. de anima. Quaedam enim est ad corruptionem a contra
489 3083 2211 3154 rio in priuatiuas dispositiones: sicut calidum est in potentia vt fiat frigidum: quae ex hoc quod est prin-
496 3139 2215 3194 cipium corrumpendi, aliquam impotentiae rationem habet. Quaedam vero est ad rei perfectionem: quae tunc ve
491 3189 2206 3259 rius dicitur habere rationem potentiae quando est ad melius, & minus vere quando est ad peius. secundum quod de vtroque modo
491 3241 2203 3319 simul dicit philosophus in. v. Metaph. Etur (inquit) potens quod habet potentiam qua transmutatur in aliquod aut in
