<?xml version="1.0" encoding="UTF-8" standalone="yes"?>
<PcGts xmlns="http://schema.primaresearch.org/PAGE/gts/pagecontent/2013-07-15" xmlns:xsi="http://www.w3.org/2001/XMLSchema-instance" xsi:schemaLocation="http://schema.primaresearch.org/PAGE/gts/pagecontent/2013-07-15 http://schema.primaresearch.org/PAGE/gts/pagecontent/2013-07-15/pagecontent.xsd">
    <Metadata>
        <Creator>prov=University of Rostock/Institute of Mathematics/CITlab|PLANET AI GmbH/Gundram Leifert/gundram.leifert@planet-ai.de:name=Badius1520-m2(htr_id=24043)::::v=2.6.6
prov=University of Rostock/Institute of Mathematics/CITlab|PLANET AI GmbH/Tobias Gruening/tobias.gruening@planet-ai.de:name=de.uros.citlab.module.baseline2polygon.B2PSeamMultiOriented:v=2.6.6
prov=University of Rostock/Institute of Mathematics/CITlab|PLANET AI GmbH/Tobias Gruening/tobias.gruening@planet-ai.de:name=/net_tf/LA73_249_0mod360.pb:de.uros.citlab.segmentation.CITlab_LA_ML:v=2.6.6
Transkribus</Creator>
        <Created>2020-04-14T19:23:03.918+02:00</Created>
        <LastChange>2020-05-22T17:10:47.071+02:00</LastChange>
        <TranskribusMetadata docId="369632" pageId="14425516" pageNr="358" tsid="29506946" status="IN_PROGRESS" userId="25065" imgUrl="https://files.transkribus.eu/Get?id=ELZDXFHIHQIEMIYBJHFVGTYB&amp;fileType=view" xmlUrl="https://files.transkribus.eu/Get?id=SGRHUBPWZEKZZKCLZNSCDSSK" imageId="10388748"/>
    </Metadata>
    <Page imageFilename="357.jpg" imageWidth="2303" imageHeight="3775">
        <ReadingOrder>
            <OrderedGroup id="ro_1590188012137" caption="Regions reading order">
                <RegionRefIndexed index="0" regionRef="TextRegion_1588908140192_2059"/>
            </OrderedGroup>
        </ReadingOrder>
        <TextRegion orientation="0.0" id="TextRegion_1588908140192_2059" custom="readingOrder {index:0;}">
            <Coords points="452,325 2207,325 2207,3288 452,3288"/>
            <TextLine id="r2l2" custom="readingOrder {index:0;}">
                <Coords points="441,402 2183,380 2182,311 2104,307 441,339"/>
                <Baseline points="453,393 538,392 624,389 710,387 796,387 882,386 968,384 1054,384 1140,384 1226,383 1312,383 1397,383 1483,383 1569,383 1655,381 1741,381 1827,381 1913,380 1999,378 2085,377 2171,375"/>
                <TextEquiv>
                    <Unicode>suum esse in naturae identitate, sicut deus pater communicat esse suum filio: &amp; non potest esse crea-</Unicode>
                </TextEquiv>
            </TextLine>
            <TextLine id="r2l3" custom="readingOrder {index:1;}">
                <Coords points="442,459 1921,460 2185,400 441,404"/>
                <Baseline points="453,449 539,446 625,443 711,441 797,440 883,438 969,438 1055,437 1141,437 1227,435 1314,435 1400,435 1486,435 1572,435 1658,435 1744,435 1830,434 1916,434 2002,432 2088,431 2175,429"/>
                <TextEquiv>
                    <Unicode>tura cui sic esse diuinum conmunicetur, sed solum creator deus, sed deus dat esse creaturae ad imitatio-</Unicode>
                </TextEquiv>
            </TextLine>
            <TextLine id="r2l4" custom="readingOrder {index:2;}">
                <Coords points="442,506 1990,508 2179,493 2179,437 442,459"/>
                <Baseline points="453,503 538,499 624,497 710,494 796,493 882,492 967,491 1053,491 1139,490 1225,489 1311,489 1396,489 1482,489 1568,489 1654,489 1740,489 1825,488 1911,488 1997,486 2083,484 2169,482"/>
                <TextEquiv>
                    <Unicode>nem suam quamlibet creaturam in esse producendo. Quod quia ad imitationem esse dei procedit, vt proprius es-</Unicode>
                </TextEquiv>
            </TextLine>
            <TextLine id="r2l5" custom="readingOrder {index:3;}">
                <Coords points="455,563 2077,562 2179,546 2179,492 455,511"/>
                <Baseline points="465,554 550,551 635,549 720,548 805,546 890,545 975,545 1061,545 1146,543 1231,543 1316,543 1401,543 1486,543 1571,543 1657,543 1742,542 1827,542 1912,540 1997,539 2082,537 2168,536"/>
                <TextEquiv>
                    <Unicode>fectus eius, quodammodo esse diuinum est. &amp; secundum hoc esse dei proprium inquantum causat esse quodam</Unicode>
                </TextEquiv>
            </TextLine>
            <TextLine id="r2l6" custom="readingOrder {index:4;}">
                <Coords points="442,615 2188,612 2188,543 442,565"/>
                <Baseline points="452,608 538,605 624,602 710,600 797,600 883,599 969,598 1056,597 1142,597 1228,597 1315,597 1401,597 1487,597 1573,597 1660,597 1746,596 1832,596 1919,594 2005,593 2091,591 2178,588"/>
                <TextEquiv>
                    <Unicode>modo sibi simile in creatura, dicitur esse quodammodo creaturae. cuiuslibet enim esse creaturae nihil aliud </Unicode>
                </TextEquiv>
            </TextLine>
            <TextLine id="r2l7" custom="readingOrder {index:5;}">
                <Coords points="445,669 2180,660 2138,600 444,615"/>
                <Baseline points="456,660 541,658 627,656 712,654 798,654 884,653 969,652 1055,651 1140,651 1226,651 1312,651 1397,650 1483,650 1568,650 1654,650 1740,650 1825,648 1911,648 1996,647 2082,645 2168,644"/>
                <TextEquiv>
                    <Unicode>est in creatura quam respectus ad deum, inquantum sub ratione similis, est eius effectus. vt sicut veritas</Unicode>
                </TextEquiv>
            </TextLine>
            <TextLine id="r2l8" custom="readingOrder {index:6;}">
                <Coords points="445,722 2023,723 2173,707 2173,661 444,670"/>
                <Baseline points="455,713 540,711 625,710 711,708 796,707 882,706 967,705 1052,705 1138,705 1223,705 1309,705 1394,705 1479,705 1565,704 1650,704 1736,704 1821,702 1906,702 1992,701 2077,699 2163,698"/>
                <TextEquiv>
                    <Unicode>in creatura non est nisi respectus in ea ad deum, vt ad causam formalem exemplarem: bonitas vero</Unicode>
                </TextEquiv>
            </TextLine>
            <TextLine id="r2l9" custom="readingOrder {index:7;}">
                <Coords points="456,778 2193,775 2193,701 456,726"/>
                <Baseline points="468,768 553,765 639,764 725,762 811,761 896,761 982,759 1068,759 1154,759 1239,758 1325,758 1411,758 1497,758 1582,758 1668,758 1754,756 1840,756 1925,755 2011,755 2097,753 2183,752"/>
                <TextEquiv>
                    <Unicode>vt ad causam finalem perfectiuam quemadmodum determinabitur inferius, sic entitas in creatura non</Unicode>
                </TextEquiv>
            </TextLine>
            <TextLine id="r2l10" custom="readingOrder {index:8;}">
                <Coords points="460,830 1583,853 2097,826 2097,781 459,778"/>
                <Baseline points="471,819 551,818 632,816 713,815 794,815 875,813 955,813 1036,812 1117,812 1198,812 1279,812 1359,812 1440,811 1521,810 1602,810 1683,810 1763,810 1844,810 1925,810 2006,809 2087,809"/>
                <TextEquiv>
                    <Unicode>est nisi respectus in ea ad deum, vt ad causam eius efficientem, quemadmodum expositum est supra.</Unicode>
                </TextEquiv>
            </TextLine>
            <TextLine id="r2l11" custom="readingOrder {index:9;}">
                <Coords points="455,930 2184,916 2168,829 815,875 455,833"/>
                <Baseline points="467,915 552,912 637,911 723,908 808,908 893,906 979,906 1064,906 1149,906 1235,906 1320,906 1405,906 1491,906 1576,906 1661,906 1747,906 1832,906 1917,905 2003,903 2088,902 2174,899"/>
                <TextEquiv>
                    <Unicode>⁋ Et secundum hoc exponendae sunt auctoritates Dionyus. adductae in primo argumen</Unicode>
                </TextEquiv>
            </TextLine>
            <TextLine id="r2l12" custom="readingOrder {index:10;}">
                <Coords points="451,985 2145,977 2197,905 451,930"/>
                <Baseline points="462,972 548,969 634,968 720,966 807,965 893,963 979,963 1065,962 1152,962 1238,962 1324,962 1410,963 1497,963 1583,963 1669,963 1755,963 1842,962 1928,962 2014,960 2100,959 2187,957"/>
                <TextEquiv>
                    <Unicode>toio vnde Diony. A. ca. caelestis Hierarchiae inducit eas sic. Bonitatem vniuersali superessentialis diuinis</Unicode>
                </TextEquiv>
            </TextLine>
            <TextLine id="r2l13" custom="readingOrder {index:11;}">
                <Coords points="454,1040 2095,1040 2195,1020 2195,968 453,986"/>
                <Baseline points="465,1025 555,1022 645,1019 736,1017 826,1016 917,1016 1007,1014 1098,1014 1188,1016 1279,1016 1369,1016 1460,1017 1550,1017 1641,1017 1731,1017 1822,1017 1912,1017 2003,1016 2093,1014 2184,1011"/>
                <TextEquiv>
                    <Unicode>tas eorum quae sunt essentias esse substituens adduxit. est enim hoc omnium causae &amp; super omnia bonitatis proprium</Unicode>
                </TextEquiv>
            </TextLine>
            <TextLine id="r2l14" custom="readingOrder {index:12;}">
                <Coords points="447,1087 2204,1080 2190,1017 447,1041"/>
                <Baseline points="458,1079 544,1076 631,1074 718,1073 804,1071 891,1070 978,1070 1064,1070 1151,1070 1238,1070 1325,1070 1411,1070 1498,1070 1585,1071 1671,1071 1758,1070 1845,1070 1931,1069 2018,1068 2105,1066 2192,1064"/>
                <TextEquiv>
                    <Unicode>ad communionem suam ea quae sunt vocare, vt vnicuique eorum quae sunt ex propria definitur analogia. Ex</Unicode>
                </TextEquiv>
            </TextLine>
            <TextLine id="r2l15" custom="readingOrder {index:13;}">
                <Coords points="451,1156 2104,1141 2191,1130 2191,1082 451,1093"/>
                <Baseline points="462,1133 547,1130 633,1128 719,1127 805,1125 891,1124 977,1124 1063,1124 1149,1122 1235,1124 1321,1124 1406,1124 1492,1124 1578,1124 1664,1124 1750,1124 1836,1124 1922,1122 2008,1122 2094,1121 2180,1119"/>
                <TextEquiv>
                    <Unicode>quo concludit intentum, &amp; in argumento assumptum subdens. Existentia igitur omnia esse eius participant.</Unicode>
                </TextEquiv>
            </TextLine>
            <TextLine id="r2l16" custom="readingOrder {index:14;}">
                <Coords points="457,1196 2186,1184 2162,1127 457,1152"/>
                <Baseline points="468,1185 553,1182 638,1181 723,1179 809,1178 894,1178 979,1176 1065,1176 1150,1176 1235,1176 1321,1178 1406,1178 1491,1178 1576,1178 1662,1178 1747,1178 1832,1178 1918,1176 2003,1176 2088,1173 2174,1172"/>
                <TextEquiv>
                    <Unicode>esse enim omnium est super esse diuinitatis. Super quo dicit Hu. in commen. Quia per esse dei quod est super omne</Unicode>
                </TextEquiv>
            </TextLine>
            <TextLine id="r2l17" custom="readingOrder {index:15;}">
                <Coords points="454,1250 2128,1246 2204,1237 2204,1180 453,1195"/>
                <Baseline points="465,1239 551,1236 637,1235 724,1233 810,1232 896,1230 983,1230 1069,1230 1155,1230 1242,1230 1328,1230 1414,1232 1501,1232 1587,1232 1673,1232 1760,1232 1846,1230 1932,1230 2019,1229 2105,1226 2192,1224"/>
                <TextEquiv>
                    <Unicode>esse, esse habet quod subsistit quicquod est. Esse dico aliud, quam sit esse dei, sed causatum ab illo. secundum quod di </Unicode>
                </TextEquiv>
            </TextLine>
            <TextLine id="r2l18" custom="readingOrder {index:16;}">
                <Coords points="466,1303 2138,1305 2205,1237 465,1249"/>
                <Baseline points="477,1293 562,1291 648,1289 734,1287 820,1286 906,1284 992,1284 1078,1284 1164,1284 1250,1284 1336,1284 1421,1284 1507,1284 1593,1284 1679,1284 1765,1284 1851,1284 1937,1283 2023,1282 2109,1281 2195,1278"/>
                <TextEquiv>
                    <Unicode>cit Augustinus super Ion ser. xxviii. Si omnia quae sunt per te facta sunt, quid est quod tibi proprium tenuisti: ipsum </Unicode>
                </TextEquiv>
            </TextLine>
            <TextLine id="r2l19" custom="readingOrder {index:17;}">
                <Coords points="457,1367 2003,1360 2192,1346 2192,1296 457,1314"/>
                <Baseline points="468,1347 553,1344 639,1343 724,1340 810,1340 896,1338 981,1338 1067,1338 1152,1338 1238,1338 1324,1338 1409,1338 1495,1338 1580,1338 1666,1338 1752,1338 1837,1338 1923,1337 2008,1337 2094,1334 2180,1332"/>
                <TextEquiv>
                    <Unicode>esse, quod aliis non dedisti. Et ideo dicit Diony. ca i. i. de diui. no. Oim quidem est quae sunt causale: ipsum</Unicode>
                </TextEquiv>
            </TextLine>
            <TextLine id="r2l20" custom="readingOrder {index:18;}">
                <Coords points="461,1412 2126,1413 2193,1348 460,1362"/>
                <Baseline points="471,1401 556,1397 642,1395 727,1393 813,1392 899,1391 984,1391 1070,1391 1155,1391 1241,1391 1327,1391 1412,1392 1498,1392 1583,1392 1669,1392 1755,1392 1840,1392 1926,1391 2011,1389 2097,1388 2183,1385"/>
                <TextEquiv>
                    <Unicode>autem nihil in omnibus quae sunt, superessentialiter exaltatum. &amp; sequitur post aliqua interposita. Et omnia</Unicode>
                </TextEquiv>
            </TextLine>
            <TextLine id="r2l21" custom="readingOrder {index:19;}">
                <Coords points="471,1473 2178,1461 2202,1400 471,1410"/>
                <Baseline points="483,1454 568,1451 653,1449 739,1446 824,1445 910,1445 995,1445 1081,1445 1166,1445 1252,1445 1337,1445 1422,1445 1508,1445 1593,1446 1679,1446 1764,1446 1850,1445 1935,1445 2021,1443 2106,1442 2192,1439"/>
                <TextEquiv>
                    <Unicode>quae sunt, &amp; nihil eorum quae sunt. Cui concordat illud quod dicit Auic. viii. Metaph. Ome quod est ab ipso</Unicode>
                </TextEquiv>
            </TextLine>
            <TextLine id="r2l22" custom="readingOrder {index:20;}">
                <Coords points="461,1514 2135,1517 2200,1456 461,1473"/>
                <Baseline points="471,1508 556,1505 642,1502 728,1500 814,1500 900,1499 986,1499 1072,1497 1158,1497 1244,1497 1330,1499 1415,1499 1501,1499 1587,1499 1673,1499 1759,1499 1845,1499 1931,1498 2017,1497 2103,1496 2189,1494"/>
                <TextEquiv>
                    <Unicode>est, &amp; non est communicans ei quod ab ipso est. lpse vero est omne quod est, &amp; tamen non est aliquid ex his. Vn </Unicode>
                </TextEquiv>
            </TextLine>
            <TextLine id="r2l23" custom="readingOrder {index:21;}">
                <Coords points="467,1582 2150,1572 2202,1509 467,1521"/>
                <Baseline points="477,1560 562,1558 648,1556 734,1554 820,1553 905,1553 991,1551 1077,1551 1163,1551 1248,1551 1334,1551 1420,1553 1506,1553 1591,1553 1677,1553 1763,1553 1849,1553 1934,1551 2020,1550 2106,1549 2192,1547"/>
                <TextEquiv>
                    <Unicode>de Dionysius. vbi assumpta fuit secunda auctoritas, dicit sic. Simpliciter dicendum viuentium vita, &amp; eo-</Unicode>
                </TextEquiv>
            </TextLine>
            <TextLine id="r2l24" custom="readingOrder {index:22;}">
                <Coords points="470,1623 2066,1626 2203,1610 2203,1556 470,1582"/>
                <Baseline points="480,1614 565,1611 651,1609 736,1608 822,1607 908,1605 993,1605 1079,1605 1165,1605 1250,1605 1336,1607 1422,1607 1507,1607 1593,1607 1679,1607 1764,1607 1850,1607 1936,1606 2021,1605 2107,1604 2193,1602"/>
                <TextEquiv>
                    <Unicode>rum quae sunt essentia, omnis vitae &amp; essentiae principium, &amp; causa per suam vt sint quae sunt acti</Unicode>
                </TextEquiv>
            </TextLine>
            <TextLine id="r2l25" custom="readingOrder {index:23;}">
                <Coords points="469,1677 2193,1680 2193,1613 469,1635"/>
                <Baseline points="480,1670 565,1667 650,1664 735,1662 820,1660 905,1659 990,1658 1076,1658 1161,1658 1246,1658 1331,1659 1416,1659 1501,1659 1586,1659 1672,1659 1757,1659 1842,1659 1927,1659 2012,1658 2097,1656 2183,1655"/>
                <TextEquiv>
                    <Unicode>uam, &amp; continentem bonitatem. Vnde &amp; de di. no. ca. v. vbi ponit tertiam auctoritatem bene exponit</Unicode>
                </TextEquiv>
            </TextLine>
            <TextLine id="r2l26" custom="readingOrder {index:24;}">
                <Coords points="470,1729 2125,1732 2209,1669 470,1675"/>
                <Baseline points="480,1722 565,1719 651,1716 737,1715 823,1713 909,1713 995,1712 1081,1712 1167,1712 1253,1712 1339,1712 1424,1713 1510,1713 1596,1713 1682,1713 1768,1713 1854,1713 1940,1712 2026,1712 2112,1710 2198,1709"/>
                <TextEquiv>
                    <Unicode>seipsum dicens. Deus non est ens, sed simpliciter &amp; incircunfinite totum in seipso coambiens &amp; peram-</Unicode>
                </TextEquiv>
            </TextLine>
            <TextLine id="r2l27" custom="readingOrder {index:25;}">
                <Coords points="458,1798 2180,1783 2201,1720 457,1731"/>
                <Baseline points="468,1778 554,1775 640,1772 726,1770 812,1769 898,1767 984,1766 1070,1766 1156,1766 1242,1766 1329,1766 1415,1766 1501,1767 1587,1767 1673,1767 1759,1767 1845,1767 1931,1766 2017,1765 2103,1763 2190,1761"/>
                <TextEquiv>
                    <Unicode>biens, &amp; non erat nec erit magis, neque est, sed ipse est esse existentibus. Quod exponit subdens. Omnis vtcum</Unicode>
                </TextEquiv>
            </TextLine>
            <TextLine id="r2l28" custom="readingOrder {index:26;}">
                <Coords points="471,1852 2117,1834 2203,1825 2203,1777 470,1798"/>
                <Baseline points="482,1832 567,1829 653,1826 738,1824 824,1823 909,1821 995,1821 1080,1820 1166,1820 1251,1820 1337,1821 1423,1821 1508,1821 1594,1821 1679,1821 1765,1821 1850,1821 1936,1820 2021,1820 2107,1818 2193,1815"/>
                <TextEquiv>
                    <Unicode>quod entis qui est ante ens, principium &amp; causa, &amp; omnia ipsum participant, &amp; a nullo existentium re-</Unicode>
                </TextEquiv>
            </TextLine>
            <TextLine id="r2l29" custom="readingOrder {index:27;}">
                <Coords points="476,1904 2146,1892 2206,1885 2206,1824 475,1850"/>
                <Baseline points="486,1886 571,1883 657,1880 742,1878 828,1877 913,1875 999,1875 1084,1874 1170,1874 1255,1874 1341,1874 1426,1874 1512,1874 1597,1874 1683,1875 1768,1874 1854,1874 1939,1874 2025,1873 2110,1872 2196,1871"/>
                <TextEquiv>
                    <Unicode>cedit. ⁋ Ad secundum quod potentia actiua in creaturis reducitur ad potentiam primi agentis, sicut potentia passi</Unicode>
                </TextEquiv>
            </TextLine>
            <TextLine id="r2l30" custom="readingOrder {index:28;}">
                <Coords points="475,1948 2138,1947 2199,1888 475,1904"/>
                <Baseline points="486,1938 571,1935 656,1934 741,1932 826,1931 911,1929 996,1929 1082,1929 1167,1929 1252,1929 1337,1929 1422,1929 1507,1929 1592,1929 1678,1929 1763,1929 1848,1929 1933,1928 2018,1927 2103,1926 2189,1923"/>
                <TextEquiv>
                    <Unicode>ua ad potentiam materiae: Dicendum sicut patet ex praedictis, quod potentia proprie passiua in re est ex</Unicode>
                </TextEquiv>
            </TextLine>
            <TextLine id="r2l31" custom="readingOrder {index:29;}">
                <Coords points="464,1999 2160,1999 2196,1934 463,1952"/>
                <Baseline points="474,1992 559,1989 645,1988 730,1986 816,1985 902,1983 987,1983 1073,1982 1158,1982 1244,1982 1330,1982 1415,1982 1501,1982 1586,1982 1672,1982 1758,1982 1843,1982 1929,1980 2014,1980 2100,1979 2186,1977"/>
                <TextEquiv>
                    <Unicode>defectu &amp; imperfectione qua habet posse esse, &amp; non esse. Et ideo cum quaelibet creatura ex se defectibilis est</Unicode>
                </TextEquiv>
            </TextLine>
            <TextLine id="r2l32" custom="readingOrder {index:30;}">
                <Coords points="473,2060 1809,2068 2193,2046 2219,1992 473,2001"/>
                <Baseline points="483,2046 569,2043 655,2040 741,2039 827,2037 914,2037 1000,2036 1086,2036 1172,2036 1258,2036 1345,2036 1431,2036 1517,2036 1603,2036 1689,2036 1776,2036 1862,2034 1948,2034 2034,2033 2120,2031 2207,2028"/>
                <TextEquiv>
                    <Unicode>&amp; ex nihilo: naturae creaturae vt creatura est, non repugnat primum principium potentiale, cuiusmodi </Unicode>
                </TextEquiv>
            </TextLine>
            <TextLine id="r2l33" custom="readingOrder {index:31;}">
                <Coords points="470,2108 2175,2108 2210,2049 470,2061"/>
                <Baseline points="482,2099 567,2096 653,2094 739,2092 825,2091 911,2090 996,2088 1082,2088 1168,2088 1254,2088 1340,2088 1425,2088 1511,2088 1597,2088 1683,2088 1769,2088 1854,2088 1940,2088 2026,2088 2112,2088 2198,2088"/>
                <TextEquiv>
                    <Unicode>est materia, quin possit esse de natura &amp; substantia eius. Potentia autem actiua in re, est ex actualitate &amp; per</Unicode>
                </TextEquiv>
            </TextLine>
            <TextLine id="r2l34" custom="readingOrder {index:32;}">
                <Coords points="478,2158 2046,2166 2202,2152 2202,2107 478,2108"/>
                <Baseline points="489,2151 574,2149 659,2147 744,2144 829,2143 914,2142 999,2141 1085,2141 1170,2141 1255,2141 1340,2141 1425,2141 1510,2141 1595,2142 1681,2142 1766,2142 1851,2141 1936,2141 2021,2139 2106,2139 2192,2136"/>
                <TextEquiv>
                    <Unicode>fectione eius, &amp; ideo summe &amp; primo habet esse in summe actuali &amp; perfecto ente, &amp; in aliis ex actua</Unicode>
                </TextEquiv>
            </TextLine>
            <TextLine id="r2l35" custom="readingOrder {index:33;}">
                <Coords points="475,2217 2182,2214 2208,2156 475,2158"/>
                <Baseline points="485,2205 570,2202 656,2199 741,2198 827,2196 913,2195 998,2195 1084,2195 1170,2195 1255,2195 1341,2195 1427,2195 1512,2196 1598,2196 1684,2196 1769,2196 1855,2195 1941,2195 2026,2193 2112,2192 2198,2189"/>
                <TextEquiv>
                    <Unicode>litatis &amp; perfectionis eius participatione, quibus ex eo quod sunt ex nihilo repugnat summa actuali-</Unicode>
                </TextEquiv>
            </TextLine>
            <TextLine id="r2l36" custom="readingOrder {index:34;}">
                <Coords points="473,2267 2095,2271 2212,2214 473,2221"/>
                <Baseline points="483,2259 568,2256 654,2253 740,2252 826,2250 912,2249 998,2249 1084,2249 1170,2249 1256,2249 1342,2249 1427,2249 1513,2249 1599,2250 1685,2250 1771,2250 1857,2249 1943,2249 2029,2247 2115,2246 2201,2244"/>
                <TextEquiv>
                    <Unicode>tas &amp; perfectio quae est in diuina substantia. propter quod licet de essentia creaturae potest esse id quod est primo</Unicode>
                </TextEquiv>
            </TextLine>
            <TextLine id="r2l37" custom="readingOrder {index:35;}">
                <Coords points="471,2323 2183,2329 2213,2253 471,2267"/>
                <Baseline points="482,2312 572,2309 662,2307 753,2306 843,2304 934,2303 1024,2303 1115,2303 1205,2303 1296,2303 1386,2303 1477,2303 1567,2304 1658,2304 1748,2303 1839,2303 1929,2303 2020,2301 2110,2300 2201,2297"/>
                <TextEquiv>
                    <Unicode>in potentia passiua, ad quod habet reduci omnis potentia passiua, non tamen potest esse de eius essentia id quod </Unicode>
                </TextEquiv>
            </TextLine>
            <TextLine id="r2l38" custom="readingOrder {index:36;}">
                <Coords points="470,2371 2084,2378 2034,2309 470,2323"/>
                <Baseline points="482,2366 561,2364 641,2362 720,2360 800,2360 879,2358 959,2358 1038,2357 1118,2357 1197,2357 1277,2357 1357,2358 1436,2358 1516,2358 1595,2358 1675,2358 1754,2358 1834,2358 1913,2357 1993,2356 2073,2355"/>
                <TextEquiv>
                    <Unicode>est primo in potentia actiua, ad quod habet reduci omnis alia potentia actiua. vnde deficit simile-</Unicode>
                </TextEquiv>
            </TextLine>
            <TextLine id="r2l39" custom="readingOrder {index:37;}">
                <Coords points="813,2479 2206,2484 2184,2382 2019,2432 813,2420"/>
                <Baseline points="825,2468 893,2468 962,2466 1030,2466 1099,2466 1167,2466 1236,2466 1304,2466 1373,2466 1441,2466 1510,2466 1578,2466 1647,2466 1715,2466 1784,2465 1852,2465 1921,2465 1989,2465 2058,2463 2126,2463 2195,2462"/>
                <TextEquiv>
                    <Unicode>lrca secundum arguitur: quod deus habet compositionem cum alio, vt materia cum</Unicode>
                </TextEquiv>
            </TextLine>
            <TextLine id="r2l40" custom="readingOrder {index:38;}">
                <Coords points="809,2530 2205,2530 2205,2485 2042,2470 809,2481"/>
                <Baseline points="819,2523 887,2522 956,2521 1025,2520 1094,2520 1163,2520 1231,2519 1300,2519 1369,2519 1438,2519 1507,2519 1575,2519 1644,2519 1713,2519 1782,2519 1851,2519 1919,2519 1988,2517 2057,2517 2126,2516 2195,2516"/>
                <TextEquiv>
                    <Unicode>forma. primo sic. esse materiae opponitur non enti per immediationem, quia ma- </Unicode>
                </TextEquiv>
            </TextLine>
            <TextLine id="r2l41" custom="readingOrder {index:39;}">
                <Coords points="819,2583 2038,2596 2214,2582 2214,2535 819,2537"/>
                <Baseline points="831,2574 899,2574 968,2574 1036,2574 1105,2574 1174,2573 1242,2573 1311,2573 1380,2573 1448,2573 1517,2573 1586,2573 1654,2571 1723,2571 1792,2571 1860,2571 1929,2571 1998,2571 2066,2571 2135,2570 2204,2570"/>
                <TextEquiv>
                    <Unicode>teria secundum Augustinus est prope nihil, &amp; secundum Platonem, media inter ens &amp; non ens,</Unicode>
                </TextEquiv>
            </TextLine>
            <TextLine id="r2l42" custom="readingOrder {index:40;}">
                <Coords points="818,2636 2204,2632 2186,2580 818,2586"/>
                <Baseline points="828,2628 896,2628 964,2628 1032,2628 1100,2628 1169,2627 1237,2627 1305,2627 1373,2627 1441,2627 1510,2627 1578,2627 1646,2627 1714,2625 1782,2625 1851,2625 1919,2624 1987,2624 2055,2624 2123,2622 2192,2622"/>
                <TextEquiv>
                    <Unicode>siue inter aliquid secundum formam &amp; nihil. per summam ergo immediationem</Unicode>
                </TextEquiv>
            </TextLine>
            <TextLine id="r2l43" custom="readingOrder {index:41;}">
                <Coords points="819,2696 2047,2701 2207,2690 2207,2633 819,2636"/>
                <Baseline points="831,2684 899,2683 967,2682 1035,2682 1104,2682 1172,2681 1240,2681 1308,2681 1377,2681 1445,2681 1513,2681 1581,2681 1650,2679 1718,2679 1786,2679 1854,2679 1923,2678 1991,2678 2059,2678 2127,2676 2196,2676"/>
                <TextEquiv>
                    <Unicode>se habet prima materia vt aliquid ens ad nihil. Quare cum aliquid &amp; nihil se-</Unicode>
                </TextEquiv>
            </TextLine>
            <TextLine id="r2l44" custom="readingOrder {index:42;}">
                <Coords points="768,2758 2171,2752 2204,2693 768,2708"/>
                <Baseline points="779,2738 849,2738 920,2736 990,2736 1061,2735 1132,2735 1202,2735 1273,2733 1344,2733 1414,2733 1485,2733 1556,2733 1626,2732 1697,2732 1768,2732 1838,2732 1909,2732 1980,2732 2050,2732 2121,2732 2192,2732"/>
                <TextEquiv>
                    <Unicode>gal cundum se per immeditionem opponuntur contradictorie: ergo materia &amp;</Unicode>
                </TextEquiv>
            </TextLine>
            <TextLine id="r2l45" custom="readingOrder {index:43;}">
                <Coords points="475,2808 2184,2805 2203,2742 475,2765"/>
                <Baseline points="486,2796 571,2793 656,2792 741,2792 827,2790 912,2789 997,2789 1083,2789 1168,2787 1253,2787 1339,2787 1424,2787 1509,2787 1594,2787 1680,2786 1765,2786 1850,2786 1936,2786 2021,2784 2106,2784 2192,2783"/>
                <TextEquiv>
                    <Unicode>nihil opponuntur contradictorie, quia secundum Philosophum contradictio est oppositio cuius non est me</Unicode>
                </TextEquiv>
            </TextLine>
            <TextLine id="r2l46" custom="readingOrder {index:44;}">
                <Coords points="491,2858 2200,2854 2137,2790 491,2802"/>
                <Baseline points="501,2847 585,2846 669,2846 754,2844 838,2844 923,2843 1007,2843 1091,2843 1176,2843 1260,2843 1345,2841 1429,2841 1513,2841 1598,2841 1682,2841 1767,2840 1851,2840 1935,2840 2020,2838 2104,2838 2189,2837"/>
                <TextEquiv>
                    <Unicode>dium secundum se. Nunc autem vt idem dicit. tantum vnum vni opponitur. &amp; vt habitum est su-</Unicode>
                </TextEquiv>
            </TextLine>
            <TextLine id="r2l47" custom="readingOrder {index:45;}">
                <Coords points="493,2918 2209,2903 2124,2847 493,2860"/>
                <Baseline points="503,2903 587,2901 672,2901 757,2900 842,2900 926,2898 1011,2898 1096,2897 1181,2897 1265,2897 1350,2895 1435,2895 1520,2895 1604,2894 1689,2894 1774,2894 1859,2894 1943,2892 2028,2892 2113,2892 2198,2891"/>
                <TextEquiv>
                    <Unicode>pra Deo nihil est oppositum, nisi non ens. Deus ergo est prima materia, illa autem componi ha- </Unicode>
                </TextEquiv>
            </TextLine>
            <TextLine id="r2l48" custom="readingOrder {index:46;}">
                <Coords points="485,2973 2148,2969 2215,2962 2215,2908 484,2916"/>
                <Baseline points="495,2955 580,2955 665,2954 751,2954 836,2954 922,2952 1007,2952 1093,2951 1178,2951 1264,2949 1349,2949 1434,2949 1520,2948 1605,2948 1691,2948 1776,2946 1862,2946 1947,2946 2033,2946 2118,2946 2204,2946"/>
                <TextEquiv>
                    <Unicode>bet cum forma. ergo &amp;c. ⁋ Secundo sic. esse creaturae resolui habet in illud a quo participat, quia</Unicode>
                </TextEquiv>
            </TextLine>
            <TextLine id="r2l49" custom="readingOrder {index:47;}">
                <Coords points="495,3018 2144,3023 2204,3014 2204,2960 495,2973"/>
                <Baseline points="506,3008 590,3008 674,3006 759,3006 843,3006 927,3005 1012,3005 1096,3004 1180,3003 1265,3003 1349,3002 1433,3002 1518,3002 1602,3000 1686,3000 1771,3000 1855,3000 1939,3000 2024,3000 2108,3000 2193,3000"/>
                <TextEquiv>
                    <Unicode>omne participans resoluitur in illud a quo participat. esse creaturae resoluitur in esse materiae pri-</Unicode>
                </TextEquiv>
            </TextLine>
            <TextLine id="r2l50" custom="readingOrder {index:48;}">
                <Coords points="485,3072 2172,3074 2213,3004 484,3018"/>
                <Baseline points="495,3063 580,3062 665,3062 751,3060 836,3060 921,3059 1007,3059 1092,3059 1177,3057 1263,3057 1348,3056 1433,3056 1519,3056 1604,3054 1689,3054 1775,3054 1860,3053 1945,3053 2031,3053 2116,3051 2202,3051"/>
                <TextEquiv>
                    <Unicode>mae, quia in hoc abibit vltimum. secundum Philosophum in fine primi Physicae. creatura ergo esse suum par-</Unicode>
                </TextEquiv>
            </TextLine>
            <TextLine id="r2l51" custom="readingOrder {index:49;}">
                <Coords points="487,3129 2209,3115 2208,3056 486,3070"/>
                <Baseline points="497,3113 582,3114 667,3114 752,3114 837,3114 922,3113 1007,3113 1092,3113 1177,3111 1262,3111 1347,3110 1432,3110 1517,3108 1602,3108 1687,3107 1772,3107 1857,3107 1942,3105 2027,3105 2112,3105 2198,3105"/>
                <TextEquiv>
                    <Unicode>ticipat a prima materia. id autem a quo creatura participat esse suum, deus est. secundum praedeter</Unicode>
                </TextEquiv>
            </TextLine>
            <TextLine id="r2l52" custom="readingOrder {index:50;}">
                <Coords points="488,3176 2204,3170 2180,3114 488,3129"/>
                <Baseline points="498,3168 582,3168 667,3167 752,3167 836,3167 921,3167 1006,3167 1090,3165 1175,3165 1260,3165 1345,3164 1429,3164 1514,3162 1599,3162 1683,3162 1768,3161 1853,3161 1937,3159 2022,3159 2107,3159 2192,3158"/>
                <TextEquiv>
                    <Unicode>minata. ergo &amp;c. sicut prius. ⁋ In contrarium est, quia materia minime habet esse: &amp; est summe in </Unicode>
                </TextEquiv>
            </TextLine>
            <TextLine id="r2l53" custom="readingOrder {index:51;}">
                <Coords points="491,3243 2208,3242 2208,3181 2020,3168 491,3178"/>
                <Baseline points="501,3219 585,3219 670,3219 755,3219 840,3219 925,3219 1010,3219 1094,3219 1179,3219 1264,3219 1349,3219 1434,3218 1519,3218 1604,3218 1688,3218 1773,3218 1858,3216 1943,3216 2028,3216 2113,3216 2198,3215"/>
                <TextEquiv>
                    <Unicode>potentia. Deus autem maxime habet esse &amp; in actu. Minime ergo habet rationem materiae, quare nec</Unicode>
                </TextEquiv>
            </TextLine>
            <TextLine id="r2l54" custom="readingOrder {index:52;}">
                <Coords points="487,3305 1359,3313 1428,3299 1428,3230 487,3244"/>
                <Baseline points="497,3273 543,3273 589,3275 635,3275 681,3275 727,3275 773,3275 819,3275 865,3275 911,3275 957,3275 1003,3275 1049,3275 1095,3275 1141,3275 1187,3275 1233,3275 1279,3273 1325,3273 1371,3273 1418,3273"/>
                <TextEquiv>
                    <Unicode>componibilis est cum alio: sicut materia cum forma. i</Unicode>
                </TextEquiv>
            </TextLine>
            <TextEquiv>
                <Unicode>suum esse in naturae identitate, sicut deus pater communicat esse suum filio: &amp; non potest esse crea-
tura cui sic esse diuinum conmunicetur, sed solum creator deus, sed deus dat esse creaturae ad imitatio-
nem suam quamlibet creaturam in esse producendo. Quod quia ad imitationem esse dei procedit, vt proprius es-
fectus eius, quodammodo esse diuinum est. &amp; secundum hoc esse dei proprium inquantum causat esse quodam
modo sibi simile in creatura, dicitur esse quodammodo creaturae. cuiuslibet enim esse creaturae nihil aliud 
est in creatura quam respectus ad deum, inquantum sub ratione similis, est eius effectus. vt sicut veritas
in creatura non est nisi respectus in ea ad deum, vt ad causam formalem exemplarem: bonitas vero
vt ad causam finalem perfectiuam quemadmodum determinabitur inferius, sic entitas in creatura non
est nisi respectus in ea ad deum, vt ad causam eius efficientem, quemadmodum expositum est supra.
⁋ Et secundum hoc exponendae sunt auctoritates Dionyus. adductae in primo argumen
toio vnde Diony. A. ca. caelestis Hierarchiae inducit eas sic. Bonitatem vniuersali superessentialis diuinis
tas eorum quae sunt essentias esse substituens adduxit. est enim hoc omnium causae &amp; super omnia bonitatis proprium
ad communionem suam ea quae sunt vocare, vt vnicuique eorum quae sunt ex propria definitur analogia. Ex
quo concludit intentum, &amp; in argumento assumptum subdens. Existentia igitur omnia esse eius participant.
esse enim omnium est super esse diuinitatis. Super quo dicit Hu. in commen. Quia per esse dei quod est super omne
esse, esse habet quod subsistit quicquod est. Esse dico aliud, quam sit esse dei, sed causatum ab illo. secundum quod di 
cit Augustinus super Ion ser. xxviii. Si omnia quae sunt per te facta sunt, quid est quod tibi proprium tenuisti: ipsum 
esse, quod aliis non dedisti. Et ideo dicit Diony. ca i. i. de diui. no. Oim quidem est quae sunt causale: ipsum
autem nihil in omnibus quae sunt, superessentialiter exaltatum. &amp; sequitur post aliqua interposita. Et omnia
quae sunt, &amp; nihil eorum quae sunt. Cui concordat illud quod dicit Auic. viii. Metaph. Ome quod est ab ipso
est, &amp; non est communicans ei quod ab ipso est. lpse vero est omne quod est, &amp; tamen non est aliquid ex his. Vn 
de Dionysius. vbi assumpta fuit secunda auctoritas, dicit sic. Simpliciter dicendum viuentium vita, &amp; eo-
rum quae sunt essentia, omnis vitae &amp; essentiae principium, &amp; causa per suam vt sint quae sunt acti
uam, &amp; continentem bonitatem. Vnde &amp; de di. no. ca. v. vbi ponit tertiam auctoritatem bene exponit
seipsum dicens. Deus non est ens, sed simpliciter &amp; incircunfinite totum in seipso coambiens &amp; peram-
biens, &amp; non erat nec erit magis, neque est, sed ipse est esse existentibus. Quod exponit subdens. Omnis vtcum
quod entis qui est ante ens, principium &amp; causa, &amp; omnia ipsum participant, &amp; a nullo existentium re-
cedit. ⁋ Ad secundum quod potentia actiua in creaturis reducitur ad potentiam primi agentis, sicut potentia passi
ua ad potentiam materiae: Dicendum sicut patet ex praedictis, quod potentia proprie passiua in re est ex
defectu &amp; imperfectione qua habet posse esse, &amp; non esse. Et ideo cum quaelibet creatura ex se defectibilis est
&amp; ex nihilo: naturae creaturae vt creatura est, non repugnat primum principium potentiale, cuiusmodi 
est materia, quin possit esse de natura &amp; substantia eius. Potentia autem actiua in re, est ex actualitate &amp; per
fectione eius, &amp; ideo summe &amp; primo habet esse in summe actuali &amp; perfecto ente, &amp; in aliis ex actua
litatis &amp; perfectionis eius participatione, quibus ex eo quod sunt ex nihilo repugnat summa actuali-
tas &amp; perfectio quae est in diuina substantia. propter quod licet de essentia creaturae potest esse id quod est primo
in potentia passiua, ad quod habet reduci omnis potentia passiua, non tamen potest esse de eius essentia id quod 
est primo in potentia actiua, ad quod habet reduci omnis alia potentia actiua. vnde deficit simile-
lrca secundum arguitur: quod deus habet compositionem cum alio, vt materia cum
forma. primo sic. esse materiae opponitur non enti per immediationem, quia ma- 
teria secundum Augustinus est prope nihil, &amp; secundum Platonem, media inter ens &amp; non ens,
siue inter aliquid secundum formam &amp; nihil. per summam ergo immediationem
se habet prima materia vt aliquid ens ad nihil. Quare cum aliquid &amp; nihil se-
gal cundum se per immeditionem opponuntur contradictorie: ergo materia &amp;
nihil opponuntur contradictorie, quia secundum Philosophum contradictio est oppositio cuius non est me
dium secundum se. Nunc autem vt idem dicit. tantum vnum vni opponitur. &amp; vt habitum est su-
pra Deo nihil est oppositum, nisi non ens. Deus ergo est prima materia, illa autem componi ha- 
bet cum forma. ergo &amp;c. ⁋ Secundo sic. esse creaturae resolui habet in illud a quo participat, quia
omne participans resoluitur in illud a quo participat. esse creaturae resoluitur in esse materiae pri-
mae, quia in hoc abibit vltimum. secundum Philosophum in fine primi Physicae. creatura ergo esse suum par-
ticipat a prima materia. id autem a quo creatura participat esse suum, deus est. secundum praedeter
minata. ergo &amp;c. sicut prius. ⁋ In contrarium est, quia materia minime habet esse: &amp; est summe in 
potentia. Deus autem maxime habet esse &amp; in actu. Minime ergo habet rationem materiae, quare nec
componibilis est cum alio: sicut materia cum forma. i</Unicode>
            </TextEquiv>
        </TextRegion>
    </Page>
</PcGts>
