2322 3761
123 297 1826 409 ⁋ Tatua in rei veritate est ista quaestio, nec esset proponenda in serie quaestionum
116 385 1825 443 de deo, nisi quia aliqui deum esse primam materiam licet fatuissime posuerunt, quos videtur tangere
118 432 1816 503 Philosophus cum eorum ratione in xii. Metaph. Dicit enim ibi quod quidam qui aestimabant aestimatie
113 488 1835 564 nem Pytha. & Achilli dicebant, quod bonum & nobile non est in primo, cuius rationem assignabant,
121 546 1832 612 quia principia semper imperfectiora sunt principiatis. Plantarum enim principia (vt dixerunt) & ani-
117 602 1833 672 malium sunt semen & sperma. bonum autem & perfectum est in eis, quae sunt ex illis principiis, &
112 651 1831 720 non in ipsis principiis. Animalia enim & plantae perfectiora sunt seminibus & spermate. Quare cum
124 705 1833 768 deus secundum omnes non sit nisi primum principium omnium, ipse est ens imperfectissimum. Cum
128 757 1839 827 ergo tale ens non est nisi materia omnino prima, dicebant ex hoc quod deus est materia prima, & per
107 816 1833 885 consequens quod caderet in compositione omnium cum forma. Et acceperunt isti opinionem suam
113 861 1839 937 a primis philosophantibus, Stoicis scilicet & Epicureis, qui omnia vnum secundum substantiam dicebant, quia
114 915 1829 981 non videbant substantiam nisi materiam, & illam solam dicebant esse primum principium omnium.
106 971 1832 1040 formas autem nihil esse dicebant nisi modos quosdam materiae, resultantes ex partium compositio-
114 1031 1825 1087 ne & ordine, ex quibus dicebant primo causari figuras & Mathematica, & ex figuris motus & na-
110 1083 1832 1146 turalia. & sic materiam, tanquam id quid solum erat secundum eos principium & causa omnium, & in omni-
121 1132 1830 1210 bus substantialiter tanquam tota substantia omnium, ponebant esse deum. Quorum opinio omnino
122 1181 1835 1247 stare non potest, quia virtus mouentis & moti necessario sunt contrariae, & maxime mouentis pri
118 1241 1844 1306 mi vniuersaliter non moti omnino, & primi moti nihil omnino mouentis. Virtus enim mouentis
120 1293 1829 1355 est ex dispositione perfectionis, qua res est aliquid in actu, & fluit in aliud. Virtus autem moti est ex
115 1351 1841 1402 dispositione imperfectionis qua res est aliquid in potentia, & recipit aliquid ab alio. Vnde motus vt
125 1404 1825 1456 est actio ab agente & mouente, est dispositio perfecti vt perfectum est: vt vero est passio in moto, est
111 1454 1820 1522 dispositio imperfecti vt imperfectum est, & ideo mouetur & transmutatur ab agente tanquam contra-
106 1507 1826 1583 rium, quousque fiat simile, & cesset motus. Quare cum deus vniuersalis motor est, & primus omnium,
115 1561 1839 1631 & materia est primum & vniuersaliter motum: Deus igitur & materia summe distant in essentia: &
115 1617 1839 1674 ideo minime possunt esse idem, maxime cum materia id quid est, in potentia est, omni actu perfectionis ca-
121 1670 1840 1726 rens: quem non nisi ab alio recipit, quod non potest esse nisi ens in actu. potentia enim simpliciter posterior est
120 1722 1839 1782 actu. secundum enim Philosophum. ix. Metaph. semper potentiam in vno, praecedit actus in alio, quod enim est in potem
115 1778 1830 1843 tia non procedit ad actum nisi per aliquid praeexistens in actu. Et secundum hoc respondet Philosophus
113 1829 1837 1883 in. xii. Metaphy. dictorum rationi, dicens quod illud non est verum quod ipsi reputant verum. Se-
119 1880 1834 1947 mina enim & alia principia quae sunt imperfecta, non sunt simpliciter prima & principia omnium. sed
106 1939 1825 2002 solummodo aliquorum. ipsa enim sunt principiata ab aliis praecedentibus perfectis, a quibus descen-
120 1992 1844 2053 dunt illa semina. Gallina enim simpliciter praecedit ouum simpliciter, licet hoc ouum praecedat hanc
112 2054 1837 2108 gallinam quae nascitur ex illo ouo: & cum hoc gallina & omne perfectum a quo habet esse & descin-
105 2099 1844 2164 di semen ad generationem sui similis, & speciei perpetuationem, habet aliam causam priorem simplici
115 2155 1830 2220 ter non in suo genere, vt causae materialis & principii imperfecti existentis in potentia, sed in genere
115 2203 1825 2269 causae efficientis & mouentis & principii existentis perfecti in actu sine omnis potentiae passiuae pro
114 2259 1833 2329 prie dictae admixtione. Vnde dicit Philosophus in xii. praedicto. Primum autem non est semen factum, sed
115 2318 1828 2382 aliquod perfectum. verbi gratia, quod oportet hominem esse ante sperma, non illum qui sit ex hoc, sed
110 2366 1838 2435 alium ex quo sit semen. Vbi notat duplicem ordinem eorum quae fiunt, vnum indiuiduorum eius-
121 2421 1840 2488 dem speciei adinuicem, secundum quod ab homine procedit semen, & de illo semine generatur alius
114 2471 1831 2535 homo, a quo iterato procedit semen ad alterius generationem, & sic in infinitum. Alium totius spe
115 2538 1844 2603 ciei ad suam causam efficientem, a quo tota species habet esse, & in esse conseruari & moueri ad con-
117 2579 1841 2648 tinuam generationem. Primum ordinem appellauerunt Philosophi accidentalem, & dicebant quod
127 2631 1831 2694 posset procedere in infinitum in ante & post assumendo. Secundum vero appellauerunt ordinem essentia
127 2684 1840 2753 lem, in quo dicebant necessario statum esse in mouentibus &i motis se habentibus per ordinem, vt probatur. ii. Me
113 2743 1841 2807 taph. & hoc in primum mouens ex se non motum, & in vltimum motum ex se non mouens. vt probatur. viii.
115 2792 1834 2858 Phycae. Et per hunc modum ponebant generationem & motum semper fuisse & fore, & generationem in-
114 2846 1836 2904 finitam tam ex parte ante, quam ex parte post. de quo non est hic locus perscrutationis ad praesens. Sed sufficit no-
120 2890 1840 2957 bis ad praesens videre quod in primo ordine Pythagorici & Achillei aspiciebant ad principium materiale quid
115 2957 1839 3025 solum cognouerunt in entibus, non autem ad aliquod principium mouens & agens. vt dicitur. ii. Metaph. Et ideo
114 3013 1827 3077 cum deum non potuerunt paonere nisi principium entium, necesse habebant deum ponere esse primam materiam, &
116 3059 1826 3128 ideo minime bonum & nobile. Nos autem debemus aspicere ad secundum ordinem, & ad principium agens & mo
115 3110 1825 3168 uens, a quo habent esse, & principium materiale imperfectum, & etiam principium formale, & tota spe
111 3162 1839 3240 cies perfecta constituta in omnibus suis indiuiduis. & dicere debemus illud primum principium esse
108 3216 1838 3306 deum. Deus enim causarum & omnium videtur esse principium quoddam. vt dicitur in primo Metaphi. Quod quidem
