2300 3778
95 331 1829 407 rat a se ratione vel relatione aut intentione: bene potest per se secundum huiusmodi diuersitatem esse in seipso,
100 400 1829 457 vt contingit in proposito, sicut patet. ⁋ Ad secundum: quod deus est in omni ente aliquid praeter eius
96 443 1826 521 essentiam: ergo &c. Dicendum quod verum est: non per inhaerentiam qualiter accidens est in subiecto: sed
88 499 1342 562 per operationem tanquam dans, esse & conseruans, vt alibi habet declarari.
442 550 1827 630 Irca quartum arguitur quod deus habet compositionem cum alio: vt subiectum cum
441 611 1830 680 accidente. Primo sic. Philosophous dicit in primo Physica. Substantia nulli est ac-
449 663 1824 728 cidens. ex quo sumit Auicieen, quod substantia in vno non potest esse accidens in alio.
454 715 1824 788 quod probatur per exemplum. Calor enim non potest esse forma substantialis ignis
442 773 1820 833 quia est accidens alterius. sed sapientia, virtus, iustitia, &c. huiusmodi acciden-
409 810 1833 896 tia sunt in homine & angelo, & sunt in deo. ergo in ipso substantia esse non pos
92 871 1835 948 sunt: sed accidentia. sed id in quo est accidens compositum est cum ipso vt subiectum. ergo &c. ⁋ Secun
86 921 1820 1002 do sic. quicquid dignitatis & nobilitatis est in creaturis: totum deo attribuendum est: vt infra vi-
92 977 1826 1056 debitur. sed accidentia esse in creaturis: dignitatis est & nobilitatis: vt patet in sapientia, bonitate,
77 1031 1835 1093 & huiusmodi: secundum Augustinus in ser. de imagine., per huiusmodi enim vt dicit reformatur imago in homine. er
90 1096 1827 1161 go ponenda sunt esse in deo. omne tale habet compositionem cum alio: vt subiectum cum accidente. ergo &c.
92 1147 1830 1206 ⁋ In contrarium est: quoniam omne compositum cum alio vt subiectum cum accidente: in potentia est ad illud quantum
79 1203 1826 1270 estide se: quia accidens est quod adest & abest praeter subiecti corruptionem. secundum Porphyrium. In deo autem
88 1248 1757 1339 nulla cadit potentia ad aliud a se: quia in ipso nulla cadit compositio ex potentia & actu. ergo &c.
88 1313 1825 1404 ⁋ Dicendum quod ista quaestio nihil aliud quaerit: quam an in deo sit aliquod accidens, vel
91 1396 1819 1462 possit esse: quoniam si sic, esset vel posset esse in ipso compositio ex substantia & accidente. si non, non. Et est di
91 1447 1829 1502 cendum absolute quod in deo nullum potest esse accidens: & per consequens neque compositio ex subie
89 1496 1827 1571 cto & accidente. Cuius potissima ratio est: quod deus ex hoc quod est primum ens: nihil potest habere in se
93 1548 1823 1629 per participationem ab alio: quia quicquid habet aliquid ab alio per participationem, necessario id habet
86 1608 1822 1671 ab eo qui habet illud per essentiam: & ita prius eo & essentialius est: vt patet ex praedeterminatis.
86 1654 1825 1733 Deus ergo quicquid habet in se: habet per suam substantiam: & quid sic habet, est substantialiter illud: non
88 1710 1818 1778 subiectum eius: tanquam subiectum ei quod sibi accidit. vnde deus ita est bonus quod nihil aliud est quam boni-
94 1760 1824 1839 tas ipsa: ita sapiens: quod est ipsa sapientia sua: & sic de aliis quae ei attribuuntur. Aliter enim deus mu
84 1823 1833 1889 tabilis esset: & in potentia ad aliud a se: vt obiectum est. Et hoc est quod dicit Augustinus v. de Tri. Intelli
97 1879 1831 1938 gamus deum si possumus, sine qualitate bonum, sine quantitate magnum, sine vlla sua mutatione mu
91 1931 1827 2003 tabilia facientem: nihilque patientem. Aliae vero res quae dicuntur essentiae vel substantiae capiunt accidem
97 1988 1822 2044 tia: quibus in eis fiat vel magna vel quantulacumque mutatio. Deo autem aliquid huiusmodi accidere non po
91 2034 1814 2095 test: & ideo sola est immutabilis substantia vel essentia quae deus est. Accidens enim dici non solet: nisi
86 2088 1811 2157 quod cum aliqua mutatione eius rei cui accidit amitti potest. nihil itaque accidens in deo: quia nihil
85 2147 1812 2207 mutabile aut amissibile. In rebus enim quae per participationem magnitudinis magnae sunt: quibus
84 2201 1816 2262 aliud est esse: aliud magnas esse: in his rebus aliud est magnitudo: aliud quod ab ea magnitudine ma
89 2248 1825 2314 gnum est. sed illa est vera magnitudo qua magnum est quicquod aliud magnum dicitur: quae primitus magna est:
91 2307 1819 2370 multoque excellentius quam ea quae participatione eius magna sunt. Deus autem quia ipse non ea ma-
83 2353 1815 2420 gnitudine magnus est quae ipse non est: vt quasi particeps eius sit deus cum magnus est: alioquin ipsa esset
87 2411 1817 2472 maior magnitudo quam deus: deus ergo magnitudine magnus est: ipseque est eadem magnitudo: ipse bo
86 2463 1825 2539 nitas sua, aeternitas sua, potentia sua. Et ideo dicit Boethius de Tri. Nullum in eo aliud praeterquam id
96 2522 1814 2593 quod est, neque enim subiectum fieri potest. nulla igitur in eo diuersitas: nulla ex diuersitate plurali-
84 2572 1816 2653 tas: nulla ex accidentibus multitudo. & de hebdo. Quod est, aliquo modo participare potest. sed ip
85 2622 800 2709 sum esse nullo modo aliquo participat.
91 2661 1816 2773 ⁋ Ad primum in oppositum: quod accidens in vno non potest esse substantia in alio &c. Dicendum
91 2762 1814 2825 quod verum est sub eadem ratione rei & naturae: vt caliditas cum sit eiusdem rei & naturae secundum speciem in
98 2810 1810 2875 corpore simplici & mixto: cum sit accidens in mixto: non potest esse substantia in simplici. sed in proposito sapi
90 2864 1811 2923 entia, bonitas, & huiusmodi in deo & creaturis non sunt eiusdem rationis secundum rem & naturam: quia in nullo rea
91 2916 1818 2977 li conicant creator & creatura: vt habitum est supra: sed tantummodo talia in creatura proportionalia sunt &
89 2974 1801 3037 consia correspondentibus in deo, propter quod id quod accidens est in creatura, bene potest esse substantia in deo: quia
91 3022 1816 3092 etiam in creaturis accidentia sunt virtute in substantia: eo quod substantia est causa accidentium: & secundum
84 3074 1812 3131 Philosophum, principia substantiae sunt principia principiorum accidentium: & non solum quod est accidens in creatura
89 3129 1812 3192 sub alia ratione rei est in deo: sed & quid est substantia in vtroque sub alia ratione rei est in deo quam in creatu
91 3183 1810 3251 ra. Propter quod dicit Boethius de trinitate. Decem praedicamenta quae de rebus omnibus vniuersaliter praedicatur. i. substan-
86 3231 1823 3318 tia, qualitas, quantitas, ad aliquid, vbi, situm esse, facere, pati, pars eorum in reliquarum rerum praedicatione substam
