2328 3782
72 326 1820 412 specie, multa speciebus, vnum genere, multa possessionibus, vnum principio. & secundum hoc vnun-
76 394 1820 466 quodque vnum minorem habet vnitatem, inquantum amplius diuidi potest, & vnitas diuina omnino api
80 449 1822 519 cem tenet, eo quod omnino indiuisibilis est: vt patet ex quaestionibus articuli praecedentis. Et secundum
82 506 1824 565 hoc dicit Auicen. iii. meta. Vnitas aggregalis debilior est vnitate continuitatis. In vnitate enim
77 562 1819 627 continuitatis non est multitudo in effectu: sed in potentia tantum. In vnitate autem aggregali est ali-
86 610 1815 674 qua multitudo in effectu. Vnitas enim sua quia diminuta est, non aufert ei multitudinem. Et talis
66 668 1815 731 est illa quae reperitur in numero, de qua nobis debet esse sermo. De vno igitur sciendum: quod cum
73 715 1819 778 sit ens quod non diuiditur siue indiuisum est, inquantum est vnum illa natura entis aut convenit situi
66 772 1815 838 aut non. Primo modo dupliciter. Aut enim illud ens consideratur vt est sub situ, aut consideratur
67 824 1813 891 absque situm. Cum ens est indiuisum quod omnino non conuenit situi, tunc est vnitas substantialis, quae
68 878 1823 935 est in substantiis separatis a materia. Maxime secundum philosophos ponentes vnicam sub vna specie. Aliis duo
70 932 1823 998 bus modis scilicet cum est ens indiuisum quod convenit situi, est vnitas accidentalis quae inuenitur in quanti-
70 986 1818 1049 tate. Et est vnitas principium numeri, cum consideratur absque situ, vnitas quae cadit in punctum cum
72 1043 1823 1108 consideratur vt sub situ. secundum quod dicit Commen. super. v. meta. c. de vno. Debes scire quod vnum in quam
74 1094 1829 1153 titate si non habuerit situm, est principium numerorum. Si vero habuerit, est punctus. Et vniuntur haec
69 1147 1835 1215 tria in vno modo vnitatis. Alio modo distinguendo vnum. scilicet quod vnum numero, quod cum alio debet fa
63 1200 1820 1263 cere numerum, aut est tale quod in sua singularitate non est natum diuidi secundum id in quo habet
78 1252 1820 1311 suam singularem vnitatem, aut in sua singularitate natum est diuidi, & secundum id in quo habet
80 1306 1828 1370 sua singularitatem: Primo modo est vnitas in omnibus quoquo modo separatis a quantitate conti
77 1362 1821 1417 nua, & etiam in his quae habent quantitatem secundum id quod sunt ens & aliquid in natura sua & es-
66 1417 1821 1482 sentia praeter intentionem continuae quantitatis. cuiusmodi sunt omnia praeter illa quae sunt de praedicamento
72 1472 1821 1533 quantitatis continuae. Vnde forma simplex secundum quod est essentia quaedam, etsi sit diuisibilis in
69 1530 1820 1592 plura supposita, secundum tamen quod habet singularitatem omnino diuisibilis non est. Sicut iste homo singu-
78 1577 1822 1638 laris secundum suam formam singularem huius humanitatis non habet diuidi omnino. Similiter neque ali-
69 1631 1820 1694 quod aliorum entium secundum id quod habet esse aliquid praeter quantitatem continuam. Sola enim quantitas conti-
67 1684 1819 1740 nua secundum id quod est in natura & essentia sua per se diuisibilis est. Vnde vnitas secundo modo est in ha
69 1740 1829 1807 bentibus materiam sub quantitate continua extensam. lsta enim magnitudo singularis secundum suam formam sin
78 1790 1822 1858 gularis magnitudinis quae est vnum aliquod indiuisum in actu, nata est diuidi in plura secundum magnitudi
82 1843 1815 1913 nes proprias singulares, quarum multitudinem virtute & potentia continebat prior vnitas indiuisa, a
73 1896 1826 1960 quae per diuisionem receditur, & tanto plus, quanto plus multitudo per diuisionem multiplicatur. Et est haec na
70 1955 1814 2019 tura vnitatis quae est principium constitutiuum numeri. Virtute enim vnitas a qua procedit nume
75 2003 1821 2064 rus, totum numerum, & omnes partes eius in se continet. secundum quod dicit Diony. c. v. de di. no. In mona
73 2064 1826 2125 de omnis numerus vniformiter ante subsistit, & habet numerum omnem monas in seipsa singulari-
68 2117 1821 2178 ter, & omnis numerus vnitur quidem in monade: quantum autem a monade prima recedit tantum multi-
66 2161 1825 2232 plicatur. Veruntamen intelligendum: quod monas quae est principium numeri, potest habere in se omnem
72 2229 1829 2281 numerum qui procedit ab ipsa, dupliciter, vel secundum substantiam & naturam, vel secundum potentiam & vir-
73 2272 1821 2337 tutem. Primo modo monas in magnitudine habet in se omnem numerum, qui per diuisionem magni-
71 2334 1820 2394 tudinis potest inde procedere. Et quia vnitas talis accidit substantiae rei per magnitudinem quae
67 2378 1807 2445 per se est diuisibilis, accidit etiam ei diuidi, & multiplicari secundum numerum talium vnitatum, per illius
64 2438 1817 2499 scilicet vnitatis diuisionem in qua fuerunt vnitae: vt patet in diuisione vnius lineae in plures: vel in
71 2485 1828 2551 qua natae fuerunt vniri: vt patet in diuisione plurium rerum corporalium, siue genere, siue specie, si
72 2540 1818 2594 ue numero distinctarum. Omnis enim materia, & omnis magnitudo & quantitas continua inquantum hu
70 2591 1825 2659 iusmodi nata est esse vna magnitudo, & vnum continuum, & vna materia, nisi esset diuersitas for
70 2644 1829 2710 marum substantialium distinguentium res secundum magnitudines diuersas. Eorma enim diuidit: vt dicit Philosophus.
73 2700 1817 2760 Vnde & licet numerus omnis maxime talium vnitatum sit accidentalis qualem viderunt philosophi, quia non pro-
73 2753 1811 2819 cedit nisi ex multiplicatione vnitatum per diuisionem continui procedentem: sicut testatur Boethius
74 2811 1812 2872 loquens de tali nuero, cum dicit in libro de vnitate & vno. Pluralitas non est nisi ex aggregatione vnita
71 2865 1819 2928 tum. Quae vnitates si sint disgregatae faciunt multitudinem. Si vero sint congregatae in materia & con
69 2918 1808 2982 tinuo, faciunt magnitudinem. Vnde propter vnitates quantitatis continuae existentes in potentia, &
72 2973 1816 3032 discretae existentes in actu, continue subdit. Nihilque interest nisi quod illae disgregatae sunt: istae vero
73 3020 1824 3080 continuae. Re vera nihil differt ex parte rei & numeri secundum esse quod habet in continuo & in
75 3073 1822 3133 materia sensibili. Refert tamen multum ex parte intellectus nostri & numeri secundum esse quod habet
71 3128 1811 3187 abstractum in anima. In rebus enim non habet esse nisi secundum situm in continuo: in anima autem habet esse abstra-
78 3177 1822 3254 ctum a situ, & continuo. Sic ergo vt dictum est vnitas in continuo in potentia est omnis numerus ex ipsa
68 3235 1816 3322 multiplicabilis, & principium numeri: non quia in numerando primo est vnitas accepta, & dein
