2324 3750
505 271 2245 369 sicut album & alba, & sicut vnum & vna. Est enim vt dicit Philosophus in x. meta. multa vna plura. Et hoc
503 360 2251 423 contigit propter vniformitatem vnitatis in eis, propter quam ratio indiuisionis cum cernitur in vno illorum
498 410 2245 480 quodam modo cernitur in omnibus aliis. Propter quod dicit Auicen. in iii. meta. Ea quae sunt multa nu
501 473 2245 531 mero, non dicuntur vnatalio modo nisi propter conuenientiam quam habent in intentione aliqua, eo quod in
494 515 2258 578 eis sunt vnitates plusquam vna, quod non contingit in vnis diuersis secundum speciem. propter quod vno illo
498 576 2245 638 rum plura ex illis mensurare vel numerare non contingit. Et ideo talium vnitatum pluralitas proprie
499 625 2256 694 non constituit numerum. secundum quod dicit Auer. super. ii. meta. Si vnaquaeque vnitas numerorum for-
499 684 2245 744 malium fuerit diuersa ab alia, non erit numerus. Diuersa enim non numerant se adinuicem. Nume-
497 731 2254 796 ri autem numerant se adinuicem, aut per numerum, aut per vnitatem. Et ideo dicit Auicen. iii. meta.
502 788 2246 860 Cum hic fuerit vnum non aptum ad mensurandum eo aliquid, tunc possunt esse multa sine nunero: quia non men
500 835 2250 902 surantur per vnum. Multa quidem sunt: quia plura & abinuicem discreta: sine numero autem, quia sub
499 899 2248 958 nulla vnitate pluralitatem illam continente redacta, quae requiritur ad rationem numeri. secundum quod di-
496 950 2254 1019 cit Diony. xiii. c. de diui. no. Dis nunerus monade participat: & vnum, duo & decem dicitur. Neque enim est
497 1007 2245 1066 multitudo non participans quid vnius. Attamen vt dicit Auicen. ibidem, vnusquisque numerorum spe
504 1052 2255 1119 cies est per se, & certitudo propria, & forma quae de ipso concipitur in anima. Numerus enim non est
496 1104 2249 1165 multitudo quae non communicat vnitate: ita vt non sit necesse dici numerum esse ex vnitatibus con
504 1159 2255 1235 gregatum. Ipse enim numerus inquantum est aggregatus numerus, est vnus. Nec mirum si res sit vnum
500 1213 2257 1284 inquantum habet aliquam formam vnam, sicut est denareitas & ternareitas, & tamen habet aliquam multi
508 1268 2248 1332 plicationem in se. Denareitas enim inquantum est cum proprietate quae convenit omnibus. x. vna est: sed
500 1321 2255 1389 inquantum multitudo est, non habet nisi proprietatem oppositam vni, & hoc quemadmodum id quod est vnum
499 1380 2248 1446 & indiuisibile vno modo, est multum & diuisibile alio modo: vt dictum est supra. & secundum hoc habet
501 1434 2250 1499 diuersas proprietates, ratione qua vnum, & ratione qua multum. Vnde Auicen. subdit ibidem dicens.
498 1486 2249 1541 lgitur inquantum est denareitas, est cum proprietatibus quae conueniunt omnibus. x. sed inquantum
494 1541 2244 1602 habet multiplicationem, non habet proprietates nisi multitudinis, quae est opposita vnitati. Decem enim
500 1590 2251 1645 non diuiduntur secundum denareitatem in x. decimas, quarum vnaquaeque habet proprietatem denareitatis: nec
499 1644 2256 1713 debet dici quod. x. sunt. ix. & vnum, nec est dignius quod est compositus ex. v. &. v. quam ex. vi. &. iiii. vel
496 1695 2249 1760 ex tribus &. vii. vel ex duobus &. viii. Et est quaelibet istarum considerationum diuersa ab alia.
495 1752 2252 1815 Essentia vero vnitatis non habet diuersos intellectus certitudinis suae. Propter quod vt dicit Auicen.
499 1803 2243 1870 dixit egregius philosophus. Non putetis quod. vi. sunt tres, & tres, sed sunt semel. vi. & hoc dicit Philosophus. v.
493 1857 2245 1927 meta. Ad cuius expositionem subdit Auicen. dicens. Consideratio autem numeri secundum vnitates suas
496 1911 2246 1974 ex vno & vno & vno quousque parueniatur ad illum, difficilis est ad imaginandum & ad proferendum. Et
493 1966 2258 2025 ideo recurrunt homines ad descriptiones praedictas scilicet ex. v. &. v. vel ex aliis. Et intendit Philosophus & Auicen.
494 2021 2243 2078 similiter, quod denarius, & similiter quilibet alius nunerus, inquantum ex pluribus numeris constat, vel etiam
495 2073 2245 2141 ex pluribus vnitatibus, inquantum plures sunt, est multus, & diuisibilis, & solum sunt in ipso tanquam
501 2128 2237 2186 materialia eius, & numeri & vnitates. Inquantum vero talium multitudo vnitur & aggregatur
495 2179 2239 2250 sub ratione alicuius indiuisibilitatis, est vnus. Et quia illam vnitatem difficile est inuenire, ideo oc-
495 2235 2239 2305 cultum est vnde contingit vnitas numerorum. Et est proculdubio ratio illius indiuisibilitatis in nume
502 2290 2248 2345 ro simpliciter, sub qua vniuntur vnitates & numeri materialiter numerum simpliciter constituentes
500 2341 2242 2412 vnitas siue identitas in specie ipsarum vnitatum replicatarum: vt dicamus quemlibet numerum, secundum
506 2396 2239 2461 quod est nunerus simpliciter, esse vnum, quia constat ex vno & vno & vno, vsquaquo parueniatur ad certum nu-
497 2448 2231 2511 merum, puta vsque ad denarium: vt intelligamus denarium inquantum numerus est, & vnus, consti-
499 2503 2238 2566 tutum non ex. x. decimis vt decimae sunt, dicendo quod est ex vnitate prima, & vnitate secunda, & vnita-
499 2555 2243 2627 te tertia, & sic deinceps vsque ad decimam, quarum quaelibet decima potest esse: sed ex. x. vnitatibus:
496 2610 2242 2671 inquantum vnitates sunt eandem rationem vnitatis & indiuisibilitatis secundum speciem continentes.
507 2660 2242 2736 Quod intellexit Auic. cum dixit, ex vno & vno & vno &c. Vnde dicit in iii. metaphy. In eis quae nu
500 2721 2240 2776 meri sunt: vt scilicet sunt denarius. x. hominum aut. x. equorum, proculdubio est scilicet ratio numeri, quod in eis
499 2769 2232 2842 sunt vnitates plus quam vna. quod intelligo sub eadem specie entis. Vnde iterum dicit in eodem, vt dictum
499 2826 2239 2890 est. Ea quae sunt multa numero non dicuntur vna alio modo: nisi propter convenientiam quam habent in in-
499 2876 2239 2936 tentione aliqua. Cum ergo vt dicit, certitudo multitudinis sit composita ex vnitatibus, non intelli-
486 2936 2236 3001 gimus compositione aggregationis qualis est in aceruo lapidum: sed vnionis in vna ratione simplici
490 2988 2239 3042 vt dictum est. Propter quod differentia genere etsi sint multa secundum id quod sunt in sua essentia, & se
492 3040 2245 3111 cundum hoc solum constituunt aliquem numerum substantialem, qui dicitur numerus formalis: vt di
486 3086 2234 3152 ctum est: de quo dicit Philosophus in x. meta. In omnibus est vnum aliquod & numerus aliquorum, non tamen ve-
496 3143 2234 3202 re & proprie loquendo de numero sunt numerus, vel constituunt numerum, aut multitudinem: etsi
499 3191 2219 3276 sint in se multa, vt iam dictum est. Vnde etsi etiam nomina numerorum de eis praedicentur: vt dicamus
