2634 3765
421 317 2157 411 nos nisi stabilis veritas: quia & per creaturam cum nos admonemur, ad veritatem stabilem ducimur.
444 394 2158 455 quae nisi maneret cum erramus: non esset quo rediremus. Vt autem cognoscimus, docet nos. secun
433 447 2149 510 dum quod etiam dicit gloss. super illud Matth. xxiiii. Vnum magistrum habetis. Asolo deo est mentis infor-
426 498 2145 572 matio dando intellectum: praeter hoc autem est exemplar aeternum quod est causa rei: & aliud exemplar rei
432 546 2144 619 abstractum & causatum a re,. ad quod aspiciendo potest homo quoquo modo cognoscere veritatem rei
423 606 2150 672 per conformitatem ad illud: sed forte non sine illustratione primi exemplaris: vt dictum est supra in
431 666 2150 729 eadem quaestione secunda. Vnde tale exemplar proponendo concessum est in quaestione praecedenti, quod ho-
424 715 2140 776 mo potest hominem docere, & non solum tali modo vt dictum est. Ad tale etiam exemplar aspici-
433 762 2145 831 endo potest homo per se scientiam inuestigare: vt supra dictum est: & ideo in tali modo discendi
433 819 2139 892 ad tale exemplar non est dicendum quod deus doceat in quolibet actu discendi: nisi sicut vniuersale
428 871 2138 939 causans, dans discenti vires cognoscitiuas per quas potest doceri, & apprehendere veritates: vel sicut
434 925 2140 997 vniuersale mouens: sine quo nullum particulare mouet: vel sicut lumen aliquod supernaturalis gra-
434 980 2142 1039 tiae infusum illuminans ad cognoscendum. Nisi dicamus vt dictum est supra: quod exemplar creatum
435 1033 2134 1095 non sufficit ad ostendendum aliquam veritatem, nisi ad illustrationem exemplaris increati: vt supra di-
429 1085 2144 1154 ctum est. Primo enim modo deus non docet nisi secundum quod agit omnes actiones rerum natura-
429 1132 2144 1209 lium in passibili: dando scilicet ei potentiam, & virtutem recipiendi impressionem agentis in ipsum.
426 1196 2145 1258 Sic enim docet dando alicui vim & potentiam, per quam potest addiscere, & recipere disciplinam: Si
437 1241 2132 1305 cut si dicatur calefacere dando calefactibili vim & potentiam, per quam est receptiuum caloris. Sed
433 1293 2141 1372 hoc est valde a remotis, & improprie attribuere deo aliquam actionem. De hoc tamen modo docem
432 1349 2134 1422 di dicit Chryili. super illud Matth. xxiii. Vos autem nolite vocari Rabi. Nolite (inquit) alios vocare Ra-
417 1400 2131 1468 bi: ne diuinum honorem hominibus deferatis. Vnus enim est magister omnium, qui omnes homines
434 1467 2138 1532 naturaliter docet. Si enim homo hominem erudiret: omnes homines discerent qui habent doctores.
433 1509 2138 1573 Nunc autem quia homo non docet: sed deus, multi quidem docentur, pauci vero discunt. Homo enim non in
425 1561 2128 1625 tellectum praestat homini docendo: sed a deo praestitum per admonitionem exercet. Doctrina enim cotis ha
427 1619 2141 1681 bet officium. Sicut enim cos non facit ferrum: sed acuit: sic sine causa insensatus docetur. Vnde in
430 1672 2127 1733 isto actu deus potius dicendus esset pater & auctor naturae, quam magister & doctor scientiae. In secundo
424 1721 2128 1797 vero modo deus non aliter docet, quam agit omnes actiones rerum naturalium coagendo agentibus particulari
433 1776 2132 1853 bus, dando & conseruando eis virtutem agendi in omnibus suis actionibus. De quo modo agen-
428 1829 2138 1890 di dicit Augustinus ix. super Gen. ad lit. Natura agit interiori motu nobis occultissimo: cui tamen si deus
427 1882 2141 1944 subtrahat opeationem intimam: qua eam substituit, & facit: continue tanquam extincta nulla creatura re-
427 1940 2135 1996 manebit. Sed iste modus docendi adhuc non est, proprius deo quem quaerimus. In tertio vero modo do
428 1994 2136 2062 cendi docet deus hominem ea quae sunt supernaturaliter cognoscenda vt ea quae sunt fidei vel reue
431 2045 2137 2110 lationis: de quibus infra dicetur. De eis igitur quae naturaliter sunt cognoscenda ab homine: & ex
433 2102 2138 2172 puris naturalibus ad exemplar creatum acceptum a rebus: vt est omnis cognitio qua scitur id quid verum
426 2156 2134 2224 est in re, simpliciter dicendum est, quod deus non docet in quolibet actu discendi: vt patet ex supra deter-
418 2209 2141 2264 minatis. Quomodo autem doceat in discendo synceram veritatem, vel simpiciter quancumque, sufficienter ha
415 2262 2140 2340 bitum est ex praedeterminatis. Quomodo autem doceat in eis quae sunt fidei & reuelationis: deter-
409 2306 797 2385 minabitur inferius.
417 2374 2138 2475 ⁋ Ad primum in oppositum: quod homo potest proprio motu acquirere scientiam:
425 2462 2126 2523 Dicendum quod verum est de rebus naturalibus, sciendo id quod verum est in re: quod tamen deus
431 2518 2128 2576 docet: dando naturale iudicatorium quo scienda discernit. Synceram autem veritatem, aut ali
423 2573 2135 2625 quam veritatem supernaturaliter cognoscendam: aut forte veritatem quancunque, non potest scire
413 2624 2132 2699 sine ipso proprio docente: vt dictum est: & infra dicetur. ⁋ Ad secundum quod deus non informat men
421 2676 2129 2749 tem specie: Dicendum quod verum est: nisi sicut agens vniuersale aliter docet per huiusmodi so-
416 2734 2126 2790 lam speciem conceptus mentis formando. Si tamen formari debet conceptus ad synceram veri-
424 2786 2132 2843 tatem percipiendam: vel aliquid supernaturale cognoscendum: vel forte ad aliam veritatem sime
427 2844 2150 2922 pliciter percipiendam: ibi proprie dicitur docere: vt dictum est. ⁋ Argumenta in oppositum non pro
421 2886 1206 2964 cedunt, nisi secundum praedictum modum.
723 2952 2131 3018 i Irca. viii. arguitur, quod non contingit hominem acquirere scientiam angelo docen
762 2997 2131 3061 te. Primo sic. praeter id quid diuinitus menti impressum est supernaturaliter: non
763 3051 2126 3111 acquiritur scientia ab homine nisi per lumen intellectuale: & speciem intelligi-
754 3104 2134 3175 bilem: & per alia non docetur. Sed nullum horum operatur angelus in ipsa vt
760 3160 2138 3225 patet. ergo &c. ⁋ Secundo sic. docens facit discentem, vt fiat sciens in actu: qua-
753 3209 2137 3294 llis ipse est. sed angelus sciens est simplici intuitu, sine discursu. ergo si doceret ho
