2320 3775
464 327 2224 414 tura est, possunt cogitare non esse: sic & idquid cogitant deum. Illi vero qui omnibus creaturis non so
464 409 2217 470 lum corporalibus verunetiam spiritualibus in esse constitutis per imaginationem deum praeferunt: & tamen tam
471 462 2213 527 quam creaturam nobilem cogitant, quam in rerum natura existere non conspiciunt: similiter bene cogita-
470 522 2223 586 re eum non esse possunt. secundum quod dicit Augustinus in originali super illud Psal. lii. Dixit insipiens in cor
470 571 2216 631 de suo non est deus. Perpauci (inquit) sunt: & difficile est vt incurramus in hominem qui dicat in
472 626 2219 692 corde suo non est deus: tamen sic pauci sunt, vt inter multos timendo hoc dicere, in corde suo di-
463 673 2222 747 cant: quia ore suo dicere non audent. Nec enim vt dicit super Psalmum. xiii. ipsi sacrilegi & detestan-
475 734 2206 795 di quidam Philosophi qui peruersa & falsa de deo sentiunt, ausi sunt dicere non est deus. ldeo ergo
474 784 2225 843 dixit in corde suo: quia nemo hoc audet dicere etiam si ausus fuerit cogitare. Implicite vero deum
476 839 2223 893 non esse cogitant quicumque aliquid deo indignum de ipso deo vel deo inesse cogitant. De quibus suba
474 891 2224 946 dit in dicto Psal. lii. Rarum hominum genus qui dicant in corde suo non est deus. At vero alio in-
478 944 2226 1006 tellectu discussum inuenitur esse in pluribus. Inspiciamus facta flagitiosorum, facinorosorum, scelera
475 997 2232 1062 torumque hominum: isti tales sunt vt dicant in corde suo non est deus. Tales conuinco: facta sua pla
472 1055 2219 1119 cere deo arbitrantur: non est autem deus nisi cui displicet iniquitas: tu ergo cum putas ei placere ii-
478 1112 2225 1175 quitatem: negas deum: cum dicis in corde tuo, faue deus iniquitatibus meis, nihil aliud dicis quam non
480 1162 2224 1228 est deus. Et quod hoc non dicant in corde suo nec isti nec praecedentes nisi intellectu erroneo phantasti
475 1210 2212 1279 co & obumbrato, probat Augustinus per sequentem versum eiusdem Psal. dicens. Corrupti sunt &
478 1268 2220 1329 abominabiles facti sunt iniquitatibus suis. Sed primo vide illos corruptos, vt possint dicere in cor
485 1321 2225 1392 de suo non est deus. Praemisso enim versu, Dixit imprudens in corde suo non est deus: & tanquam causae quae
480 1372 2224 1432 rerentur vnde hoc possit dicere imprudens, subiecit. Corrupti sunt & abominabiles facti sunt &c. vbi
470 1422 2225 1484 Psal. xiii. habet In affectionibus suis. vbi dicit Augustinus ipsae sunt affectiones quae corrumpunt ani
470 1477 1746 1544 mam: & sic excaecant vt possit imprudens dicere in corde suo, non est deus.
472 1536 2225 1608 ⁋ Ad primum in oppositum quod potest cogitari esse id quod nec est: nec fuit: nec erit
485 1593 2216 1655 &c. Dicendum secundum praedicta, quod est non ens aliquid quod est purum non esse: nec dicit rem aut
475 1655 2228 1726 essentiam. de quo dictum est supra quod de ipso non potest esse scientia. tale non ens non potest cogita
471 1714 2220 1776 ri esse nisi falsa assertione phantastica. & sic concessum est quod deus ab insipienti potest cogitari non
478 1762 2215 1821 esse. Aliud vero est non ens actu, ens tamen in potentia, quod dicit rem & essentiam quae est suscepti
476 1809 2216 1878 bilis esse actione agentis: & tale potest intelligi esse cum non sit: quia esse in actu se habet per additio
486 1871 2226 1933 nem ad ipsam essentiam. Deus tamen semper existens non potest intelligi non esse: quia esse suum nul
487 1918 2226 1979 lo modo se habet per additionem super essentiam: sed essentia est ipsum esse, vt dictum est. ⁋ Ad secun
478 1979 2222 2040 dum quomodo dixit insipiens in corde suo non est deus: & similiter ad Tertium de eodem, dictum
478 2031 2233 2093 est iam sufficienter. ⁋ Ad quartum quod minus notum esse magis potest cogitari non esse: Dicendum quod ve-
486 2087 2228 2154 rum est quantum est ex parte cogitantis: & ideo cognoscens deum per intellectum solum in esse con-
489 2128 2232 2208 fuso & in generali: sicut supra determinatum est: & cognoscens creaturam cognitione determinata
473 2189 2224 2242 & in particulari: magis potest quantum est ex parte sui deum non esse cogitare cogitatione phan-
477 2238 2228 2302 tastica, quam multas creaturas. Quantum autem est ex parte rei cogitatae cogitatione propria intellectua
475 2287 2210 2359 li, quae formatur secundum naturam cogitati: non est verum, vt dictum est. ⁋ Et quia non simpliciter conces
477 2344 2226 2413 sum est deum non posse cogitari non esse, argumentis etiam ad primam partem respondendum. Ad
483 2404 2218 2465 primum in oppositum: id quo nihil est maius non potest cogitari non esse: dicendum quod verum est
487 2460 2225 2528 quantum est ex parte rei: & cognitionis intellectus puri cum assensu. & sic intelligit Anselmus vt patet
489 2509 2226 2572 ex rationibus quibus hoc probat contra insipientem. Quantum tamen est ex parte vocis & cognitionis intel
486 2556 2228 2621 lectus confusi & phantastici aut sine assensu, nihil impedit quin deus & id quo nihil maius cogi-
496 2614 2223 2676 tari potest, possit cogitari non esse. Et hoc intelligit Anselmus cum dicit prosois. cap. iiii, Deus est quo ma
495 2666 2220 2747 ius cogitari non potest. Quod qui bene intelligit, vtique intelligit idipsum sic esse, vt nec cogitatione queat
483 2717 2229 2799 non esse. Qui ergo intelligit sic esse deum, nequit eum non esse cogitare. Vnde econtra qui non sic
487 2775 2214 2857 eum intelligit, nihil prohibet quin possit eum non esse cogitare. Eodem modo respondendum
491 2820 944 2891 est ad alia duo sequentia.
800 2873 2223 2961 Irca quartum arguitur quod deus sit mutabilis mutatione variationis ab vno esse
794 2931 2216 2998 in aliud esse. Primo sic. ab eo in quo omnes dispositiones sunt omnino eodem modo
807 2983 2220 3054 sicut fuerunt semper: & nunquam factum est aliquod alio modo se habens quam semper erat
801 3036 2228 3116 sit semper aliquid vel non fit sicut prius fiebat vel non fiebat: & nonaliter, vt vult
806 3089 2224 3173 Auicen. ix. metaphysicae, & sumitur ex dictis Philosophi i. ii. de gene. vbi dicit. ldem
797 3148 2213 3222 omnino manens idem in nullo immutatum semper natum est facere idem. & ex de
794 3192 2226 3282 terminatione eius in. viii. physi. Sed a deo non est dicere quod fit vel non sit aliquid
442 3234 2228 3353 in semper sicut prius, vt maxime patet in creatione animarum de nouo. ergo &c. ⁋ Secundo sic. varia
