2323 3776
491 331 2238 404 vt pceniteat eum. Homo mutatur & non permanet: non autem deus. Vbi autem legitur quod pceniteat eum, muta
489 393 2242 455 tio rerum significatur immutabili praescientia manente diuina. Vbi ergo non pcenitet dicitur, non mutare
498 439 2242 501 intelligitur. & in libro de diuinis proprietatibus. Pcenitere dicitur deus, non more hominium pro transactis operi
496 497 2242 563 bus suis: sed pcenitentia dei est statuta mutare. & hoc non quo ad interius consilium, sed quo ad exte
494 547 2247 623 rioris operis sententiam. secundum quod dicitur super illud lonae. iii. Adhuc. xl. dies. Deus mutat sententiam
489 606 774 685 non consilium.
825 619 2241 724 Irca quintum arguitur quod deus sit mutabilis secundum situm alternando suas opera-
813 709 2246 784 tiones circa diuersa, primo sic. Deus secundum operationes suas circa res dicitur
817 761 2237 831 accedere & recedere, ascendere & descendere &c. huiusmodi: quae non sunt nisi
814 816 2240 886 dispositiones eius quod mutatur. ergo &c. ⁋ Secundo sic. angeli dicuntur mutari &
813 874 2237 940 moueri secundum suas operationes, vt ab oriente in occidentem. Deus autem non mi
824 927 2237 986 nus variat suas operationes modo operando in oriente nouum effectum, modo
809 968 2235 1050 in occidente. ergo. &c. ⁋ Contra est: quia operatio dei non est nisi exterior eius effe
486 1035 1189 1097 ctus, qui nullam mutationem ponit in deo.
485 1058 2243 1158 ⁋ Dicendum ad hoc: quod cum deus sit spiritus incircunscriptus, neque aliquo modo limita-
496 1147 2233 1219 tus, vbique praesens est per suam substantiam & esse, esselin creaturis conseruans quod eis dedit inquantum in esse per
480 1204 2240 1270 sistunt. Nunc autem per operationem circa aliquid exterius nihil mutari dicitur nisi quia in essentia &
482 1258 2237 1325 operatione limitatum & circunscriptum est: vt ibi assitivbi tota virtute sua operatur, & non alibi: vt cum alibi
491 1310 2244 1373 operari oporteat, ibi prius non erat: sed per operationem praesentari necesse est, & praesentiam loci dimittere.
490 1363 2245 1422 vbi prius operando erat. secundum quod contingit de angelis. vt dicit Dam. Cum sunt in coelo non sunt
471 1422 2246 1487 in terra, & cum ad terram a deo mittuntur non remanent in coelo, quia intellectualiter assunt & operan
485 1471 2232 1531 tur vbicumque iussi fuerint, & non possunt secundum idem tempus hic & illic esse vel operari. Quia igitur deus
487 1526 2247 1578 necessario vbique praesens est, & vbique potest aliquid operari, nullo modo etiam per suam operationem muta
475 1576 2235 1645 bilis dici potest ad modum quo angelus sua operatione dicitur mutari. Licet enim aliquid de nouo ab ipso
487 1627 2231 1699 fiat: in quo etiam cum factum est habet esse deus de nouo cum prius in illo esse non haberet secundum illud,
481 1684 2245 1753 quia tamen illud non sit omnino extra essentiam dei: nam in ipso viuimus mouemur & sumus, sicut sunt
489 1738 2238 1793 extra essentiam angeli omnia illa in quibus per operationem suam habet esse angelus: ideo non dicitur deus esse
488 1792 2234 1864 vel operari de nouo in tali re per transmutationem aliquam, sicut dicitur de angelo. Vnde Augustinus in fine con
481 1847 2236 1908 tra Feli. loquens de filio dei dicit. lacebat quantum ad carnem mortuus in sepulcro, mortuos resusci
479 1900 2247 1957 tans in inferno, vitam tribuens vniuersis in coelo, non mundum dimittens ascendit in coelum, non coelum
475 1949 2237 2024 deserens venit, sed vno eodemque tempore totum totus impleuit, qui alicubi manifestatione operis agni
473 2009 1280 2075 tionem praesentiae suae indignis non negauit.
482 2056 2237 2130 ⁋ Ad primum in oppositum quod deus per operationes suas dicitur accedere recedere &
484 2119 2237 2183 caetera huiusmodi: dicendum quod omnia huiusmodi mutationem in deo ponere non possunt: quia non per sub-
477 2172 2232 2236 stantiam suam alicui abest, vel de nouo adest circa quod operatur: quod contingit in angelo, vt dictum est. &
477 2226 2234 2290 ideo non circa deum, sed solummodo circa creaturam mutationem notant. secundum quod dicit Augustinus in
481 2279 2225 2345 libro de diuinis proprietatibus. Descendere deus in mundo dicitur, quando aliquid nouum quod ante non fue-
477 2333 2237 2395 rat operatur. De cuius descensu in incarnatione dicit Psal. Inclinauit coelos & descendit. Transire dicitur cum
478 2394 2235 2449 a cordibus quorundam hominum in quibus ante per fidem habitare credebatur, postea surrepente per
480 2441 2227 2505 fidia ab his recedit, & ad alios vadit: quemadmodum de ludaeis ad gentes. ⁋ Ad secundum de angelis: di-
484 2497 2237 2571 cendum secundum iam dicta quod non est simile: quia angelus non est incircunscriptus vt vbique sit in omni
470 2555 1397 2630 re antequam in ea aliquid noui operetur, sicut est deus.
792 2647 2234 2718 lrca sextum arguitur quod necesse est ponere deum aliqua ratione mutabilem, pri-
767 2690 2233 2769 mo sic. Augustinus dicit. viii. super Gene. Spiritus creator mouet seipsum sine tem-
779 2758 2237 2839 pore & loco. ldem ad Oros, quaestione. xi. sed nihil mouetur nisi mutabile aliquo
775 2824 2235 2881 modo. ergo &c. ⁋ Secundo sic. Sapien. vii. dicitur de sapientia increata quod est mo-
773 2874 2230 2933 bilior omnibus mobilibus. sed omne mobile aliquo modo est mutabile. ergo &c.
776 2929 2227 3002 ⁋ In contrarium est Augustinus iiii. de Trinit. id est vbi dicit. Omnino dei essentia qua
770 2983 2230 3038 vest, nihil habet mutabile, tale autem omnino immutabile. ergo &c. ⁋ Ad quod etiam.
457 3022 2219 3099 sunt auctoritates sacrae scripturae. Mala. iii. Ego sum deus, & non mutor. lacobi. i. Apud quem non
457 3084 2232 3147 est transmutatio. Numeri. xxiii. Non est deus quasi homomo vt mentiatur, neque vt filius hominis vt
454 3136 2223 3195 mutetur. Est etiam ad hoc sententia philosophi qui probat. viii. physicorum quod in mouentibus ne-
450 3196 2216 3291 cesse est stare in vnum primum mouens immobile per se & per accidens. Vnde & dicit Augustinus viiii.
