2321 3768
94 324 1820 425 an etiam hoc modo transis omnia etiam aeterna: quia tua & illorum aeternitas, tota tibi praesens est: cum illa nondum
88 398 1527 478 habent de sua aeternitate quod venturum est: sicut iam non habent quod praeteritum est:
442 459 1796 529 Irca Secundum arguitur: quod aeternitas non potest dici mensura esse dei. Primo sic. Dis
438 515 1796 592 mensura importat finitationem. Vnde ad exprimendum infinitatem gratiae Christian, di
434 562 1800 642 lo id est quia data est ei gratia non ad mensuram. Sed esse dei est infinitum: & infini
461 628 1799 697 o nulla convenit finitatio. ergo nulla mensura. etsi ergo deus dicatur aeternus
448 677 1799 753 aeternitas tamen non potest dici eius mensura. ⁋ Secundo sic. continentia mensurae non ex
421 736 1799 797 cedit mensuratum: continentia aeternitatis excedit esse dei: quia continet tempora
81 782 1803 852 & omnia temporalia. secundum quod dicit Anselmus in Prosol. Sicut seculum continet omnia temporalia: sic tua aeterni
83 838 1803 917 tas continet secula temporum. ergo &c. ⁋ Tertio sic. Mensura debet esse vnigenea mensurato. secundum philosophum
77 891 1798 956 x. Met. Aeternitas non est vnigenea esse dei: quia esse dei est omnino simplex, in quo nulla cadit multiplici
82 947 1808 1008 tas neque diuisio. in aeternitate autem cadit multiplicitas & diuisio dierum & annorum, & huiusmodi, quae sunt
73 997 1806 1073 spatia durationis. Micheae. v. Egressus eius a diebus aeunitatis. In psal. Annos aeternos in mente habui.
76 1050 1802 1121 ⁋ Quarto sic. Mensura continet mensuratum. & sic mensuratum est in sua mensura, Deus non est in sua aeterni
83 1100 1798 1171 tate: quia Anselmus dicit ad deum in Prosol. Tu es tua aeternitas. ldem autem non est in seipso nisi per accns: vt
76 1158 1802 1220 dicitur in. iiii. Physicae. In deo autem nullum cadit per accns. ergo &c. ⁋ Quinto sic. Dem id cuius est mensura, aequaele est
85 1207 1802 1281 & comparabile suae mensurae. Ri. autem de trinitate. dicit. Immensum nulli mensurae aequaele vel comparabile inuenitur
85 1263 1804 1331 Sed deus est immensus. deus ergo nullam mensuram habet. Non est ergo aeternitas mensura dei. ⁋ Contra
73 1321 1801 1386 est, quoniam sicut se habent tempus ad temporale: aeuum ad aeuiternum: sic aeternitas ad aeternum. Sed tempus est men
88 1372 1406 1433 sura temporalis: aeuum aeuiterni, vt videbitur loquendo de creaturis. ergo &c.
88 1424 1797 1513 ⁋ Dicendum ad hoc: quod secundum philosophum. x. Meta. Mensura est id per quod cognoscitur
87 1494 1796 1566 quantitas rei: & debet esse vnigenea mensurato. Vnde & secundum diuersam rationem quantitatis mensurandae in
76 1544 1800 1617 rebus respondent eis diuersae mensurae: vt sicut quantitas mensurati cognoscitur per quantitatem mensurae
87 1596 1802 1672 sic qualitas & species mensurae cognosci debet per qualitatem & speciem mensurati. Propter quod dicit
72 1647 1803 1721 Philosophus. iiii. Physicae. Cum quaerimus quid est tempus, oportet abhinc incipere, quid est motus: Nunc autem ita est
85 1701 1796 1780 quod quantitas rei large sumendo nomen quantitatis: vel consistit in natura & veritate essentiae rei: vel
70 1752 1801 1831 in extensione rei & numero partium eius: vel in duratione sua essendi. Secundum primum modum quantitatis
76 1808 1802 1887 dicitur quantitas maior vel minor in re. secundum quod in essentia sua verius esse naturae & essentiae habet
85 1864 1800 1943 & secundum hunc modum invnoquoque genere & gradu entis: est vnum primum quod est mensura omnium aliorum
80 1913 1795 1985 vt in coloribus color albus, & in literis vocalis, & sic de aliis, vt determinat philosophus in x. Metap.
74 1969 1805 2051 Et secundum hunc modum deo non respondet aliqua mensura: immo ipse est primum & mensura omnimialiorum
85 2036 1802 2092 entium, vt dictum est supra. Secundum alium modum dicitur quantitas maior vel minor in re secundum maiorem vel
76 2078 1789 2154 minorem extensionem vel numerum partium rei. Et secundum hunc modum solum inuenitur mensura in habentibus
75 2134 1795 2195 quantitatem continuam vel discretam: quibus & proprie convenit mensurari. & sic quantitas est mensura
65 2179 1802 2252 habentium quantitatem continuam in continuis, & discretam tam in discretis quam in continuis, inquantum discretio partium
70 2243 1796 2309 cadit in continuis: secundum quod habitum est supra. Vnde & ex ratione mensurae in quantitate praecipue discreta
83 2291 1790 2367 deriuatur ratio mensurae in omnibus aliis, vt dicit Comm. super. x. Meta. Vnde quia in deo non cadit quantitas
77 2346 1797 2411 nisi virtutis, potentiae, bonitatis, & huiusmodi, talis mensura non cadit in ipso nisi secundum quantitatem vir
73 2405 1788 2470 tutis in potentia, sapientia, & bonitate, & huiusmodi. Et appellatur huiusmodi quantitas eius immensitas siue
72 2449 1787 2527 infinitas. de qua infra videbitur. Secundum tertium modum dicitur quantitas maior vel minor in re secundum du
65 2503 1793 2570 rationem maiorem vel minorem in essendo. & secundum hunc modum inuenitur ratio mensurae in omni ente: &
80 2563 1789 2621 est quantitas mensura omnis habentis esse: quia nihil est ens nisi iuxta propriam qualitatem naturae suae
62 2615 1790 2678 habeat, proprium modum essendi: cui respondet necessario proprius modus durationis in essendo. Vnde
71 2666 1782 2743 & secundum diuersitatem esse rei & modi essendi eius: diuersificatur talis mensura: & est triplex secundum di-
66 2716 1794 2787 uersitatem triplicis esse, & triplicis modi essendi in rebus. Est enim quiddam esse omnino immutabile, & substantia,
69 2775 1795 2844 & opeatione: sicut est diuinum esse, vt habitum est supra. Cuius duratio siue quantitas durationis in essen
64 2827 1792 2892 do, propter eius immutabilitatem est semper fixa stans & eodem modo perseuerans: nec incipiens, nec deficiens,
66 2883 1796 2952 nec secundum aliquod in ipso existens incipere ac deficere potens. & appellatur aeternitas. Est autem quoddam
58 2934 1797 2997 aliud esse: quod etsi forte in immutabilitate solidetur alterius munere & in substantia rei & in eius ope
70 2991 1789 3048 ratione: vt nec ipsum, nec aliquid in se vnquam deficiat aut varietur: sed semper fixum stet: & eodem modo perseue
63 3037 1785 3100 ret: incepit tamen esse, & deficere potest ab esse: vel ab aliquo quod in ipso est: & hoc ex debilitate, propriae
60 3104 1793 3168 naturae: cuiusmodi est esse substantiarum sepatarum: quaerum duratio siue quantitas durationis in essendo
72 3149 1787 3218 propter earum immutabilitatem in diuina contemplatione: in qua forte (secundum quod in ii. de trinitate. de beatis di
76 3205 1787 3252 cit Augustinus ) non habent volubiles cogitationes, fixa est: & stans, & eodem modo perseuerans: licet quandoque ince-
58 3250 1797 3342 pta & potens deficere. & appellatur aeuum. Tertium vero esse quod & incepit & deficiet & in substantia rei
