2304 3747
472 298 2213 378 sit: nec aliquod futurum est quasi non sit: Non ergo fuisti heri, aut eris cras: sed heri, & hodie, & cras es.
481 364 2209 427 Immo nec heri, nec hodie, nec cras es: sed simpliciter es extra omne tempus. Nam nihil aliud est heri, & ho
479 417 2219 479 die, & cras: quam in tempore. Per quod innuit aparte quod deus peraeternitatem suam habet quod est, fuit, & erit quo-
477 477 2225 540 dammodo: & quod alio modo non est, non fuit, non erit: & vnum ratione perfectionis quam important in duratione essen
470 526 2218 596 di: alia vero ratione imperfectionis quam important circa rem temporalem secundum quod sunt differentiae temporis. Vnde
480 581 2208 648 dicit in Monoli. xxii. c. Nec ideo quoniam fuit aut erit aut est, aeternitati eius euanuit aliquid a praesenti tem
475 629 2215 701 pore cum praeterito quod iam non est, aut transiit cum praesenti quod vix est: aut futurum est cum futuro quid nondum
469 700 2211 755 est. Quamuis enim de illa re & de temporalibus sit vna prolatio propter loquendi consuetudinem, diuersus
475 741 2210 810 tamen est intellectus propter rerum dissimilitudinem: nec in se recipit temporum distinctiones, vt nunc, vel tunc
475 801 2223 866 vel aliquando, nec secundum labile praesens tempus quo vtimur: quoniam aeternitas eius nihil aliud est: quam ipsa immu
471 853 2215 916 tabilis, & sine partibus. Et Augustinus de sent. Prosperi. Quamuis natura immutabilis non accipiat fuit, & erit,
475 900 2221 974 sed tantum est: ipse enim veraciter est: quia aliter quam est, esse non potest: tamen propter mutabilitatem temporum, in quibus
469 956 2219 1023 nostra versatur mortalitas, non mendaciter dicimus & fuit, & est, & erit. Fuit enim in praeteritis seculis.
477 1005 2231 1081 est in praesentibus, erit in futuris. Euit quippe, quia nunquam defuit: erit quia numquam deerit: est quia semper est.
486 1057 2228 1124 Neque enim velut qui iam non sit: cum praeterit, occidit: aut cum praesentibus tamquam non manens labitur: aut cum fu-
473 1112 2228 1190 turis tamquam non fuerit orietur. Proinde cum secundum volumina temporum locutio varietur, quid pro nullo deesse po
480 1167 1972 1231 tuit, aut potest, aut poterit tempore, vere dicuntur de illo cuiuslibet temporis verba.
478 1233 2230 1301 ⁋ Per haec patent obiecta. Cum enim dicitur in primo: quod est, fuit, & erit, ponunt in dura
484 1284 2232 1357 tione essendi dissimilitudinem: Dicendum quod verum est in tpore, vbi re differunt: & hoc propter successio-
481 1347 2234 1404 nem & mutabilitatem in mensurato: non autem in aeternitate, vbi differunt sola ratione in eodem fixo &
493 1394 2229 1458 pmanenti vt dictum est. Vnde dicit Anselmus in Prosol. c. xx. Transis omnia etiam aeterna: quia tua & illorum aeterni
478 1455 2219 1517 tas, tota tibi praesens est: cum illa nondum habent de sua aeternitate quod venturum est: sicut iam non habent prae-
477 1503 2221 1571 teritum. Tua aeternitas continet secula temporum: quae seculum quidem est propter indiuisibilem vnitatem: se
487 1549 2216 1613 cula propter interminabilem immensitatem. Vnde & dicit in Mon. xxviii. Propter incommutabilem aeternita
484 1608 2226 1667 tem suam nullo modo secundum aliquem motum potest dici quia fuit vel erit: sed simpliciter est: nec mutabiliter est
481 1657 2236 1726 aliquod quod aliquando non fuit aut non erit. Vnde patet quod non distinguitur aeternitas dei secundum praesens, praeteritum-
488 1715 2238 1776 & futurum propter aliquam horum diuersitatem in ipsa, sed propter respectum ad diuersa tpora secundum illa
484 1769 2219 1830 distincta: quibus praesens est simplex aeternitas tota. secundum quod dicit Augustinus super Ion Cum de sempiterna re
491 1822 2231 1887 proprie dicatur est. secundum nos proprie dicitur fuit, & erit. Euit: quia numquam defuit, vel deest, vel deerit. Et secundum
483 1872 2233 1934 hunc modum vnum nunc aeternitatis: omnia complectitur tpora. secundum quod dicit hoe. in fi. de conso. Est autem deo
482 1930 2228 1986 semper aeternus & praesentaneus status: in sua manet simplicitate praesentiae, infinitaque praeteriti & futuri
486 1980 2234 2041 spatia complectens, quasi iam gerantur. Quom autem se habent adinuicem nunc aeternitatis, aeui, & tporis secundum con
489 2037 2220 2104 uenientiam & differentiam, exponi debet loquendo de aeuo & tpere cum creaturis. ⁋ Ad secundum patet per di-
490 2091 2234 2158 cta. Bene enim verum est quod aeternitas non potest distingui per praesens, praeteritum, & futurum, tamquam per differentia
494 2141 2233 2202 re: quia sic non habet ea in se. potest tamen distingui secundum ea differentia rationis: quia rationes illorum in se habet
493 2196 2224 2259 & continet, sicut dictum est. ⁋ Ad primum in oppositum de Apo. Dicendum quod loquitur de esse, fuisse, & fore,
492 2247 2227 2316 secundum expositum modum. ⁋ Similiter ad dictum Anselmus quoniam loquitur de esse in tpore: non sicut mensuratur in mensu
496 2299 2227 2367 rato: sicut praetendit obiectio: quia sua stante aeternitate est in omni esse & ente quod est, inquantum in esse continet
486 2357 2238 2429 ipsum. & quid sic est in tpore, non oportet quod eius duratio sequatur differentias tporis. secundum quod omnia haec expresse
504 2410 2237 2467 dicit Anselmus prosol. xxii. In nullo (inquit) tpere proprie dicitur esse: quia omnino a nullo alio continetur: & tamen
496 2463 2229 2519 in omni tempore quodammodo dici potest esse: quoniam quicquod aliud est ne in nihilum cadat ab ea praesente
493 2517 2234 2593 sustinetur. Suma ergo substantia nulla temporum lege ad partium multiplicitatem cogatur: aut praesens
489 2571 1329 2640 esse tota pluribus temporibus prohibeatur.
831 2621 2224 2707 Irca Quartum arguitur: quod futurum maxime deo conuenit: & quod propriissime dicatur
833 2695 2225 2752 de eo erit, quoniam illud propriissime deo convenit, quod summe remotum est a ratione de
838 2748 2230 2801 fectus. Ipse enim est summe indeficiens. tale est futurum: quia inquantum futurum, ad so
828 2800 2233 2878 lum esse ordinatur. ergo &c. ⁋ Quia praeteritum maxime deo convenit: vt propriissime
837 2858 2238 2918 dicatur de eoifuit, arguitur per hoc quod dicitur Io i. In principio erat verbum. Vbi per il-
822 2901 2234 2968 lud verbum erat: exprimitur aeternitas filii cum patre. ⁋ Quia autem praesens maxime
490 2968 2234 3052 deo convenit: vt propriissime dicatur de eo est: arguitur per Anselmus qui dicit in prosol xxii. Tu es quid proprie
504 3018 1763 3096 &: simpliciter es: quia non habes fuisse aut futurum: sed tantum praesens esse.
513 3051 2224 3146 ⁋ Dicendum ad hoc secundum praedicta in quaestione praecedenti: quod cum esse, fuisse, vel fore pro
501 3131 2234 3216 prie non dicuntur de deo secundum rationem qua distiguunt tempora propter defectum & imperfectionem eis an
494 3191 2221 3282 nexam: sed solum ratione qua aliquod dignitatis important: Etsi igitur quo ad hoc esse, fuisse, & fore
