2450 3769
489 311 2221 401 biles per quas intelligat: & sic per illas angelus hominem doceat: quod est omnino impossibile: quia ta-
505 385 2214 447 lis species imaginabilis non est nata fieri: nisi ab obiecto sensibili, & in organo corporali. Et cum hoc
505 440 2225 495 si ab alio nata esset fieri per se subsistens: non tamen ab ea intellectus abstraheret species intelligibi-
502 494 2222 566 les: quia non est natus abstrahere eas nisi a speciebus existentibus in phantasmate: quae se habent ad
504 546 2234 606 intellectum, sicut colores ad visum: vt vult Philosophus in. iii. de Anima. ⁋ Secundus modus po-
502 604 2228 665 nendi angelum operari circa nostrum phantasticum in docendo hominem est: quod angelus imprimit
506 663 2228 727 nouas species imaginabiles immediate in phantasia: quales natus est imprimere sensus: vt ab illis in
503 714 2229 778 tellectus species intelligibiles abstrahat: & per hunc modum angelus hominem doceat: sicut dictum est
507 765 2231 830 prius, quod est impossibile propter causam iam dictam: quia tales species non sunt natae generari: nisi ab obiecto sen
502 827 2218 889 sibili: & mediante sensu particulari. Angelus autem nihil de nouo operatur circa res naturales nisi me
504 871 2215 929 diantibus causis naturalibus: vt dictum est supra. ldeo sequitur tertius modus ponendi angelum
502 927 2234 989 docere hominem operando circa organum phantasiae: non aliquid ei imprimendo, sed impressa ipsi
502 989 2228 1051 a sensu disponendo: vt regulariter & ordinate ab ipsis species intelligibiles abstrahantur. Sed hoc po
503 1032 2225 1093 nitur facere dupliciter. Vno modo amouendo prohibens, motum scilicet inordinatum imaginum in phan-
500 1087 2224 1154 tasmate sedando. Quibus inordinate motis non potest mens per ipsas aliquid determinate intelligere. Eit
504 1141 2229 1204 enim illa sedatio reprimendo id quod motum imaginum in phantasmate facit inordinatum: siue hoc sit
508 1205 2232 1262 naturae malitia, vel morbus, vel disturbatio aliqua humorum, vel praua consuetudo, vel daemo-
503 1257 2221 1317 nis actio, vt sedata perturbatione possint imagines ordinate mouere intellectum: & sic sedendo
505 1302 2218 1358 & quiescendo fiat anima prudens. vt dicitur in vii. Physico. Sed iste modus docendi & agendi est
518 1351 2225 1425 omnino per accidens: quia agens solum remouens prohibens est agens per accidens. ldeo est secundus mo-
515 1407 2223 1469 dus quo ponitur illud agere per se: & non videtur alius modus possibilis angelo: vt doceat homi
502 1471 2218 1535 nem secundum statum communem acquirendi scientiam ab homine in hac vita, quem ad praesens
515 1518 2226 1589 quaerimus: & est quod angelus dicatur docere hominem agendo circa imagines in phantasmate a sen
499 1571 2220 1633 su receptas: vt ordinate praesententur, & proponantur intellectui: cum intentus est ad intelligen-
502 1623 2221 1679 dum: & hoc ex ordine quo natae sunt mouere intellectum ad ordinate recipiendum species intelli-
506 1679 2228 1751 gibiles per quas formentur ordinati conceptus in intellectu secundum ordinatum discursum a pri
502 1734 2228 1788 mis scibilibus ad scibilia posteriora: sicut supra expositum fuit in modo docendi quo homo docet ho
499 1790 2221 1852 minem. & hoc possunt facere angeli tam boni quam mali naturali potentia quam habent ad transmutam
510 1833 2224 1909 dum naturalia localiter & corporaliter. Possunt ergo angeli docere homines per motum spirituum
505 1893 2224 1949 & humorum in hominis phantastico, ordinando imagines existentes in ipso, tali ordine quo intellectus
501 1943 2223 2015 intelligere possit per species intelligibiles abstractas ab eis: quae nunquam vel qualia numquam intellexit: secun
498 1998 2220 2060 dum quod de tali ordine facto imaginibus a natura aliquando videntur in somnis: qualia nunquam fue-
501 2057 2227 2111 runt visa in vigilia: vt dicit Philosophus in de som. & vig. Vnde de tali potentia angelorum dicit
503 2111 2220 2175 Aug. li. lxxx. iii. qu. Daemon serpit per omnes aditus sensuales: dat se figuris: accommodat coloribus: ad
501 2156 2227 2219 haeret sonis: odoribus se subiicit: infundit saporibus: & ostendit homini formas notas & igno-
511 2210 2222 2274 tas: ex quibus facit conceptus complexos & incomplexos: quales nunquam prius conceperat. Intelligen
502 2267 2221 2327 dum tamen quod nullam formam per hoc potest repraesentare: cuius imaginem aut speciem extra sen
495 2312 2221 2381 sum non perceperat: vel in toto, vel in parte: secundum quod dormientes somniant montes aureos: quod non
499 2370 2223 2443 possent facere si nunquam seorsum vidissent montem, seorsum aurum. Hoc ergo modo angelus quid scit per spe
514 2420 2220 2490 cies sibi innatas, proponit homini in signum imaginum ordinate interius: Sicut homo docens ho-
501 2480 2219 2553 minem scientiam suam proponit ei ordinata sensibilia extra: per quae ordinabantur imagines intra.
499 2530 2225 2596 Et secundum hoc non differunt modus docendi hominis & angeli: nisi quod homo proponit extra illa per
501 2587 2225 2649 quaeimagines ordinantur intra. Angelus vero interius motu suo facit: vt illa ordinatio fiat. Est au
496 2643 2228 2710 tem hic aduertendum: quod cum homo docet accidentaliter per accidens: quia per signa artificialia
505 2694 2218 2757 significatiua ab impositione vt dictum est supra, angelus docet per accidens: quia non nisi imagines pro
505 2746 2220 2822 ponendo: sed non accidentaliter per accidens: quia illae imagines sunt signa naturalia per se intelle
500 2799 1390 2881 ctum ad formandum conceptus de rebus ducentia.
1124 2864 1571 2967 Ad primum principale.
504 2919 2215 3021 ⁋ Quia ergo arguitur primo: Angelus non potest hominem docere: quia nec lu-
505 3017 2223 3089 men nec speciem imprimit: Dicendum est quod hoc facere est docere per se: & licet sic non
514 3066 2187 3142 doceat, docet tamen quodammodo per accidens, phantasmata ordinando: vt dictum est.
508 3118 2219 3192 ⁋ Similiter patet ad secundum arg. principale. si enim immediate angelus a sua scientia sci-
492 3176 2229 3259 entiam causaret in homine, aut produceret, talem modum sciendi causaret qualem ipse habet. Si
