2303 3777
95 356 1835 421 verum, bonum, sapientem, & huiusmodi, stat in absoluto. ergo &c. ⁋ Quia non significant negatiue:
88 419 1828 482 arguitur sic. quia tunc verius praedicarentur de creaturis: cum in eis aliquid positiue dicunt: quam de deo.
88 476 1817 540 ⁋ ltem cum negatio pura nihil dignitatis ponat: nihil igitur dignitatis notaretur circa deum: cum
87 524 1817 592 diceretur bonus, sapiens, & huiusmodi. Consequens est falsum: quoniam hoc est contra intentionem
85 579 1825 638 omnium enunciantium talia de deo. ergo &c. ⁋ ltem si deus diceretur sapiens: quia non est ignorans:
86 628 1022 697 tunc similiter dici posset asinus: quia non est lupus.
74 694 1825 800 ⁋ Quaestionem istam de significato attributorum diuinorum sub nominibus im
84 794 1809 864 positis creaturis a quibus assumuntur & transferuntur ad deum, possumus intelligere generaliter-
83 848 1816 904 & de illis attributis quae attribuuntur deo per quandam similitudinem: & de illis quae attribuun
88 903 1812 959 tur eidem per proprietatem. Si ergo loquamur de attributis per similitudinem: Dicendum quod planum est il-
75 947 1811 1012 la significare positiue rem aliquam in creaturis: sed non significant illam inesse deo: sed solum significant ei
88 1005 1819 1070 dem inesse similitudinem eius: vel quae pertinet ad diuinam perfectionem continentem omnium re
80 1064 1811 1118 rum perfectiones in se: vel quae pertinet ad aliquam eius proprietatem: vt patet ex praecedentibus.
75 1111 1817 1173 Pondus ergo huius quaestionis totaliter vertitur circa ea quae attribuuntur deo per proprietatem:
81 1172 1821 1224 & est dicendum quod significatum nominis est quadruplex. Aut enim nomen significat positiue & ab
83 1220 1810 1277 solute: aut positiue & in respectu: aut negatiue & absolute: aut negatiue & in respectu. Et secundum
79 1275 1817 1339 hoc quaestio ista de significato attributorum. iiii. habet membra: & quodlibet eorum secundum varia attributa
83 1329 1823 1389 habet multiplicari in tria: & sic habet membra. xii. an scilicet omnia attributa significant positiue & absolute:
69 1388 1811 1446 an nullum: an aliquod sic & aliquod non: & sic de aliis tribus membris principalibus. Vnde per-
79 1439 1821 1501 plexa est quaestio: & procedendum est in ea distinguendo: & in membris distinctionis diuersa dicta
78 1489 1812 1547 doctorum circa eam exponendo. ⁋ Ad propositam igitur quaestionem credimus dicendum distin-
76 1556 1816 1614 guendo quod in significato nominis aspiciendum est ad duo: & ad rem ipsam ad quam significandam
79 1598 1810 1666 imponitur: & ad rationem impositionis ipsius, haec enim differunt inter se. Si enim inspiciamus
75 1663 1819 1723 ad rem significatam, omnino idem significant lapis & petra: Si vero inspiciamus ad rationem impo-
77 1706 1810 1766 sitionis nominis, lapis imponitur a proprietate agendi. dicitur enim lapis quasi laedens pedem: petra ve
76 1759 1813 1824 ro a proprietate patiendi: quasi pede trita. Si igitur in significatis nominum deo attributorum
82 1814 1819 1872 aspiciamus ad rem per nomina significatam, subdistinguendum: quoniam aut aspicimus ad rem
81 1866 1815 1934 quam significatam per nomen distincte & in particulari intelligimus: aut aspicimus ad rem quam si-
81 1933 1821 1990 gnificari per nomen distincte & in particulari intendimus. Primo modo nullum nomen omnino
81 1973 1821 2040 significat positiue aliquid eius quod est in deo. Si enim per nomen aliquod positiue de deo significa
88 2028 1821 2096 ri intelligamus, hoc est valde in generali: & incomplete: & hoc quantum ex creaturis elici potest:
76 2080 1822 2146 secundum supra determinata. Vnde Dionysius de diuinis nominibus. cap. ii. Omnia diuina quaecum
79 2133 1810 2204 quod nobis manifestantur, in participibus solis cognoscuntur: haec autem qualia sunt secundum prin-
90 2187 1810 2252 cipium & fundamentum, super intellectum sunt & omnem scientiam. & post modicum subdit. lps
82 2249 1820 2306 sum vero iuxta omnium intellectualium operationum absolutionem desideramus: nullam osten
76 2301 1803 2368 dentes deificationem, aut vitam, aut essentiam: quae diligenter similis est omnium remote: iuxta
87 2345 1822 2421 omnium rerum super eminentiam causae. & infra statim. Quomodo autem haec sunt, neque dicere, neque intel
90 2400 1804 2467 ligere possibile est: sed vsque ad haec est omnis nostrae intellectualis actionis virtus. Vnde & dicit in epi-
91 2454 1814 2520 stola ad Caium. Siquis videns deum intellexit quod vidit: non ipsum contemplatus est: sed quid
85 2508 1821 2572 eorum ab ipso existentium & cognitorum: ipse autem super animum & essentiam supercolloca-
87 2560 1810 2630 tus, vniuersaliter non cognoscendo neque videndo cognoscitur: & ipsius secundum quod melius perfectissi
91 2619 1822 2685 ma ignorantia: scientia eius est super omnia cognita. Vnde dicit & Rabi Moyses. iii. lib. cap. xxxiii.
83 2675 1808 2741 Non est via ad demonstrandum ipsum nisi per creata sua: aliquo tamen modo generali & confu-
92 2721 1817 2783 so pes rationis fixus in creaturis vltra creaturas quasi collum erigens se eleuans conspicit ipsum
93 2774 1810 2839 sub ratione generalium attributorum, quae sunt verum, bonum, & huiusmodi: vt supra determi-
81 2828 1813 2891 natum est. Vnde quia id quod per huiusmodi nomina deo attributa distincte & in particulari intel
91 2881 1811 2945 ligimus, non est nisi quod in creaturis conspicimus: hoc ergo modo attributa in deo nihil positiue & ab-
80 2933 1820 2998 solute significant: nisi valde confuse & imperfecte: immo omnia (vt dicit Rabi Moyses) imposita
85 2991 1823 3058 sunt ad negandum aliquid ab eo: aut ad indicandum aliquem respectum in eo. Quia autem in par-
91 3045 1812 3111 ticulari attributa nihil significant in deo positiue & absolute, quod significari per nomen distin-
86 3096 1820 3174 cte & in particulari intelligimus: sed solum aliquid in creaturis: dicit Rabi Moyses libro primo
84 3165 1818 3239 cap. lii. loquens de attributis. Intentio (inquit) omnium istorum est ad significandum perfectio-
