2329 3783
90 375 1840 461 intendit: non vt aliquid inhaerens & superueniens substantiae eius: sed quod est re ipsa substantia
102 451 1830 505 est: vt infra melius patebit. Et hoc est illud etiam ad cuius intellectum aliqualem nititur ascendere
108 501 1821 564 quod necesse est fieri primo per abnegationem omnium eorum quae inueniuntur in creaturis: & de
107 564 1829 626 inde per eminentiam ad illud quod est perfectionis in creatore: secundum quod supra determinatum est
100 605 1832 672 secundum doctrinam beati Diony. Et secundum hoc quanto quis plura scit primo a deo remouem
98 661 1826 737 re: & secundo per eminentiam ipsi attribuere: tanto cognitioni diuinorum magis appropinquat.
94 717 1824 787 iuxta hoc quod dicit Rabi Moyses ca. Iviii. Si non extat via ad apprehendendum veritatem subl stantiae
94 767 1822 834 creatoris: nisi quoniam nominationes attributiuae remouentur ab ipso: quod ergo apprehendit Moy-
85 821 1826 887 ses magister noster & Salomon, idem apprehendit vnus ex discipulis: nec erit superadditio. Notum au
92 880 1813 941 tem est quod magna praeeminentia est vnius hominis ad alium in hac re. Et scientias quod ita est. quicquid
98 929 1820 991 enim addideris agnitionibus negatiuis: erit magis determinatum: & appropinquabit apprehensio
96 983 1829 1060 ni illius: & eris propinquior, quam ille qui ignorat remouere agnitiones quae debent ab eo remoueri. lgi
92 1040 1820 1099 tur tanto perfectior eris: quanto de pluribus probare poteris quod abnegari debent a creatore. Quic
96 1094 1814 1163 quid autem attribuitur ei quasi superadditum, elongabit te a scientia veritatis eius. Ergo necesse
94 1146 1820 1207 est vt comprehendatur inquisitione per abnegationem: donec sciatur remotio eorum quae ab eo sunt
86 1203 1829 1264 remouenda: non quod attribuatur ei aliquid quasi additum super substantiam eius: velut id quod at-
97 1254 1822 1317 tribuitur sit persectio in ipso: sed quia inuenitur persectio in nobis, quicquid enim ei attribueris: no-
88 1304 1820 1374 bis est perfectio: & nihil aliud est in eo: sed sua substantia est sua perfectio. Et quoniam quilibet sen
93 1362 1816 1423 tit quod non apprehendimus de creatore quid est nisi per abnegationem: abnegatio autem non facit
91 1412 1830 1474 scire aliquid de veritate rei a qua sit abnegatio: idcirco conuenerunt sapientes: quod scientiae non com
98 1471 1824 1536 prehenderunt creatorem: & ideo non apprehendit quid est nisi ipse: & apprehensio nostra respectu il
97 1523 1829 1592 lius est defectus. Quicquid enim laudis vel exaltationis dicimus de eo, inuenimus quod per illud dimi-
94 1580 1833 1639 nuimus id quod pertinet ad ipsum: & videmus quod defectus est: & tacere melius est: & non expedit vt
89 1626 1828 1700 istud diuulgetur genti. Haec omnia vera sunt: sed exponenda iuxta praedeterminata: & concordant di
94 1685 1820 1755 ctis Augustinus & secundum hoc nullum est nomen attributi quo intelligimus significari aliquid perfe-
84 1739 1827 1791 ctionis in deo, nisi in generali: licet id significare intendimus. In speciali autem nihil intelligimus
81 1789 1835 1850 significari nominibus impositis ab homine: nisi quod in creaturis videmus: ita quod nomen proprium di
81 1843 1822 1905 uinae essentiae & naturae quod respondet veritati & perfectioni rei, homo imponere non potest: quia qui
93 1900 1825 1957 non definit & discernit rem non potest ei nomen imponere: quoniam non est notum ei: vt dicit Phi
90 1949 1813 2016 losophus in. vii. Metaphic. vbi dicit Comment. Qui nescit rem non ponet ei nomen. nullus enim ponit
88 2007 1820 2068 nomen rei quam nescit. vnde solus deus potest tale nomen sibi imponere quod congruit perfectioni naturae
81 2061 1824 2124 suae. Sed tamen etsi vocem nominis huiusmodi haberemus, per ipsam in persectum intellectum rei peruenire non
99 2115 1809 2182 possemus. Vnde de huiusmodi nomine dei ineffabili dicit Rabi Moyses cap. lx. Omnia nomina creatoris
99 2171 1822 2228 quae inueniuntur in libris, sunt ab operibus sumpta praeter vnum nomen appropriatum: & idcir-
88 2226 1816 2290 co vocatur nomen separatum: quia significat substantiam creatoris significatione pura in qua non
85 2278 1821 2330 est participatio. Alia vero nomina significant cum participatione: quia sumpta sunt ab operibus
90 2323 1820 2392 Et hoc nomen Adonai est agnitio alterius nominis quod est magis abstractum quam alia nomina quae sci
96 2388 1822 2440 untur de deo. Omnia vero alia nomina sicut iudex, iustus, gratiosus, pius, heloin, manifestum est
98 2436 1810 2499 generaliter quod decisa sunt ab operibus. Nomen autem appropriatum est quid scribitur & non legitur ni
89 2482 1814 2558 si in sanctuario a sacerdotibus sanctis domini tantummodo in benedictione sacerdotali, & a maiori sa
84 2546 1821 2614 cerdote in die ieiunii. Et fortasse significat sanctum idioma, de quo habemus parum apud nos, sub-
90 2598 1820 2665 stantiam creatoris: in qua significatione non participat cum aliquo suorum creatorum: sed alia no-
98 2651 1817 2714 mina significant agnitiones quae faciunt ascendere in cor quod sunt agnitiones adiunctae creatori: hoc
93 2704 1820 2768 est virtutes perfectionis quae sunt inuentae in eo. Nullum autem nomen apud nos est quod non sit sum
96 2762 1818 2826 ptum ab ope, nisi nomen Tetragrammaton, quod est quatuor literarum, loth, He, Vau. Bethicoe. ex quarum con-
93 2816 1814 2875 iunctione nihil colligitur significatiuum: sed ex doctrina. De quo nomine subditur continuo in
94 2865 1808 2926 cap. lxi. Mandatum accepimus quod benedictio sacerdotalis fieret cum hoc nomine quod est separatum:
88 2921 1807 2982 nec sciebat homo quomodo loqueretur in eo: vel qualiter deberet proferri quaelibet literarum ip-
94 2973 1813 3038 sius: sapientes autem recipiebant vnus ab alio modum doctrinae: & quomodo loquerentur in eo:
97 3029 1811 3092 nec docebant illud aliquem nisi discipulum idoneum: & hoc semel in septem annis: & non am-
102 3081 1823 3146 plius. Et quamuis secundum iam determinatum modum non est nomen neque attributi: neque aliud
101 3136 1822 3196 quo possumus deum perfectum nominare: vt eum persecte intelligamus: tamen vt dicit Au
90 3193 1814 3258 gustinus vbi supra de doctrina christiana, cum de illo nihil dignum dici potest, admisit humanae
94 3245 1813 3319 vocis obsequium: & verbis nostris in laude sua gaudere nos voluit. Nam inde est quod dicitur deus.
