2306 3792
475 347 2185 447 mentis, ait de substantia, qualitate, & quantitate. Haec cum quis in diuinam vertit praedicationem, con-
472 444 2191 500 cta mutantur quae praedicari possunt. & pro aliis. vii. subiuxit. Ad aliquid vero omnino non potest prae-
465 486 2189 551 dicari. Intellige, quom praedicta trinia scilicet aliquam propriam naturam rei accidentalis indicando subiecto in-
465 532 2204 604 esse. & ideo in deo manet sua ratio simpliciter: cum alia re, & ratione quam important in creaturis mutantur cum in di
469 591 2194 660 uinam praedicationem vertuntur: vt iam satis dictum est. Per hoc autem quod addit, Quae praedicari possunt:
461 645 2200 713 intelligit quod illa tria praedicamenta, substantia, quantitas, qualitas, in creaturis aliquam rem de subiecto
466 696 2211 772 diuersam ab ipso & ponentem compositionem in ipso praedicant, sed mutantur cum in diuinam praedica-
461 765 2208 822 tionem assumuntur: quia quicquid de creatura dicitur vt afficiens eam, si de deo dicatur intelligitur non esse
466 803 2203 874 in eo vt afficiens ipsum: sed esse quod ipse est. secundum quod dicit Hila. viii. de Tri, Deus non est humano modo
468 863 2209 928 ex compositis, vt in eo aliud sit quod ab eo habetur, & aliud sit ipse qui habeat. Vnde differentiam
468 919 2194 985 huiusmodi praedicamentorum de deo & creaturis, exponit Boet. cum dicit libro i. de triniitate. Haec praedi-
465 982 2206 1036 camenta talia sunt: vt in quo sint ipsum esse faciant quod dicitur, diuise quidem in caeteris, in deo ve-
465 1020 2206 1093 ro coniuncte atque copulate hoc modo. Nam cum dicimus, substantia est homo aut deus, ita dicitur,
480 1074 2212 1154 quod illud de quo praedicatur ipsum, sit substantia: vt homo vel deus. Sed distat, quoniam homo non
471 1145 2204 1200 integre homo est, ac per hoc nec substantia. Quia enim est, aliis debet quae non sunt homo.s deus autem
475 1181 2197 1249 hoc ipsum deus est. Nihil enim aliud est nisi quod est: ac per hoc ipsum deus hoc est., homo non est ita
466 1239 2202 1309 homo, quod non sit verum dicere esse aliquid aliud quod non est esse hominem: sicut deus ita est deus: quod non
468 1306 2205 1364 sit verum dicere ipsum esse aliquid quod non sit deus. Immo homo est multa quae non sunt ipsum esse ho
464 1358 2203 1412 minem, vt esse substantiam: sicut ipsum esse deum, est ipsum esse substantiam. Deinde subdit de qualita
474 1399 2214 1469 te & quantitate dicens in capit. x. Rursus iustus quod est qualitas ita dicitur quod ipse hoc sit de quo
469 1451 2210 1527 praedicatur. id est si dicamus homo iustus, vel deus iustus, ipsum deum vel hominem iustum esse pro
482 1506 2219 1577 ponimus. Sed differt, quoniam homo est alter: alter est iustus, deus vero ipsum idem est, quod est iustum.
474 1560 2209 1625 Magnus etiam deus vel homo dicitur ita quasi ipse sit homo magnus vel deus: sed homo tantum magnus,
468 1622 2205 1687 Deus vero id ipsum magnus existit. Quod idem est cum eo quod dicit. v. de trinitate. In rebus quae participatione
476 1668 2215 1737 magnitudinis magnae sunt &c. vt supra statim. Quom autem ad aliquid pro reliquis. vii. secundum quod ipse
472 1722 2215 1785 subdit: neque de deo neque de creaturis praedicari possunt: patet econtrario praedictis tribus,. quia. scilicet de
466 1780 2209 1852 formali significato suo non praedicant rem aliquam qua subiectum afficitur: sed solum circunstantiam respe
475 1829 2218 1902 ctus ad aliud extra: secundum quod ipse continue prosequitur inducendo per singula, maxime in capit. xii. vbi
480 1889 2221 1959 dicit. Haec omnis praedicatio exterioribus datur, quod omnia haec quodam modo reseruntur ad aliud.
474 1939 2213 2007 Cuius praedicationis differentiam sic facilius internoscimus: quod homo vel deus dicitur, refertur ad sub
469 1992 2219 2061 stantiam qua est aliquid: quod iustus, refertur ad qualitatem qua est aliquid: quod magnus, refertur ad quan
470 2048 2215 2119 titatem qua est aliquid. In caeteris praedicationibus nihil tale est: qui enim dicit aliquem esse in foro vel vbi-
477 2114 2218 2174 quod, refertur quidem ad praedicamentum quod est vbi, sed non quo aliquid est: velut iustitia iustus, magni-
482 2155 2214 2220 tudine magnus. Et sic proculdubio respectus nihil addit illi rei supra quam immediate fundatur: led so-
466 2208 2209 2279 lum dicit subiectum suum ad aliud esse: quantum est de formali suo significato: quod non est nisi esse ad aliud.
470 2261 2213 2322 Hoc enim esse non plus addit de se super id cuius est: quam esse in se, vel esse in alio super illa quorum
480 2317 2219 2389 sunt. Sed si quid accidentalitatis quo ad esse in subiecto importatur per alia. vii. praedicamenta, hoc est
468 2375 2218 2441 propter id super quod in ipsis fundatur ratio respectus ad aliud. Cum ergo huiusmodi praedicamenta in diuinam
469 2433 2220 2503 praedicationem assumuntur: illud mutatur in substantiam: & ratio inhaerendi in rationem subsistendi. vt di-
478 2478 2223 2545 ctum est supra de praedicamento qualitatis & quantitatis, & generaliter de omni praedicamento acciden
476 2533 2223 2606 tis. Ratio similiter respectus ad aliud in deo inquantum refertur ad suum fundamentum: quia non
472 2587 2221 2660 fundatur in deo super aliquid inhaerens aliud ab ipso: similiter mutatur in rationem subsistendi: & non ma-
468 2638 2215 2715 net. Manet autem solummodo inquantum subiectum per respectum refertur ad aliud. Et sic patet quod quaecunque
475 2698 2209 2754 deo attribuuntur ex rebus. x. praedicamentorum: ad rationes duas duorum praedicamentorum. scilicet substantiae & rela-
475 2747 2223 2821 tionis habent reduci: & similiter relatio ipsa ad substantiam: & sic reiecto a diuinis omni modo praedicam
467 2801 2219 2877 di accidentaliter per inhaerentiam, quaecumque deo attribuuntur a creaturis, & praedicantur de ipso, aut dicuntur ad se
469 2854 2214 2913 & secundum substantiam: aut ad aliud & secundum relationem. iuxta illud quod dicit Augustinus v. de trinitate. Nihil in eo
472 2909 2215 2982 secundum accidens dicitur: quia nihil ei accidit. Nec tamen omne quod dicitur: secundum substantiam dicitur. In rebus enim
480 2961 2219 3024 creatis atque mutabilibus quod non secundum substantiam dicitur, restat vt secundum accidens dicatur. omnia enim
468 3015 2208 3076 accidunt eis: quae vel amitti possunt vel minui: & magnitudines & qualitates, & quod dicitur ad
463 3074 2206 3143 aliquid, & situs, & habitus, & loca, & tempora, & opera, atque passiones. In deo autem nihil quidem se
473 3125 2209 3199 cundum accidens dicitur: quia nihil in eo mutabile est: nec tamen omne quod dicitur secundum substantiam
468 3182 2205 3254 dicitur: dicitur enim ad aliquid: sicut pater ad filium & filius ad patrem: quod accidens non est. Decem er-
473 3234 2209 3305 go praedicamenta philosophicae disciplinae: ad duo sapientiae theologicae reducuntur scilicet ad substantiam & rela-
462 3287 2209 3378 tionem. Ad substantiam enim in diuinis reducuntur tria quae sunt in creaturis scilicet substantia, quantitas,
