2669 3767
487 325 2201 418 tamen subiectum esset & susceptibile: quod nunc non est ita. & ideo adhuc si hoc modo reciperetur
483 402 2213 467 scientia in homine ab angelo: reciperetur tamen secundum modum recipientis. Nunc autem quia
487 456 2209 521 angelus non causat in homine scientiam, nisi per phantasmata, per quae discurrendo intelligit: ideo
482 508 2192 580 alium modum scientiae in homine causat: quam sit ille quo ipse nouit. ⁋ Ad argumenta in opposi-
488 564 2189 624 tum: quia nituntur ad inconueniens, similiter respondendum est. Quia ergo arguitur primo in op-
477 617 2189 677 positum: quod angelus potest docere lumen infundendo spirituale: quia sol corporaliter facit vide-
480 669 2198 731 re lumen infundendo corporale: Dicendum quod licet ita sit, neuter tamen horum lumen infundit:
490 723 2189 784 nisi in dispositum, & luminis susceptiuum. Nunc autem intellectus humanus corpori coniunctus
485 776 2196 830 secundum communem statum viae, non est dispositus ad recipiendum ab angelo huiusmodi illu
485 827 2188 898 minationem quicquid sit de hoc ipso posito in alio statu: siue in corpore, siue extra corpus. ⁋ Ad se-
482 880 2192 948 cundum: quod angeli scientia magis est in actu, quam hominis. ergo &c. Dicendum quod ratio procedit ac
479 933 2186 1000 si scientia esset potentia actiua. & per hanc viam vna scientia ab altera generaretur: secundum quod
471 987 2187 1043 obiiciebat Comment. super. iii. de Anima. Nunc autem non est sic: nec per hanc viam generatur sci-
477 1042 2190 1098 entia, siue ab homine, siue ab angelo: & non est alius modus quo angelus doceat hominem possi-
478 1092 2054 1165 bilis secundum statum communem viae: nisi mediante hominis phantasmate: vt dictum est.
822 1174 2184 1269 Irca. ix. arguitur: quod per se acquirens scientiam, possit dici docere seipsum. Primo sic
824 1259 2192 1341 Actio quaelibet magis debet attribui causae principali, quam instrumentali. Sed ho-
822 1316 2185 1374 mo qui docet exterius signa sensibilia proponendo secundum modum praedeter-
819 1367 2188 1428 minatum: est quasi causa instrumentalis in docendo respectu intellectus agentis. Signa
821 1421 2195 1490 enim illa sunt quasi instrumenta intellectus agentis: a quibus species imprimit in intelle
799 1459 2194 1532 ctu possibili quibus docetur & intelligit vt dictum est. Intellectui ergo agenti tanquam cau
482 1527 2183 1588 sae principali, magis debet attribui actus docendi, quam homini exteriori. Si ergo homini exteriori propter illa instru
483 1583 2179 1643 menta signorum quae proponit attribuitur actus docendi: vt vere dicatur esse doctor: multo fortius
475 1633 2199 1689 & intellectui agenti debet attribui actus docendi. sed quod attribuitur ipsi intellectui, verius at-
484 1688 2191 1749 tribuitur ipsi homini cuius est: quia ipse intellectus respectu actus non est nisi hominis instrumen
465 1738 2189 1805 tum: ergo ipsi homini qui discit principaliter debet attribui actus docendi. Vere ergo potest dici,
481 1796 2184 1862 quod homo doceat seipsum, acquirendo per se scientiam, multo magis quam acquirendo per alium. ⁋ Se-
477 1846 2182 1906 cundo sic. ille principaliter docet qui facit discentem esse certum de veritate cognita. hoc autem
471 1898 2186 1966 facit homo ipsemet in se magis quam homo exterius per iudicium naturalis rationis suae: vt dictum
479 1956 2188 2021 est supra. homo ergo acquirendo per se scientiam: verius debet dici docere seipsum, quam alius ho-
472 2006 2179 2068 mo exterior. ⁋ Tertio sic. Sicut homo se bene exercendo est sibi causa virtutis: ita bene ac diligenter
475 2061 2182 2131 inquirendo est sibi causa scientiae. Sed qui est causa scientiae dicitur docere. ergo &c. ⁋ In oppositum
481 2112 1721 2181 est Philosophus: qui dicit. iiii. Physicae. quod impossibile est quod docens addiscat.
469 2198 2182 2280 ⁋ Ad intellectum autem huius quaestionis: solum oportet scire quid dicitur & intelligi-
466 2270 2179 2341 tur nomine doctoris. Sciendum igitur quod omne agens inquantum huiusmodi debet esse aliquid exi-
482 2329 2188 2398 stens in actu: secundum esse formae illius qua agit. Quod patet tam in agente principali, quam in instrumen-
482 2383 2172 2439 tali. Generans enim animal tanquam agens principale: debet habere perfecte secundum actum in se forman
478 2434 2183 2488 animalis. Generans vero animal tanquam agens instrumentale: vt calor naturalis: debet habere in se secundum
475 2484 2173 2542 actum virtutem formae animalis. Quod ergo importat perfectam rationem principii actiui secundum aliquam sor
476 2540 2187 2604 mam ad causandum sibi similem in alio debet esse perfecte informatum forma illa secundum actum
473 2592 2182 2654 inquantum huiusmodi. Nunc doctor nomine suo importat perfectam rationem principii actiui secundum
469 2645 2182 2716 scientiam: ad causandum scientiam consimilem in alio, modo tamen quo determinatum est supra. Doctor
480 2698 2177 2767 ergo ratione nominis sui significat docentem in se habere secundum actum perfectam informatio-
487 2752 2175 2821 nem scientiae. quare cum discens inquantum huiusmodi non est actu habens scientiam: sed in potentia tantum:
482 2803 2176 2878 actus autem & potentia ad illum cum sint contraria secundum Philosophum. ix. Metaphicae. non pos-
473 2859 2189 2923 sunt esse simul in eodem: idem ergo non potest esse discens & docens seipsum. & hoc est quod dicit Phi
478 2914 2179 2985 losophous. iiii. Phyicae. Impossibile est quod docens addiscat: quia docentem necesse est habere scientiam: discen
482 2965 2176 3021 tem vero non habere. Cum ergo per se acquirens scientiam proprie est discens, talis in acquiren-
478 3016 2177 3089 do scientiam nullo modo potest dici docere seipsum. ⁋ Ad primum in oppositum: quod homo in-
464 3074 2184 3138 strumentaliter docens dicitur doctor: multo fortius ergo & homo per suum intellectum: cuius il
461 3124 2174 3193 le est instrumentum: Dicendum quod alia est ratio: quae dicitur aliquis doctor: & alia qua dicitur causadoctrinae.
477 3177 2171 3239 Causa enim doctrinae solummodo dicitur ex eo quod agit vt in alio doctrina fiat in actu: quocumque modo etiam instru
467 3238 2176 3315 menrali: & ideo non oportet ipsum, inquantum huiusmodi forma doctrinae informari. Doctor autem vt dictum est non
