2481 3806
481 289 2219 391 sensibilibus ex quibus habetur omnis humana cognitio mediante sensu, non est aliquid fixum autem
479 369 2228 442 permanens, secundum Augustinus qui dicit. lxxxiii, quod quid ix. Quod sensibile dicitur sine vlla intermissio-
479 426 2230 499 ne temporis commutatur. ergo &c. ⁋ Quinto ex parte scientis, & est argumentum Mennonis quo
481 485 2225 543 negabat scientiam in principio Posterio. vt dicit Commentator super. ix. Metaphysicae, sic, ne-
486 539 2220 594 mo addiscit nisi qui aliquid nouit. secundum Augustinus iii. de Aca. & Philosophum. ix. Metaphysicae.
501 586 2228 650 Qui autem aliquid nouit non addiscit: quia addiscere est motus ad sciendum. Nemo ergo est qui ali
483 643 2234 703 quid addiscit. Nemo autem potest habere disciplinam qui nihil didicit, secundum Augu. ibidem.
484 700 2234 768 ergo &c. ⁋ Sexto arguitur ex eodem medio aliter formando argumentum, sic. nihil addiscit qui
486 748 2240 823 nihil nouit: non potest autem habere disciplinam qui nihil addiscit: ergo non potest habere discipli
483 802 2219 864 nam qui nihil nouit, homo quilibet ab initio nihil nouit: quia intellectus humanus antequam recipiat spe
490 847 2233 917 cies, est sicut tabula rasa in qua nihil depictum est, vt dicitur in tertio de anima. ergo &c. ⁋ Septi-
487 912 2232 985 mo ex parte obiecti, sic. ille non potest scire rem qui non percipit essentiam & quidditatem rei: sed
487 955 2234 1037 solum idolum eius, quia non nouit Herculem, qui solum vidit picturam eius. Homo autem ni
476 1008 2225 1107 hil percipit de re nisi solum idolum eius, vt speciem receptam per sensus, quae idolum rei est non
476 1068 1648 1139 ipsa res. Lapis enim non est in anima, sed species lapidis, ergo &c.
493 1107 2225 1216 ⁋ In contrarium arguitur primo argumento Commen. super principium secundi Me-
480 1201 2223 1271 taphysicae, sic. Desiderium naturale non est frustra, homo secundum Philosophum in primo Metaphy
488 1248 2235 1311 sicae natura scire desiderat: ergo defiderium hominis ad scire non est frustra. Esset autem frustra ni
484 1307 2229 1374 si contingeret eum scire, ergo &c. ⁋ Secundo ex eodem medio aliter formando argumentum sic, quid
480 1349 2230 1427 homo naturaliter desiderat possibile est ei accidere, secundum quod dicit Augustinus iiii. contra Iul. Neque omnes
476 1406 2232 1481 homines naturali instinctu beati esse vellemus nisi esse possemus. homo naturaliter scire desiderat
447 1449 2232 1537 in ergo &c. ⁋ Tertio adhuc quasi ex eodem medio sic. vnumquodque potest attingere suam perfectionem
479 1514 2235 1591 ad quam naturaliter ordinatur, quia aliter esset frustra. Scire est hominis perfectio ad quam naturali-
486 1567 2235 1642 ter ordinatur: quia in scientia speculatiua consistit eius felicitas secundum Philosophum. x. Ethi.
472 1635 2235 1698 ergo &c. ⁋ Quarto sic. Philosophous dicit. iii. &. iiii. Metaphysicae, & secundo cae. & mun. Quod non po
477 1666 2235 1747 test compleri impossibile est vt incipiat fieri ab agente per naturam vel per rationem: quia omnis
478 1721 2229 1805 motus habet finem & complementum propter quem est. Sed secundum eundem primo Metaphysicae
484 1776 2222 1857 homines philosophati sunt & prudentiam primo inceperunt inuestigare propter id quid est scire & in
484 1831 2234 1908 telligere & fugere ignorantiam: possibile est ergo hominem scire & intelligere. ⁋ Quinto sic. secundum
471 1889 2234 1960 Augustinus de vera religione, qui dubitat an contingat aliquid scire se dubitare non dubitat, sed certus est, non
475 1943 2227 2016 est autem certus nisi de vero quod scit: ergo illum qui dubitat se scire, necesse est concedere se ali-
487 1999 2226 2075 quid scire. Hoc autem non esset nisi contingeret eum aliquid scire cum contingit eum dubitare.
474 2049 2233 2120 ergo &c. ⁋ Sexto quasi eadem via arguunt Philosophus & eius Commenta. iiii. Metaphysicae sic. qui ne
480 2103 2225 2179 gat scientiam esse, dicit in hoc quia certus est quod non est scientia, de non est certus nisi de aliquo quid
483 2155 2219 2228 scit: ergo qui negat scientiam esse, & quod hominem non contingit scire, necesse habet concedere
474 2197 2228 2279 scientiam esse, & quia contingit hominem aliquid scire. Et est haec ratio consimilis rationi illi qua Phi
474 2250 2232 2338 losophus concludit in iiii. Metaphysicae, quod illum qui negat loquelam esse, necesse est concedere lo-
477 2308 718 2383 quelam esse.
486 2375 2212 2468 ⁋ Dicendum quod scire large accepto ad omnem notitiam certam qua cognoscitur
484 2443 2213 2512 res sicut est absque omni fallacia & deceptione, & sic intellecta & proposita quaestione contra negantes
481 2487 2224 2574 scientiam & omnem veritatis perceptionem, manifestum est & clarum quod contingit hominem scire aliquid
483 2542 2222 2628 & hoc secundum omnem modum sciendi & cognoscendi. Scire enim potest aliquis rem aliquam dupliciter
478 2602 2219 2683 vel testimonio alieno & exteriori, vel testimonio proprio & interiori. Quia primo modo contingit
475 2647 2228 2719 aliquid scire, dicit Augustinus contra Aca, xv. de trinitate. c. xii. Absit inquit, vt nos scire negemus, quae testimonio
487 2703 2223 2789 didicimus aliorum. Alioquin nescimus oceanum, nec scimus esse terras atque vrbes, quas celeber-
477 2758 2222 2839 rima fama conmendat. Nescimus fuisse homines & opera eorum quae historica lectione didicimus. po
484 2809 2214 2892 stremo nescimus in quibus locis vel ex quibus hominibus fuerimus exorti: quia haec omnia testi-
477 2872 2222 2940 moniis aliorum didicimus. Quia autem secundo modo contingit aliquid scire & rem percipere sicut
485 2924 2214 3001 est, manifestum est ex eis quae experimur in nobis, & circa nos. & hoc tam in cognitione sensitiua
479 2965 2217 3052 quam intellectiua. In cognitione enim sensitiua sensus ille vere rem percipit sicuti est fine omni deceptio
489 3033 2221 3103 ne & fallacia: cui in actione propria sentiendi suum proprium obiectum non contradicit aliquis sen-
475 3075 2213 3158 sus verior vel intellectus acceptus ab alio sensu veriori fiue in eodem siue in alio. Nec de eo quid sic
472 3136 2219 3214 percipimus dubitandum est quin percipiamus ipsum sicuti est, nec oportet in hoc aliquam vlteriorem
469 3191 2234 3286 causam certitudinis quaerere. Quia vt dicit Philosophus, Quaerere rationem cuius habemus sen-
