2328 3780
479 300 2248 408 neant: aut secundum rem aut secundum rationem. ⁋ Ad secundum quod in deo sit ratio cuiuslibet
497 388 2242 463 praedicamenti: quia ratio cuiuslibet praedicamenti attribuitur negationi qua remouetur res cuiuslibet prae
484 453 2250 513 dicamenti a deo: ergo attribuitur affirmationi qua deo attribuitur: siue proprie siue per similitudinem
486 512 2249 576 dicendum quod verum est: quando secundum eandem rem in natura & essentia res praedicamenti alicui at-
491 546 2251 620 tribuitur affirmatiue. ad illam enim semper sequitur proprius modus siue propria ratio illius rei, quantumcumque
495 610 2260 673 in supeminentiori gradu attribuitur vni quam alteri: vt quantuncumque sub eminentiori gradu attribuitur substam
499 654 2255 727 tiae nomen incorporeis creaturis quam corporeis: quia tamen secundum eandem rem in natura & essentia praedicamen
487 708 2252 783 ti substantiae attribuitur eis (dico vnitate rationis & abstractionis logicae) ideo modus proprius praedi
492 761 2246 830 camenti substantiae qui est substare accidentibus, convenit tam corporeis quam incorporeis. Quando autem
499 816 2241 898 secundum aliam rem in natura & essentia quod conuenit vni attribuitur alteri: sicut contingit eis quae
499 872 2253 946 ex creaturis attribuuntur deo, vt supra expositum est: tunc ratio propria praedicamenti non oportet quod sequatur
492 926 2248 994 rem secundum illud praedicamentum alteri attributum: quia omnino repugnat quandoque naturae rei in il-
491 976 2258 1055 lo cui attribuitur, vt dictum est supra. Immo negationi qua remouetur res illa cui conuenit, illa ratio ma
502 1031 2258 1106 gis attribuitur: non ratione negationis: quia ipsa nihil ponit, nec rem praedicamenti, nec rationem eius:
501 1089 2257 1163 sed ratione rei subiectae negationi. Processit autem ratio ac si ratione ipsius negationis ratio praedicamen
504 1149 2260 1220 ti ei attribueretur. Vnde sicut substantia vel res cuiuslibet alterius praedicamenti secundum rem
506 1197 2257 1270 qua praedicatur de creaturis: non attribuitur deo: secundum rem enim illam qua praedicatur de crea
506 1259 2242 1321 turis, nulla praedicatio de deo alicuius quod est in creaturis est vera: quoniam secundum Diony. affirma-
499 1299 2242 1365 tiones incompactae sunt: quia nullam compactionem vel inhaerentiam cum deo substantialem vel ac-
503 1353 2261 1428 cidentalem possunt habere res illae: & omnes negationes sunt verae: sic proprietas substantiae vel
504 1404 2258 1469 cuiuscumque alterius praedicamenti nullo modo deo conuenit. Immo quaelibet res cuiuslibet praedicamen
497 1459 2244 1527 ti ipsa vt est praedicamenti sub suo modo, vere a deo remouetur: ita quod illud falso affirmatur quod ex crea-
501 1513 2256 1583 turis de deo dicitur secundum substantiam, qualitatem, quantitatem: & huiusmodi. Et sic non
498 1567 2247 1642 oportet omnem rationem cuiuslibet praedicamenti deo attribui: licet res cuiuslibet praedicamen-
512 1631 2263 1693 ti aliquo modo proprie vel improprie deo attribuitur. Ratio tamen alicuius praedicamenti deo
507 1680 2254 1741 attribuitur: etsi nulla res secundum naturam rei praedicamenti deo attribuatur, vt dictum est.
513 1727 2262 1798 ⁋ Quod arguitur primo contra hoc, quod ratio nullius praedicamenti deo potest attribui: quia in ipso non
511 1784 2258 1851 est ratio vniuersalis vel particularis: dicendum ad hoc quod duplex est ratio praedicamenti: vna quae
514 1836 2252 1903 conuenit toti praedicamento: ita quod cuilibet rei quae est in ipso in se: alia quae conuenit toti praedicamen
521 1903 2250 1960 to non nisi ex ordine quem habent res praedicamenti inter se secundum sub & supra in linea praedica
517 1952 2263 2011 mentali. Secundum primum modum expositum est supra quod ratio aliquorum praedicamentorum
515 1995 2251 2066 convenit deo: vt ratio subsistendi in se secundum substantiam: & ad aliud essendi secundum relatio
504 2052 2253 2117 nem: aliorum autem nequaquam. Secundum secundum modum procedit argumentum: & bene concedendum est
515 2100 2257 2172 sicut probat, quod illa nullo modo cadit in deo secundum aliquod praedicamentum vel rem praedicamenti deo
514 2153 2263 2232 attributam. ⁋ Ad secundum quod ratio praedicamenti est quod sit res cui conuenit esse vel in se vel in alio
518 2211 2262 2281 deus autem non est id cui convenit esse: sed est ipsum esse: dicendum ad hoc quod duplex est ratio praedicamen
523 2262 2263 2335 ti: vna quae est ratio constituendi ipsum praedicamentum: & non distinguendi vnum ab alio: alia quae
529 2315 2256 2385 consequitur ipsum constitutum, & est ratio distinguendi vnum ab alio. Ratio praedicamenti pri-
523 2371 2257 2428 mo modo est illa de qua procedit argumentum, quae constituit praedicamentum substantiae & ac
526 2425 2262 2495 cidentis, vt dictum est. & bene verum est quod talis ratio substantiae aut accidentis deo non conuenit
529 2477 2260 2544 quia nec res ipsa quam talis ratio constituit. Deus enim non est res cui convenit esse: quasi aliquid extra inten
517 2534 2258 2602 tionem rei sit ipsum esse eius: sicut contingit in substantia & accidente: sed est ipsum esse: & non alia
515 2584 2249 2640 intentio quam intentio esse, vt habitum est supra. & sic bene procedit argumentum. Ratio vero praedi
510 2639 2264 2697 camenti secundo modo est illa quae distinguit praedicamentum substantiae a praedicamentis acci-
510 2690 2266 2764 dentium: quia consequitur rem praedicamenti constitutam per primam rationem. Hoc enim est con
518 2743 2265 2815 mune substantiae & accidenti per primam rationem, quod vtrumque significat rem cui convenit esse, extra
515 2791 2253 2861 cuius intentionem est intentio esse. Sed in hoc differunt, quod substantiae conuenit esse in seipsa, acciden
520 2847 2266 2908 ti vero in alio: & proprietates essendi quae sunt in se & in alio, dant eis rationes illas distinguen-
519 2902 2264 2970 tes praedicamentum substantiae a praedicamento accidentis. Substantia enim quia est ens in se
516 2944 2260 3029 non in alio, est ens subsistens. Accidens vero quia est ens non in se sed in alio, est ens non subsistens
520 3012 2258 3083 sed alteri inhaerens. Modus autem inhaerendi nullo modo deo potest conuenire: & ideo neque ra-
529 3062 2262 3129 tio praedicamenti accidentis: qua distinguitur contra praedicamentum substantiae, vt supra dictum est. Sed mo
525 3116 2255 3187 dus subsistendi verissime deo convenit: & verius quam praedicamento substantiae. ipsi enim (vt dictum est) praedicamento
511 3172 2245 3255 substantiae ex hoc solo convenit subsistere quod habet esse non in alio: sed ex hoc non convenit ei perfecta ratio sub
