2301 3781
82 308 1127 399 Primum de intelligibili.   Secundum de intellectu.
90 352 1317 450 Tertium de notitia intellectus.  Quartum de ipso intelligere.
72 408 1828 511 Et quia intelligibile inquantum est intelligibile & obiectum intellectus, habet rationem veri, ideo cir
82 488 858 553 ca primum istorum restant duo quaerenda.
75 510 1775 618 Primum, de ratione intelligibilis in ipso simpliciter.  Secundum, de ratione veritatis in eo.
86 592 838 667 ⁋ Circa primum istorum quaeruntur tria.
80 645 784 718 Primum: vtrum deus sit intelligibilis.
82 685 925 761 Secundum: vtrum deus seipso sit intelligibilis.
75 729 1487 832 Tertium: vtrum ratio intelligendi deum sit ratio intelligendi omnia alia ab eo.
399 829 1804 939 Irca primum arguitur quod deus non sit intelligibile aliquid, Primo sic. Infinitum in
405 922 1819 991 quantum infinitum incognitum est. secundum Philosophum primo phyiia. incognitum inquantum incogni
407 980 1827 1052 tum non est intelligibile. quia intelligibile inquantum intelligibile est cognoscibile, Deus autem sim
413 1023 1826 1095 pliciter & omnino infinitus est, vt infra videbitur. ergo &c. ⁋ Secundo sic. intelligi-
401 1071 1819 1150 bile est principium formale actus intelligendi in intelligente, vt habitum est su-
401 1142 1817 1210 pra. Deus non est principium formale actus intelligendi in aliquo. non in seipso: quia
350 1190 1814 1260 intelligere in deo est esse: esse autem est primus conceptus in deo: non habens omni
82 1245 1827 1309 no principium, neque in alio: & hoc neque per suam essentiam: quia ipsa nullius est forma informans, vt ha
74 1290 1828 1373 bitum est supra. Neque per speciem aliquam suam, eo quod nullam potest habere, vt infra videbitur. er-
89 1353 1826 1423 go &c. ⁋ In contrarium est, quoniam ipsa est summa & prima veritas, vt infra videbitur. Veritas autem est per
82 1402 1363 1465 se obiectum intellectus. & omne tale intelligibile quoddam est. ergo &c.
72 1473 1811 1586 ⁋ Dicendum ad hoc: quod secundum Auicen. viii. metaphy. ca. xxxvii. causa in hoc quod
80 1564 1827 1641 res non intelligitur matersa est. esse vero formale est esse intelligibile: & hoc est esse quod postquam quiescit in re ipsa l
77 1611 1820 1693 sit per illud rei intelligentia in effectu. Quanto igitur aliquid est materiale magis, tanto minus est intelligibile: &
76 1663 1819 1737 quanto magis formale, tanto magis intelligibile. Vnde & Philosophus. ii. metaphysica. vult quod materia prima non
80 1726 1815 1793 est intelligibilis nisi secundum analogiam quam habet ad formam: & quod illa quae sunt sepeata a materia: & si a nobis
69 1776 1810 1845 difficile intelliguntur: hoc est non propter ipsas res: sed propter nos. vbi dicit Commen. Cum difficultas con-
69 1828 1810 1892 prehensionis entium sit duobus modis, rectum est vt difficultas in rebus quae sunt in fine verita-
69 1888 1812 1961 tis scilicet in primo principio & in principiis abstractis a materia, sit ex nobis non ex ipsis, quoniam cum abstracta
75 1927 1799 2000 sunt, intellecta in se naturaliter sunt: non sicut formae naturales. Difficultas enim in istis est ex se ma-
80 1997 1808 2060 gis quam ex nobis. Vnde materialia vt intelligantur egent abstractione: quia non per suam essentiam si
76 2051 1808 2116 cut immaterialia: sed solum per suam speciem intelligibilia sunt, vt infra habet declarari. Quia igi-
77 2099 1807 2166 tur, vt habitum est supra, Deus summe immaterialis est: & in actu: concedendum est quod ipse quantum in se
77 2149 1805 2222 est summe intelligibilis est: & sui manifestatiuus apud intellectum. Propter quod dicitur quod deus lux
89 2203 1808 2277 est. Sicut enim lux inter corporalia sume visibilis est & manifestatiua & declaratiua sui apud visum cor
69 2259 1803 2321 poris: sic deus summe intelligibilis est & manifestatiuus & declaratiuus sui apud intellectum quemcumque:
76 2314 1803 2373 etsi deficit intellectus creatus ne possit splendorem intelligibilitatis eius sustinere: sicut deficit oculus
75 2361 1802 2426 vespertilionis, ne possit sustinere splendorem solis. iuxta illud Philosophi. Dispositio intellectus in ani
69 2415 1805 2485 ma apud illud quod est in natura valde manifestum, similis dispositioni oculorum vespertilionis
85 2476 1800 2541 apud lucem solis. vbi dicit Commen. Quia dispositio intellectus de re intelligibili est sicut dispositio sen
83 2517 1806 2592 sus de re sensibili, assimilauit virtutem intellectus in comprehendendo intelligibilia abstracta, debilissi-
80 2578 1801 2646 mo visui in sentiendo maximum sensibile. & hoc pro statu huius vitae. Vnde & de intelligibilibus ra
79 2623 1793 2697 tionibus in deo, dicit Augustinus xiii. lib de triniitate. Ad quas mentis acie peruenire paucorum est: vt cum
85 2681 1808 2738 peruenitur quantum fieri potest: non in eis manet ipse peruentor: sed velut acie reuerberata repellitur
83 2736 1802 2792 & sit rei non transitoriae transitoria cogitatio. Quomodo autem secundum istum modum deus intel
84 2779 1798 2848 ligitur a nobis in praesenti, expositum est supra. In futuro autem aliter erit, quando videbimus eum
88 2834 1807 2894 sicuti est: quando cognoscam sicut & cognitus sum: secundum quod dicitur. i. loan. iii. de quo inferius de-
75 2884 356 2960 bet esse sermo.
76 2955 1802 3030 ⁋ Ad primum in oppositum quod infinitum inquantum infinitum incognitum est
82 3007 1799 3085 &c. Dicendum quod hoc verum est ad literam de infinito corporali: quia illa infinitas est a materia, vt in
88 3059 1790 3136 fra dicetur: & materia (vt dictum est) priuat rationem intelligibilis. Non autem de infinito spirituali: cuiusmodi est deus:
83 3122 1789 3177 quia haec infinitas est a forma, vt infra dicetur: & forma (vt dictum est) est principium intelligendi. Vnde quanto
81 3172 1802 3230 aliquid magis est formale & infinitum infinitate formae, tanto est magis intelligibile quantum est ex se
82 3217 1816 3316 licet non intellectui indisposito, vt dictum est. Vnde si illud dictum Philosophi extendere velis ad infinitum
