2228 3777
513 266 2177 329 bitur in quaestionibus, quomodo Deus intelligitur ab intellectu creato. De quo tamen breuiter loquit
511 313 2190 375 Augustinus in primo slolis sic inquiens. Mentis quasi sunt oculi sensus animae: ratio in mentibus est vt in
503 374 2179 435 oculis aspectus. Animae opus est, vt oculos sanos habeat, quibus iam bene vti possit. Oculi sani men
515 430 2194 491 est ab omni labe corporis pura, quod nihil aliud praestat quam fides primo: quae re vera sufficit vt intelli-
509 491 2190 549 gatur deus in aenigmate: sed vt altius intelligatur donum alterius gratiae requiritur. secundum
520 525 2184 597 quod patet ex supra determinatis. Et hanc sanitatem in vita aeterna tribuit perfecta charitas. Dein-
522 578 2197 641 telligendo per aliud secundo modo, dicunt aliqui eodem modo sicut de praecedenti: quod videlicet sicut
509 634 2185 697 ad hoc quod color videatur, non solum requiritur quod sit forma sanitatis in oculo, sed etiam requiritur
511 688 2186 758 species coloris qua informetur: sic ad hoc quod deus intelligibilis sit vt actu ab aliquo intellectu cre-
511 739 2186 801 to intelligatur, non solum requiritur forma sanitatis supernaturalis in oculo mentis, sed etiam re-
508 799 2191 862 quiritur species aliqua rei intelligibilis impressa, vt forma inhaerens intellectui. secundum quod pro-
515 851 2193 916 bat tertia ratio suprainducta, & declarant etiam vt videtur auctoritates duae ad hoc inductae. Vn
505 905 2194 968 de quid de hoc sentiendum sit videbitur respondendo ad rationem illam, & exponendo auctoritates
504 954 2191 1031 pro ipsa inductas. Visibile autem esse non seipso solo, sed per aliud a se tanquam medio ad actum viden-
506 1007 2178 1072 di disponente: similiter contingit dupliciter. aut tanquam medio ad actum videndi illustrante, quemad
504 1060 2191 1121 modum color non est visibile seipso, sed mediante luce. secundum quod dicit Philosophus in secundo
511 1118 2188 1174 de anima. Color est motiuum visus secundum actum lucidi. aut tanquam medio obumbrante, & visi-
512 1169 2192 1232 bile videnti contemperante, quemadmodum sol fulgens ab oculo debili non valet videri nisi in nube
509 1222 2185 1287 Primo modo male intelligentes illud Apocahys. xxi. Ciuitas illa non eget sole neque luna vt luceat
510 1270 2170 1335 in ea: nam claritas dei illuminabit eam: credunt quod a luce illa quae deus est diffunditur lumen su
512 1326 2176 1394 per intellectum humanum vel angelicum vel beatorum ad videndum seu intelligendum deum im
507 1378 2173 1438 mediate, quemadmodum lumen materiale diffunditur a sole ad ipsum videndum: quasi deus intell
511 1431 2188 1504 gatur aut videatur per medium distans illuminabile, sicut videntur corporalia. Quod non est veru:
508 1478 2189 1553 quia per immediationem deus ab intellectu creato videtur & intelligitur: nec est lumen gratiae vel
518 1537 2178 1605 gloriae quae est gratia consummata, necessarium nisi ad intellectum vigorandum vt sufficiat aciem
512 1593 2189 1659 figere in tam excellens intelligibile: immo illa lux quae deus est, immediate intelligitur, & non per ali
511 1642 2179 1705 quid diffusum ab ipsa, sed seipsa, vt ipsamet lux vera & spiritualis in tenebris lucet. & secundum
516 1701 2176 1764 hoc non alio, sed tantum seipso intelligitur, vt iam videbitur. Secundo modo erat error quorunm
518 1751 2182 1814 dam ponentium deum non posse etiam ab aliquo videri aut intelligi nisi in qu busdam theopha-
509 1808 2171 1869 niis. secundum quos non seipso, sed per aliud a se intelligibilis est. secundum quod dicit Hug. super prinmi
517 1856 2178 1926 capi. in Commen. Cae. Hier. sic inquiens. Quidam in cogitationibus suis euanuisse inueniuntur, deum rationa
508 1909 2182 1976 li animo omnino incomprehensibilem & inaccessibilem praedicantes, praeterquam theophaniis quibusdam, id est di-
509 1956 2191 2021 uinis apparitionibus vel similitudinibus diuinis in contemplationem propositis de ipso eruditur.
507 2021 2185 2086 ipsa autem quasi quaedam simulacra absconditae diuinitatis inter rationabiles animas ac deum
510 2062 2180 2141 media ponunt, altiora quidem mente, inferiora deitate, & haec solum de eo videri: vt pote qui in se
507 2121 2188 2184 ipso a nulla mente vel animo videri possit. Sed horum errorem euacuat subdens continuo. Haecve
498 2176 2185 2245 ro simulacra sunt errorum & phantasmata veritatis: in quibus non solum deitatis lucem inuili-
504 2223 2174 2297 bilem & imperceptibilem conantur asserere: verum etiam falsitatis cognitionem mentibus san
518 2284 2184 2341 ctis conantur inferre. Quid enim est in illis solum deum videri, nisi nunquam vere videri, & verum nusi
508 2328 2190 2408 quam videri: Si enim imago sola semper videtur, veritas nunquam videtur, quoniam imago veritas non est
502 2379 2176 2459 etiam cum de veritate est. Tollant ergo phantasias suas quibus lumen mentium nostrarum doi
502 2432 2182 2514 umbrare nituntur, neque nobis deum nostrum simulacris aestimationum suarum intersepiant, quia
511 2498 2194 2566 nos sicut satiare non potest aliquid praeter ipsum, ita nec sistere vsque ad ipsum. Si autem visibile sit
503 2549 2179 2616 aliquid non seipso, sed per aliud a se tanquam obiecto actu videndi inchoante: aut ergo intelligitur pi
511 2601 2191 2672 se proprie, & per aliud pro per accidens proprie dicto contra per se: aut intelligitur per se large prole-
500 2655 2179 2729 cundum se, & per aliud large pro secundum accidens. Si primo modo, sic contingit videri deum
499 2700 2188 2783 per aliud, intelligi dupliciter: aut omnino per aliud: aut per aliud vno modo, sed per se alio modo Pri
506 2755 2188 2833 mo modo adhuc dupliciter. Aut enim obiectum illud per quid videtur est absolutum quid, & illud aliud est
500 2804 2189 2875 respectus fundatus in eo: aut vtrunque eorum est res absoluta. Primo modo secundum Philosophum
508 2864 2174 2928 in secundo de anima, si album sit Diarri filius, secundum accidens, immo etiam & per accidens sen
504 2912 2170 2990 tit visus hoc, scilicet quod est Diarri filius scilicet quoniam albo quid sentit per se, accidit quod sit Diarri filius. S
500 2974 2177 3043 cundo modo sentitur Caesar per accidens & etiam secundum accidens videndo eius imaginem in spe
511 3025 2171 3092 culo. Secundum primum modum cum in deo non est nisi substantia & relatio, & relatio secundi
499 3081 2176 3156 quod respectus est vel relatio, nullam intelligibilitatem habet nisi per illud super quod fundatur, hoc mo
492 3131 2157 3222 do sola diuina essentia quae deitas est, & esse purum, est per se intelligibilis a deo, & omne aliud quodi
