2195 3776
513 282 2185 358 huiusmodi. Sicut enim in creaturis dicitur esse veritas in eo quod in eis est conformitas ad aliud: vt ad
516 346 2173 413 exemplar artis diuinae a quo procedunt in esse: vt patebit loquendo de veritate creaturae: sic veri-
514 408 2175 466 tas esse in filio dicitur, eo quod est in eo conformitas perfecta ad principium a quo est. dicente Au
523 455 2178 526 gusti. de vera relig. Quod illius vnius a quo principio vnum est quicquid aliquo modo vnum
519 506 2170 575 est, ita simile est, vt hoc omnino impleat, ac sit idipsum, hoc est veritas, & verbum in princi-
519 554 2175 622 pio quae illud ostendit sicut est. Vnde & verbum eius rectissime dicitur: caetera illius vnius sini
513 612 2170 680 lia dici possunt, inquantum sunt. intantum enim & vera sunt. haec autem ipsa eius similitudo, & ide
529 661 2181 724 veritas. & sequitur. Quae summa similitudo principium & veritas est. ergo in deo est veritas pers
517 727 2175 785 nalis. & patet ex praecedenti quaestione quod in eo est veritas essentialis. ergo &c. ⁋ Tertio sic, quod con
519 774 2179 839 uenit personae filii, eo quod est verbum & similitudo patris, id personale est: quia convenit ei ratione dislin
522 829 2175 893 ctionis suae a patre. veritas in filio est huiusmodi. dicente Augustinus de vera relitg. vt iam dictum est.
517 884 2168 946 ergo &c. ⁋ Quarto sic. Eo veritas perfectissime dicitur veritas, quo habet esse in intellectu vt in co
526 928 2169 1002 gnoscente, vt infra patebit. Sic autem habet rationem verbi, & conceptus mentis, & ita importat emi
516 990 2173 1053 nationem. Sed tale personaliter dicitur: quia non est verbum in diuinis nisi personale. ergo &c. ⁋ Quinto
513 1046 2176 1108 sic. Id quo vna persona distinguitur ab altera, & illi soli convenit ita quod non alii, non nisi personale est. ta
520 1093 2177 1159 le quidem est veritas personae diuinae inquantum persona est. Quaelibet enim personalis proprietas, quae
526 1149 2167 1211 in eo quod ens, & aliquid, est personae constitutiua, veritas quaedam est, qua veram personam con-
522 1190 2180 1258 stituit, quae non nisi personalis est, quia non est commune tribus, sicut nec ipsa proprietas. ergo &c.
522 1248 2167 1318 ⁋ ltem bene dicitur de personis diuinis, quod sunt tres res & tres entes. sed omnem rationem rei & enti
514 1297 2181 1369 consequitur veritas. ergo &c. ⁋ ltem in deo sunt plura quae differunt ratione intelligendi tam es-
520 1349 2169 1424 sentialia quam personalia, & ratio intelligendi veritas est. ergo &c. ⁋ In contrarium est illud quod dici
523 1407 2165 1486 Augustius viii. de trinitate. c. ii. In essentia veritatis hoc est verum esse quod esse. quod autem tale est, essential
520 1472 1773 1547 est, non personale: quia ad se dicitur secundum eundem. v. de trinitate. ergo &c.
532 1537 2166 1638 ⁋ Dicendum ad hoc secundum quod alias declaratum fuit in quaestionibus de quolibe
525 1611 2174 1696 quod aliquid distinguitur penes essentiale & personale, hoc non contingit nisi quia alia & alia ratione
524 1668 2166 1748 convenit personae & essentiae, quod enim secundum eandem rationem personae convenit & essentiae, non nisic
520 1719 2163 1793 sentiale est, quemadmodum ibi declaratum fuit de bonitate, quod in diuinis non est nisi essentialis
526 1782 2165 1844 & de vnitate quod est essentialis & personalis. Nunc autem ita est secundum iam determinata, quod pr-
515 1837 2164 1901 fecta ratio veritatis rei cuiuscumque siue creatae siue increatae est, quod ipsa sit hoc quod natura sua requi
522 1879 2167 1963 rit, continendo scilicet in se quicquid ad naturam & essentiam suam concurrit. & hoc subratio
526 1937 2175 2015 ne huiusmodi, qua est declaratiua sui apud intellectum. Perfecta ergo ratio veritatis quae convenit
516 1992 2164 2067 personae ratione deitatis vt deitas est, nihil est nisi ratio veritatis essentialis: quae vnica est sicut &
521 2050 2170 2121 deitas. Sed sciendum est ad intellectum huius, quod cum (vt patet ex dictis in praecedenti quaestio
522 2091 2171 2164 ne) duplex est esse veritatis, vnum in re ipsa: vt scilicet ipsa, intelligibile quoddam est, in habendo s
520 2152 2165 2221 in se id quod natura sua requirit, & hoc inquantum ipsa est declaratiua suiipsius apud intelle-
526 2211 2152 2277 ctum: quod quid est enim, proprium est obiectum intellectus, secundum philosophum in tertio de ani
517 2253 2152 2330 ma: Aliud vero est esse veritatis in ipso intellectu: vt scilicet res ipsa iam est intellecta, vel-
528 2322 2169 2384 ipso concepta: secundum primum modum patet quod non est in deo nisi veritas essentialis: quia quia
531 2358 2161 2438 quid est in diuinis intelligibile vt res aliqua & natura, deitas essentialis est, praeter quam non est in
530 2411 2161 2481 telligibilitas aliqua, neque in persona, neque in personali proprietate: vt iam patebit. Et secundum huncmo
520 2460 2168 2545 dum se habet veritas in creatore ad modum veritatis quae est perfecta rei entitas in creaturis. I
518 2524 2157 2599 nes secundum modum est difficultas quaestionis. Vbi intelligendum quod veritas diuinae natu
526 2569 2147 2646 vel essentiae: vt iam intellecta est, & considerata secundum esse veritatis eius in intellectu: duplic
523 2622 2157 2704 ter potest considerari. Vno modo vt est intellecta actu simplici & essentiali intelligendi abso
518 2685 2161 2755 conceptu verbi. Alio modo vt est intellecta actu dicendi, actui scilicet intelligendi couiuncta: it
529 2737 2167 2813 productiua est & conceptiua verbi. Primo modo intelligere essentiale in deo est vnum & idem commu
518 2779 2153 2856 ne tribus personis, & sunt vnum & idem intelligens & intellectum, differens sola ratione absua
520 2846 2155 2920 alicuius verbi communis conceptu. Et est intellectus in deo consimilis quodammodo ei, qui est simplicium in
524 2884 2152 2972 telligentia in creaturis. Et patet quod veritas huiusmodi non est nisi vna, & etiam non est nisi ve
521 2930 2164 3019 rum esse rei: quia secundum essentiam habet esse in intelligente. Sed in creaturis est diminutum
533 2992 2158 3074 esse, quando non habent esse in intelligente nisi per suam speciem, quae non est veritas sed ima-
534 3047 2159 3132 go rei. Penes secundum modum esse veritatis in intellectu, quo scilicet verbum in mente paterna conceptus qui
526 3109 2144 3192 dam est, videtur quod aliqua sit veritas personalis, sicut personale est imago & character, aut verbum: vt de
531 3153 2146 3250 claratum est opponendo. Quod autem vno modo est essentiale, & alio modo personale, dicitur quodam modus
