2309 3776
62 333 1771 432 pater omnia intelligit: non quo vt ratione intelligendi. In nobis autem verbum quod est aliud ab actu intelli
63 414 1771 486 gendi, est formalis ratio intelligendi in comperatione ad cognita: non autem in comperatione ad actum intelligendi nisi
57 471 1777 544 vt forma ipsius: quia non est elicitiuum actus: sed formatur per ipsum in cognoscente: & informat ipsum: &
62 524 1771 592 distinctum est ab eo. ⁋ Ad quintum: quod personalis proprietas est aliquid: quia personae constitutiua: er
57 582 1767 652 go est veritas: & hoc non essentialiter: quia proprietas non est communis: Dicendum secundum iam dicta, quod pro
60 631 1788 703 prietas de se non est aliquid: sed ad aliquid: & non est constitutiua personae talis: quae ratione personali.
48 687 1765 754 tatis est aliquid, sed ad aliquid, vt infra patebit. Et ideo non est in se veritas: quia nec res aut ens: nisi
58 743 1772 808 vt dictum est, per essentiam supra quam fundatur. Propter quod non convenit ei alia ratio bonitatis quam illa
59 796 1779 859 quae est essentiae, vt patet ex iam dictis. ⁋ Ad Sextum: quod de tribus personis bene dicitur quod sunt tres res
47 844 1771 915 & tres entes: ergo & tres veritates: Dicendum est ad hoc Primo quod dicit de ente: quod videlicet ali-
49 902 1778 965 quid pluraliter dicitur in diuinis dupliciter. Vno modo ratione eius cui ad significandum nomen
49 957 1771 1022 imponitur. Alio modo ratione modi significandi. Ratione prima, pluraliter dicuntur illa quae imponuntur
52 1017 1772 1075 ad significandum aliquod multiplicabile in diuinis: vt hoc nomen relatio: & hoc nomen persona: quia re
55 1061 1770 1123 latio imponitur ad significandum respectum quo aliquid se habet aliquo modo ad aliud, large sumendo aliud
51 1114 1774 1183 in diuinis: & vt supponit pro respectu quocumque sub indifferentia quadam. Et ideo quia plures sunt
51 1173 1779 1235 respectus, bene dicitur quod in deo sunt plures relationes. Similiter hoc nomen persona, imponitur ad
58 1224 1786 1289 significandum subsistens in intellectuali natura: et etiam supponit pro quocumque subsistente sub indif-
64 1265 1795 1344 ferentia quadam: & ideo in diuinis persona dicitur pluraliter. Econtra hoc nomen deus: quia imponitur
61 1326 1790 1393 ad significandum substantiam, licet sub indifferentia supponit pro personis, non dicitur pluraliter. Ratione
66 1380 1783 1448 secunda etiam dicuntur pluraliter quae non imponuntur ad significandum aliquod multiplicabile in diuinis: sed
60 1430 1787 1496 quia imponuntur secundum nomen vocis ad significandum adiectiue: aut verbaliter: aut nominaliter, quae
58 1486 1790 1544 dicuntur pluraliter: quia adiectiuum nominis debet conformari in numero suo subiecto: & appositum ver
64 1542 1780 1611 bi suo supposito. Propter quod quando imponuntur ad significandum aliquid substantiue: quia non oportet substam
53 1594 1786 1662 tiuum alteri conformari, non plurificantur. Vnde si aeternus in deo intelligatur substantiue: non dicimus
58 1647 1793 1714 tres aeterni: sed vnus aeternus. Si vero intelligatur adiectiue, bene dicimus tres aeterni. Nunc autem
52 1700 1781 1759 simile est de ente. Si igitur sumatur nominaliter, substantiue significat: & non dicitur nisi singulariter de tribus
54 1754 1795 1825 personis, quod scilicet sunt vnum ens: quia tale esse non convenit eis nisi ratione vnius substantiae existentis in
59 1809 1797 1869 eis. Si vero sumitur participialiter, tunc significat adiectiue. Et ideo dicitur pliciter quod sunt tres entes: quia
49 1860 1789 1922 hoc convenit ei ratione personalitatis. Quare cum, vt patet ex praedictis, veritas non convenit alicui in di-
56 1911 1787 1980 uinis per se & primo: nisi ratione entitatis fundatae in ratione realitatis essentialis: propter
62 1964 1782 2027 hoc ab illa eadem entitate singulariter dicta, qua dicuntur vnum: convenit eis ratio veritatis: qua
50 2021 1783 2086 substantiue dicuntur vnus verus vnitate essentiali. Ab entitate autem vt pliciter dicta de eis, nullo modo
57 2075 1792 2139 convenit eis ratio veritatis aut pliciter aut singulariter: dicenda de eis. quod enim aliquo modo possint di
56 2126 1780 2192 ci tres veri: hoc non est nisi quia verum sumitur adiectiue: non quia fundatur super aliquam entitatem philosop
51 2180 1789 2240 dictam. Ab vna enim veritate essentiali fundata super vnam entitatem essentialem: illo modo bene dicuntur
64 2234 1786 2297 tres veri sicut tres entes & tres aeterni: si tamen vsus hoc obtineret. natura enim rei non repugnaret.
71 2288 1778 2347 ⁋ Ad illud quod arguitur de re quod personalis est: Dicendum secundum iam dicta: quod verum est secundum mo-
70 2342 1771 2401 dum praedeterminatum. Sed tamen super illius rei rationem veritas fundari non potest, nisi quatenus illa fun-
68 2394 1773 2457 datur in re essentiae: & sic veritas illius rei vt personalis est, non est nisi essentialis. ⁋ Ad vltimum:
62 2450 1774 2517 quod in deo differunt essentia & persona & personales proprietates secundum rationem intelligendi: &
73 2497 1781 2563 ratio intelligendi veritas est: Dicendum secundum praedicta, quod intelligibilitas rei fundatur in eius
60 2549 1785 2618 essentia, & natura formali. lta quod secundum quod dictum est supra, respectus quicumque sicut non habet ali-
64 2612 1792 2676 quid realitatis, neque entitatis, neque quiditatis nisi per illud super quod fundatur & in illo: Sic neque ha-
62 2655 1789 2722 bet aliquam rationem intelligibilitatis nisi per intelligibilitatem eius super quod fundatur: & in illo. li
65 2714 1783 2779 cet enim cum hoc sua intelligibilitas sit ad aliud vt ad suum correlatiuum: sine quo similiter intelligi non
67 2766 1785 2838 potest: illud potius cam est intelligibilitatis sine qua non, quam propter quam sic. & similiter de realitate, & entitate,
64 2823 1786 2889 & quiditate. Et sic non est de omnibus huiusmodi in deo nisi vna ratio intelligend scilicet id quod est ratio intelligendi dei
70 2873 1779 2941 tatis: & est ratio veritatis: vt est respectus deitatis ad intellectum, secundum quem intelligibilis di
64 2926 1792 2994 citur, vt habitum est supra. Ratio autem illa veritatis non est nisi essentialis, vt est ratio respectus ad
70 2980 1777 3044 intellectum omnium intelligibilium diuinorum in natura diuina. Quia autem sunt plures ratio-
68 3033 1787 3104 nes intelligendi essentiam, personam, proprietates, & huiusmodi, hoc est obiectiue, tamquam illa quae apprehendum
70 3085 1784 3153 tur, quorum omnium vna est ratio, veritas scilicet essentialis qua singula intelliguntur determinatiue, tamquam
70 3136 1784 3205 ratione qua intelliguntur & mouent intellectum. Vnde non omnis ratio intelligendi est veri
76 3195 1787 3258 tas: neque quaecumque differunt in ratione intelligendi: differunt in veritate: sed solummodo illa quae diffe
77 3248 1799 3332 runt in ratione intelligendi, vt ratio est respectus circa intelligibile ad intelligentem. quod convenit
