2285 3771
451 319 2205 408 sic ly per se, non excludit in dicto suo rationem respectus ad intellectum quem habet ex sua natura:
449 402 2197 465 non per aliquod additum ei: sed excludendo adminiculum exterioris cognoscentis, explicat quod verita.
459 448 2214 528 potest esse in re: etsi nullus actualiter eius notitiam habeat. Vnde subdit immediate. Nec fieri potest:
459 507 2203 569 vt per seipsum dis. sine cognitione) lignum sit: & verum lignum non sit. Ex quo vlterius statim concludit
463 562 2209 630 definitionem praedictam. Verum est id quod est. vbi clarum est, quod ibi appellat quod est: rem absolutam ab actu co-
472 622 1633 693 gnoscentis: quamquam includit in se respectum ad ipsam, vt dictum est.
803 669 2215 730 Irca Quartum arguitur quod veritas dei non sit in eius essentia: quia veritas est ad-
807 721 2206 791 aequatio quaedam rei & intellectus secundum lsaac de definitionibus. Sed adaequatio
809 781 2216 846 talis non est in ipsa quiditate & essentia: sed in ipsa cognitione qua capitur in-
800 835 2212 904 tellectum in ipso intellectu. ergo &c. ⁋ Quia autem non sit in eius intelligentia ar-
809 883 2207 948 guitur, quia philosophus dicit in vi. Meta. de cognitione in qua dicit esse verum vel
803 939 2219 1000 falsum: quod non est de simplicibus, & de eo quid quid est. Sed intelligentia siue co-
469 988 2217 1065 gnitio diuina non est nisi de simplici & de eo quod quid est: quia non nisi suam essentiam simplicem intelli
467 1047 2215 1119 git, vt habitum est supra. ergo &c. ⁋ Quia sit in vtroque arguitur sic, quoniam quiecquid est verum, veritate quae est in
465 1099 2214 1162 ipso est verum. De inelligentia diuina bene dicitur quod ipsa est vera intelligentia: & simliter de eius essentia
472 1152 1958 1224 quod est vera essentia. ergo veritas habet esse & in dei intelligentia: & in eius essentia.
471 1197 2208 1283 ⁋ Dicendum. cum secundum praedicta tunc verum dicitur esse vnuquodque quod habet quod sua natura
472 1268 2216 1342 requirit, nec deficit in hoc, vt verus lapis dicitur qui habet quod ad naturam & essentiam lapidis requiri
476 1323 2209 1379 tur: & hoc sub ratione qua declaratiuus est apud intellectum sese esse huiusmodi: Deus autem & in essen
479 1375 2216 1435 tia sua, & in sua intelligentia habet quicquod habere potest: & quicquid natura eius requirit quo ad omnem
478 1432 2209 1506 rationem perfectionis eius: Idcirco dicendum est quod veritas est in deo tam in eius essentia, quam in eius intelli
472 1479 2214 1555 gentia, quam in omni eo quod in ipso est: sed aliter & aliter. Ad cuius intelligentiam notandum: vtendo ma-
465 1537 2211 1613 nuductione ex creaturis: quod cum secundum praedeterminata, veritas est propria ratio rei siue quiditatis
481 1584 2210 1646 siue essentiae quae est obiectum qua respicit intellectum: potest autem respicere quiditas vt obiectum ipsum in-
475 1643 2219 1715 tellectum dupliciter: Vno modo sub ratione potentiae: vt intelligibile est potentia intellectum: & intellectus est
480 1693 2215 1772 potentia intelligens: Alio modo sub ratione actus: vt intelligibile est intellectum actu, & intellectus actu intelligens:
476 1755 2209 1822 vbi sit quasi vnum conpositum constitutum ex intellecto & intelligente: Veritas ergo est ratio quiditatis
477 1807 2214 1870 respicientis intellectum: & vt est in potentia vtrumque eorum, & seorsum existentia diuersa: & vt in actu est
483 1861 2209 1923 vtrumque eorum: & vnum ex ambobus: quorum vnum est sicut forma, vt intelligibile: alterum sicut materia
481 1916 2209 1981 vt intellectus. Et sic primo modo veritas est ratio rei: vt res est existens secundum se extra intellectum. S
484 1967 2217 2034 cundo modo, vt est forma intellectus existens in intellectu. Necesse est ergo ponere secundum hoc, quod veri
474 2016 2226 2078 tas in creaturis respectu intellectus creati, in quibus secundum rem differunt id quod est intelligibile extra
476 2073 2216 2139 & ipse intellectus, habeat esse dupliciter:r & in essentia rei secundum se: & in intellectu in actu: siue in intelligen
487 2130 2222 2190 tia quae est de ipsa. In deo igitur: quia licet re non differant intellectus & intellectum, differunt tamen ratione: ideo
480 2181 2213 2244 etiam secundum illos duos modos veritas ponenda est esse in ipso scilicet & in eius essentia: & est in eius intelligentia: & per
483 2227 2221 2295 eius essentiam in omni quod diuinam essentiam in se includit: vt sunt attributa & personae diuinae. Essentia enim
483 2288 2214 2349 diuina vt deitas, vera deitas est: & bonitas, vera bonitas est: & pater, verus pater est: vt veritas di
483 2339 2211 2399 catur esse in omnibus illis eo modo quo deitas. Et per hunc etiam modum habet esse in diuina intelligentia sicu
486 2395 2217 2449 in quodam attributo. Ipsa enim vera intelligentia est: & omnia haec vera sunt: quia re non sunt nisi dei-
486 2446 2217 2519 tas: & propriae rationes quaes nominant supra deitatem, in deitate vt deitas est fundatae sunt, vt patet ex su
489 2492 2209 2564 pra deteriatis. Sed super modum essendi veritatem in omnibus quae sunt in deo: est specialis modus quo veritas
493 2558 2211 2625 habet esse in eius intelligentia: no scilicet secundum iam dictum modum: vt ipsa intelligentia est natura cognitiua in
496 2608 2210 2680 se: sed vt est continens in se notitiam rei cognitae. Primo enim modo non est veritas aliter in intelligentia
489 2659 2201 2720 dei quam in voluntate, vel in essentia, vel in bonitate, & caeteris quae deo attribuuntur. Singula enim horum vi
492 2717 2210 2773 ra sunt in natura & essentia sua qua sunt id quid sunt. Secundo autem modo est specialis modus essen
492 2770 2216 2845 di veritatem in dei intelligentia, quo non est in aliquo aliorum: inquantum. scilicet veritas quae est in natura & quidi
497 2816 2212 2879 tate cogniti, relucet in cognoscentis intelligentia: vt sic diuina intelligentia non solum dicatur esse ve-
485 2872 2209 2935 ra veritate qua est in re ipsa diuina natura & essentia: sed veritate qua dicitur esse vera veram no
497 2923 2217 2990 titiam siue comprehensionem habendo de ea. Quae quidem notitia in intelligentia creata est forma eius inhaerens ei.
495 2975 2206 3038 dans ei esse tale quodammodo: quaele habet res extra: vt per hoc sint idem quodammodo intelligens & intellectum
491 3038 2213 3103 & eadem veritate vera. In deo autem est forma intellecta re eadem cum intelligente: differens sola ratione
502 3091 2203 3154 Per hunc ergo praedictum modum generaliter verum est quod veritas cuiuslibet rei duplex esse habet. vnum
508 3137 2202 3200 in se & in sua natura quae est id quod est. Alterum in intelligentia quae est in eius actuali notitia. Et sic absolute
508 3197 2213 3286 dicendum quod veritas dei quae est ipse deus, & habet esse in eius essentia vt essentia est & natura, & in
509 3250 1963 3332 eius intelligentia: non tamen vt forma inhaerens: quod amplius patebit ex quaestione sequenti.
