2330 3771
570 357 1817 459 lso quomodo debet poni in deo ratio intelligibilis tanquam ob
577 436 1813 502 iecti cognitionis intellectiuae: sequitur quomodo debet poni in eo ratio
586 497 1817 562 intellectus tanquam potentiae qua agit suam operationem intellectiuam. Et
585 549 1830 615 occasione eius quod intellectus est in deo quasi potentia quaedam, circa hoc
581 604 1825 669 quaerenda sunt duo. Vnum de potentia in generali. Aliud vero in specia-
580 655 1829 742 li de potentia quae est intellectus. Et circa primum istorum quaerenda
576 702 756 763 sunt octo.,
583 731 1348 831 Primum: vtrum in deo sit potentia aliqua.
576 787 1517 891 Secundum: vtrum in deo sit aliqua potentia passiua.
581 862 1277 945 Tertium: vtrum sit vna tantum an plures.
84 916 884 1000 Quartum: vtrum in deo sit potentia actiua.
81 966 753 1045 Quintum: vtrum sit vna an plures.
82 996 926 1087 Sextum: vtrum potentia dei actiua sit infinita.
93 1072 1188 1172 Septimum: vtrum sit differens a substantia & etiam ab actu.
97 1131 880 1207 Octauum: vtrum dicat quid, an ad aliquid.
411 1199 1814 1277 Irca primum arguitur quod in deo non sit aliqua potentia Primo sic. potentia & actus
417 1258 1837 1340 secundum Philosophum. ix. meta. sunt contraria. Nunc autem in contrariis ita est quod in
418 1310 1825 1377 quo inest vnum contrariorum naturaliter vt igni calidum, non inest reliquum neque po
407 1370 1831 1436 test inesse: vt igni non potest inesse frigidum, sicut dicit Philosophus in praedicamentis. Sed in
410 1425 1830 1484 deo naturaliter inest quod sit actus purus omnino non admixtus. potentialiter enim
402 1474 1839 1538 non esset omnino simplex, vt habitum est supra. ergo &c. ⁋ Secundo sic. sicut se habet primuma
400 1518 1829 1602 & summe ens in potentia ad actum, sic se habet primum & summe ens actu ad potentiam.
92 1574 1824 1651 sed ens primum & summe in potentia cuiusmodi est prima materia, ex sua natura in se considerata nullum omni
90 1640 1822 1705 no in se habet actum, vt debet ostendi loquendo de prima materia. ergo primum & summe ens in actu: cuiusmo
85 1693 1840 1764 di est deus, vt habitum est supra: ex sua natura in se nullam omnino habet potentiam. ⁋ Tertio sic i
87 1738 1830 1818 Philosophus vult. viii. metaphysiy. quod potentia nobili, nobilior est actus. Multo fortius ergo & potentia
91 1791 1823 1858 ignobili. sed solum id quod est nobilius in rebus deo attribuendum est, vt habitum est supra. ergo
88 1852 1833 1912 &c. ⁋ Quarto sic. Philosophus etiam ibidem. In eodem numero semper potentia praecedit actum, Deus est
93 1908 1814 1973 vnus & idem numero, vt habitum est supra. Si ergo potentia est in ipso, praecedit actum. Sed actus eius
83 1954 1811 2018 in quo omnes diuini actus fundantur est esse. aliquid ergo in deo vt potentia praecederet esse. hoc au
95 2007 1827 2081 tem est impossibile: quia esse in quolibet est intentio prima & primus conceptus, vt habitum est su
96 2064 1819 2131 pra. ergo &c. ⁋ Quinto sic. Philosophus dicit. viii. meta. Nullum aeternorum est in potentia. vbi dicit Com-
98 2119 1836 2193 men. Potentia enim non est nisi in generabilibus & corruptibilibus. Deus autem est summe aeternus, & ideo
95 2170 1825 2242 ingenerabilis & incorruptibilis, vt habitum est supra. ergo &c. ⁋ Contra lob. xxxv. Deus potentes non
94 2220 1819 2305 abiicit, cum & ipse potens sit. & Eccle. iii. Magna est potentia dei solius. Sed nonem potentia alicuius ne
92 2287 996 2349 quod aliquis est potens, nisi in eo sit potentia. ergo &c.
90 2315 1829 2404 ⁋ Secundum quod supra determinatum est circa modum cognoscendi deum: & ea quae
91 2399 1840 2466 cognoscenda sunt circa ipsum: in cognoscendo deum & alia circa ipsum quae ei sunt attribuenda, ma
88 2451 1824 2508 xime oportet procedere via remotionis: quia etiam via causalitatis & eminentiae fundatur supra viam remo-
88 2498 1826 2561 tionis. Remouendo enim a deo omne quod causatum est ab eo in creaturis, sub ratione illa quae est in creaturis pro
93 2555 1821 2621 pter eius imperfectionem: econtrario tanquam causae & supereminenti attribuitur quicquid perfectionis inuenitur in eis, sed
94 2612 1824 2678 modo supreminentiori, vt supra determinatum est. Via igitur remotionis a deo eius quod est oppositum po
104 2666 1820 2727 tentiae, oportet videre quom necesse habemus ponere quod in deo sit potentia. Est igitur sciendum quod potentiae priua
101 2716 1820 2781 tiue opponitur impotentia siue carentia potentiae: contradictorie vero non potentia, siue negatio potentiae. Impo
94 2779 1811 2837 tentiam autem siue priuationem aut carentiam alicuius potentiae impossibile est ponere in deo: quia priuatio & carentia
97 2829 1821 2892 non est nisi eius quod natum est habere: & non habitum pro tpere pro quo natum est habere. secundum Philosophum in praedicamentis: &
93 2879 1821 2940 in v. &. ix. met, quod est magnae imperfectionis: & ideo nihil priuatiue ponendum est deo inesse. Vnde nec infinitus po
98 2932 1806 3006 terit dici priuatiue, vt infra videbitur. Aut ergo oportebit nos ponere potentiam aliquam deo inesse: aut quod
98 2982 1808 3050 potentia omnino non est nata esse in deo: sicut nec impotentia: veluti lapidi neque visio nata est inesse neque caecitas:
106 3039 1827 3098 & quod sic negatio potentiae simpliciter vere deo attribuatur: vt sicut lapis dicitur non videns, Deus dicatur non po
96 3100 1813 3152 tens. Etenm licet non de quolibet priuatio vel habitus: sed solum de proprio subiecto pro tempore in quo al
93 3154 1823 3218 terum eorum natum est inesse: de quolibet tamen siue enti siue non enti: affirmatio siue negatio cuiuscumque
90 3193 1813 3276 & non simul de eodem, Deus ergo si non dicendus est esse potens habendo in se potentiam, vere dicendus est esse non
