2327 3787
489 301 2233 398 potentia quae est in separatis a materia siue a contrario in contrarium, siue a contradictorio in contradictorium
488 377 2231 443 & maxime de illa quae est in deo, nullo modo intelligi potest. ⁋ Ad quartum quod deus est vnum in quo non est aliud,
498 434 2226 500 & ideo non patitur a se, nec ab alio, quia nihil est nobilius eo: nulla ergo potentia passiua est in eo: dicendum quod
499 479 2236 544 absolute verum est, quia nullo modo patitur ab alio a se, & ideo nullo modo habet in se potentiam passiuam re
495 537 2229 603 spectu potentiae actiuae ad patiendum aliquod ab alio, quia talis passio non esset nisi per transmutationem suam, cuius
493 584 2238 653 non est susceptibilis, quia est primus motor, vt habitum est supra. Quia ergo patitur, hoc est a seipso, & habet in
493 647 2236 713 se potentiam passiuam respectu potentiae actiuae sui in seipsum. Et quod arguitur quod nihil vnum patitur a se secun
493 694 2245 757 dum quod vnum: sed si patitur, hoc est secundum quod aliud: & ita est compositum: dicendum quod in eodem vno possunt
498 749 2239 818 intelligi aliud & aliud distincta re absoluta, vel distincta ratione solum, vel re respectiua. Primo modo
509 801 2228 875 oportet differre ea quae patiuntur a se per transmutationem naturalem a contrario in contrarium, in quibus
502 849 2247 927 agens vt agens debet est in actu, & patiens vt patiens in potentia, non in actu. Potentia enim vt dicit Commen.
505 912 2242 984 est non esse, & actus est esse: & talia tanquam contraria non possunt simul esse in eodem omnino simpli
497 967 2236 1033 ci re absoluta. Agens enim in principio est contrarium: in fine vero simile, & tunc cessat actio. Differunt
494 1017 2251 1091 autem secundo modo agens & patiens in deo: quorum diuersitas nullam compositionem facit omni
502 1074 896 1156 no, vt iam videbitur.
815 1108 2245 1188 lrca tertium arguitur quod in deo sit tantum vna potentia passiua. primo sic. Cum po
816 1179 2246 1247 tentia & actus sibi inuicem respondeant, vbi non potest esse nisi vnus actus, neque ni
822 1234 2248 1302 si vna potentia. In deo autem non est nec potest esse nisi vnus actus, quia ipse non
819 1286 2238 1348 est nisi purus actus, & singularitas quaedam in natura essentiae suae, vt habitum est su
815 1348 2241 1412 pra. ergo &c. ⁋ Secundo sic. Magis differt potentia passiua ab actu quam vna potentia
819 1408 2241 1458 ab alia, quia alia semper est ratio actus vt actus, & potentiae vt potentia est. diuer-
813 1446 2247 1519 sarum autem potentiarum vt potentiae sunt, semper vna & eadem ratio est. sed
507 1501 2239 1567 in deo potentia & actus sola ratione differunt & non re. ergo in deo vna potentia ab alia nec ratio
501 1569 2251 1625 ne differt. sed tales omnino sunt vna & eadem potentia, & nullo modo diuersae. ergo &c. ⁋ In con
508 1614 2251 1675 trarium est, quoniam in deo est potentia intelligendi generandi & spirandi. sed potentia intelligen
504 1661 2252 1726 di est potentia quaedam passiua, quia secundum Philosophum intelligere pati quoddam est. Potentia simili
506 1720 2241 1786 ter generandi vt generetur, & spirandi vt spiretur, non sunt nisi potentiae quaedam passiuae, quia generari
512 1769 2251 1835 & spirari vt passiones quaedam sunt in deo principiatae ab actionibus generandi & spirandi actiue,
520 1826 1173 1884 vt amplius infra exponetur. ergo &c.
513 1889 2246 1956 ⁋ Dicendum ad hoc: quod licet omnia quae sunt & considerantur in deo, idipsum sunt in re
498 1940 2250 2011 naturae & essentiae: differunt tamen ratione quadam & respectu, sicut videbitur infra loquendo de differentia attri
500 1995 2244 2063 butorum, & de distinctione personarum & per hoc quod sic differunt, diuersis & propriis vocabulis exprimum
506 2048 2251 2116 tur penes proprias rationes & respectus a quibus sit nominum impositio, licet eadem sit res cui sit imposi
500 2109 2247 2175 tio in omnibus diuinis nominibus. Quandocunque ergo fit quaestio de aliquo vel aliquibus quae reperiuntur in deo
504 2153 2252 2224 propriis vocabulis expressa, intelligenda est habendo respectum ad propriam rationem eius a quo sit nominum
501 2206 2253 2276 impositio: non autem ad identitatem rei. Nunc autem de ratione potentiae & actus ita est, secundum quod dicit Phi
498 2266 2248 2329 losophous. ix. Meta. quod oportet considerare ea secundum conuenientiam & proportionem quandam, sicut est
504 2315 2254 2387 proportio aedificatoris ad aedificatum, & non quaerere in eis definitionem simpliciter, sicut in absolutis.
513 2387 2245 2440 vnde dicit ibi Commen. Non oportet quaerere definitionem in omnibus rebus eodem modo. Definitio-
508 2436 2254 2494 nes enim rerum non relatiuarum debent esse alio modo a definitionibus rerum relatiuarum: cum significatio de
501 2481 2245 2542 finitionis debet esse aequalis significationi nominis. Secundum hoc ergo cum quaeritur hic de diuersitate vel plu-
507 2530 2261 2598 ralitate potentiarum passiuarum, quae sunt relatiuae ad suos actus, & vtrumque eorum accipitur in defini-
510 2584 2246 2651 tione alterius, nihil ad quaestionem de natura rei, in qua omnia quae in deo sunt idem, sunt. & sic omnis
500 2640 2239 2707 potentia in deo vna potentia est. sed referenda est quaestio ad potentiam passiuam sub ratione qua po-
511 2689 2247 2753 tentia passiua est scilicet ratione sui respectus a quo sit huiusmodi nominis impositio & non alterius in diuinis.
525 2743 2253 2806 Vnde cum ratio respectus importati nomine potentiae sit ad actum, idcirco potentia passiua debet di-
508 2797 2258 2865 stingui & diuersificari ex diuersitate actuum ad quos sunt, & cognoscenda est diuersitas & definitio
513 2856 2260 2923 potentiarum passiuarum. Nunc autem ita est, quod in rebus naturalibus potentia passiua respicit duplicem
501 2905 2255 2972 actum quo perficitur, vt iam dictum est supra: vnum qui est ipse motus & transmutatio, cuius est
505 2955 2254 3028 per se & primo principium susceptiuum: alium qui est ipsa dispositio acquisita per motum, vt for-
501 3012 2264 3076 ma substantialis vel accidentalis qualitatis aut quantitatis, aut situs in vbi. Et consimili mo-
515 3065 2258 3130 do, licet in deo non sit motus aut transmutatio in qua fundetur actio & passio, quae tamen sunt
508 3118 2242 3189 in potentia secundum rationem respectus & collationis, verae actiones & passiones essentiales &
501 3184 2233 3243 personales sunt. Sunt enim verae actiones essentiales in deo intelligibilis ad intellectum, volun
514 3233 2251 3314 tatis ad volitum. Sunt etiam verae actiones personales generare, spirare. de quibus erit sermo in-
