2341 3786
525 332 2273 406 non potest aliquid esse medium inter substantiam & eius operationem: quia deus ipse agit per suam
532 392 2258 454 essentiam immediate. aliter ipsa de se non sufficeret sibi. ergo &c. ⁋ Secundo sic. vt iam dictum est, po-
525 440 2264 512 tentia actiua est principium transmutationis in aliud, secundum quod aliud est. sed deus quia nihil prae
526 492 2256 567 supponit in quod agit, producit ex nihilo. ergo &c. ⁋ In contrarium est, quod nihil agit aliquid quod non
529 554 2268 630 potest agere, vt habitum est supra. Deus multa agit. ergo illa potest agere. Illud autem quo res
527 610 1374 686 potest agere, est potentia actiua in ea. ergo &c.
522 685 2272 783 ⁋ Dicendum ad hoc, quod sicut potentia simpliciter cognoscitur inesse deo ex respectu
525 768 2263 829 ad actum simpliciter qui reperitur in deo, & potentia passiua ex respectu ad actum ad quem est: sic
529 820 2270 886 potentia actiua cognoscenda est inesse deo ex respectu ad actum ad quem est. Ad cuius intellectum scien
534 872 2270 938 dum: quod cum secundum superius determinata duplex sit actus in re: primus qui appellatur forma-
525 924 2272 992 comprehendendo motum & transmutationem siue passionem in re sub forma, vt habitum est su-
523 977 2268 1048 pra: & secundus, qui appellatur operatio egrediens a forma: secundum hoc duplex in re distinguitur
529 1040 2272 1099 potentia. Vna passiua: cui respondet actus primus, scilicet forma: vt perfectio: quae secundum quod
526 1096 2282 1155 est alia re ab ipsa forma, & praecedens eam tempore, in eodem deficiens est, & imperfectum quid. Et
532 1138 2281 1192 ideo omne quod in se habet huiusmodi potentiam, patitur & transmutatur ab alio per quod ad actundeducitur tanquam de
521 1189 2279 1260 ficiens & imperfectum. Et hoc modo (vt dictum est iam) non in deo: sed in solis creaturis inuenitur potentia pas
520 1253 2280 1314 siua: sed alia ratione inuenitur in deo: scilicet absque omni ratione defectus & imperfectionis: vt dictum
535 1301 2279 1367 est. Altera vero dicitur potentia actiua, cui respondet actus secundus, qui est operatio egrediens
521 1365 2267 1417 a forma, qua res est aliquid existens in actu primo. Vnde quanto aliquid magis perfectum est secundum
532 1407 2273 1472 formam & essentiam in actu primo, tanto magis convenit ei operari & agere in actu secundo, & es
528 1460 2275 1530 se principium actiuum. Id autem quo aliquid est principium actiuum, potentia appellatur. Deus
522 1514 2270 1577 autem (vt habitum est supra) purus actus est simplicissimus, & (vt ostendetur inferius) vniuersa-
528 1566 2278 1634 saliter perfectus ab omni defectu & imperfectione. ldeo in deo simpliciter ponendum est esse po-
537 1621 2284 1677 tentiam actiuam. ⁋ Ad cuius ampliorem intelligentiam sciendum quod licet sint duo modi poten
540 1675 2277 1740 tiarum distincti in naturalibus, actiue scilicet & passiue, tamen secundum veritatem rei, & famo
529 1726 2278 1791 sitatem vocabuli, illa quae est actiua, verius est & dicitur potentia, quam illa quae est passiua: ita quod
535 1780 2276 1848 quanto aliquid magis elongatur a natura passionis per receptionem alicuius transmutationis in
531 1834 2272 1897 se, & a natura potentiae passiuae, quae secundum philosophum, est principium transmutationis passiui,
533 1893 2283 1962 & secundum Commen. recipit transmutationem in se: tanto magis accedit ad naturam actionis egre-
532 1942 2277 2005 dientis a se, & ita ad naturam potentiae actiuae. Vnde etsi aliquid secundum se non sit natum age-
537 1996 2281 2063 re in aliud, si tamen natum est fortiter resistere passioni receptae ab alio, dicitur potens, secun-
536 2049 2281 2102 dum quod durum dicitur potens quia habet in se naturalem potentiam qua impulsui alterius resistit.
549 2104 2266 2167 Vnde dicit Auicen. viii. metaph. Inquantum non patitur aliquid nisi parum, vocatur potentia,
535 2146 2281 2216 quamuis nihil agat. Potentia etiam passiua qua aliquid de facili passionem illatam ab altero in se recipit,
540 2204 2276 2273 & minime resistit, etsi secundum nomen dicitur potentia, secundum rem verius dicitur impotentia. secundum quod di
541 2262 2266 2325 cit Philosophus in praedicamentis, quod molle aliquid dicitur eo quod habet naturalem impotentiam qua de facili pulsui al
530 2318 2269 2386 terius cedit. & tamen hoc non facit nisi quia potest cedere. Si enim non posset cedere, non cederet, iuxta supius
534 2367 2273 2441 determinata. Hinc etiam dicit Philosophus. v. meta. quod potentia dicitur in omnibus quibus res non pa
529 2416 2274 2496 tiuntur omnino neque transmutantur: & in eis quae in sua actione transmutantur, dicitur semper
541 2472 2267 2540 potens magis illud quod transmutatur in melius, quam quod in peius. sicut dicuntur potentes homi-
537 2528 2285 2594 nes qui possunt in bonitate sermonis: & illi qui sermocinantur non secundum quod oportet, non
528 2581 2282 2658 dicuntur potentes. Illud ergo quod ex sua perfectione & actualitate omnino natum est agere, & nul-
536 2632 2272 2694 lo modo ab alio passionem transmutationis recipere, vel impedimentum in sua actione quoquo
531 2689 2281 2746 modo, & quid semper natum est agere id quod melius est, secundum quod est possibilius, & nunquam id quod
537 2743 2281 2804 est deterius, illi verissime potentia actiua convenit. Inquantum enim non patitur (sicut dicit Auicen.
542 2796 2278 2868 in iiii. metaphie.) signum est intentionis quam vocamus potentiam. Et econtra illi quod remotissimum
539 2845 2287 2918 est ab eo in gradu naturae & essentiae, verissime convenit potentia passiua. Ille autem solummodo deus est,
546 2902 2280 2967 quia est purus actus, & purum esse, omnium continens in se perfectiones: vt infra dicetur. Ista autem
535 2963 2280 3016 est prima materia, quae est pura potentia, & nihil in actu eorum quae sunt, quantum est de se omnium
541 3006 2269 3075 imperfectiones in se continens. inquantum secundum Philosophum. xii. metaphysicae, formae omnes quae sunt in
547 3063 2260 3130 primo motore in actu, sunt in prima. materia in potentia. Propter quod dicit Philosophus. ix. meta
541 3122 2256 3192 quod omnes potentiae habent in se definitiones primae materiae & substantiae primae: quia omnes potentiae
542 3175 2274 3241 actiuae causandi aliquid in alio sunt attributae eidem potentiae, quae est principium actiuum omnium, & prima
543 3220 2262 3301 forma absoluta ab omni materia: ita quod quicquid potest agere, potest per virtutem & influentiam
