2293 3771
459 321 2201 397 intelligit diuinas perfectiones diuinae essentiae in esse, & secundum hoc ab aeterno quasi receptas esse
474 378 2198 443 in ipsa. De potentia vero actiua dicendum quod cum fundatur super actum primum: & perfectionem
470 432 2186 498 formalem eius cuius est: ita quod gradum perfectionis illius in natura & essentia sua sequitur gradus
474 491 2200 558 perfectionis in vigore, (perfectiorem enim caliditatem sequitur perfectior potentia calefaciendi) omnis
465 544 2192 611 igitur formalis perfectio in deo super quam fundatur potentia actiua, est infinita perfectione: quia re pe
463 590 2185 655 nitus est idipsum quod diuina essentia, vt habitum est supra: & illa omnino est infinita perfectione,
471 649 2187 711 vt infra videbitur. Omnis igitur potentia actiua in deo vt comparatur ad subiectum cuius est: &
467 698 2197 762 in quo fundatur: infinita est perfectione: sicut est & ipsa diuina essentia, & caetera huiusmodi attribu-
464 758 2206 810 ta. Sed praeter istum modum infinitatis communem cum essentia & aliis attributis eius, habet alium
466 811 2186 873 modum infinitatis respectu actus secundi, ad quem est vt principium eius: & non solum ex respe
458 863 2183 930 ctum ad ipsum actum, sed ex respectu ad ipsum productum per actum, quando ipsum procedit ex
463 910 2194 973 actu quod recipit mediante actu. Si igitur consideretur potentia dei actiua in respectu ad actum, & me
468 967 2193 1025 diante actu in respectu ad productum per actum: possumus secundum hoc distinguere duplicem re
462 1017 2189 1091 spectum potentiae: Vnum ad actum, alium ad productum per actum. Si primo modo, aut ergo ad
468 1072 2195 1137 actum manentem: intra diuinam essentiam: aut transeuntem extra ad creaturas. Si primo modo
470 1128 2183 1199 cum actiones omnes illas cuiusmodi sunt intelligere, gubernare, spirare, necesse sit ponere infini
469 1191 2183 1256 tas: cum re sint idipsum quod diuina essentia quae est infinita, vt infra patebit: necesse est ponere
470 1234 2184 1298 quod potentia dei ordinata ad huiusmodi actus eliciendos, sit infinita perfectione & vigore, sicut ipsa
469 1293 2183 1356 essentia, & alia eius attributa. Actum enim infinitum perfectione elicere non potest nisi potentia
471 1345 2180 1414 infinita vigore. lsta enim quatuor potentia, virtus, intensio, vigor, in eodem differunt in hoc quod actiua
475 1403 2180 1466 potentia nominat simpliciter id quo res potest agere siue actum elicere. Virtus autem nominat po
470 1453 2190 1514 tentiam secundum gradum suum vltimatum perfectionis suae quam habet in subiecto, siue fue
462 1508 2180 1577 rit remissa siue non: Intensio vero nominat potentiam secundum gradum aliquem persectionis
461 1559 2174 1617 quem habet in sua essentia, Potentia enim si in gradu vltimato perfectionis quam habet in suo
457 1606 2190 1662 subiecto, non sit in aliquo gradu perfectionis in sua essentia secundum quod in formis recipienti-
463 1660 2185 1738 bus magis & minus ponimus gradus in latitudinem ipsius essentiae, non dicitur intensa: Et sic
458 1729 2185 1794 intensio nominat dispositionem circa potentiam quasi absolutam. Vigor autem nominat effica-
457 1779 2184 1845 ciam quandam in modo eliciendi actum: vt vigor addat super intensionem respectum quendam
466 1828 2180 1886 ad actum, quo scilicet ad modum eliciendi ipsum. Si vero potentia dei actiua consideretur in
450 1877 2190 1945 respectu ad actum transeuntem extra: aut ergo est actus quo creatura producitur in esse: aut est
455 1941 2186 1994 actus circa creaturam iam secundum actum in esse productam. Actus ille primus est actus crea
458 1987 2187 2048 tionis. Nunc autem ita est in actibus eliciendis per potentiam actiuam agentis, quod quanto actus ma
457 2039 2173 2106 gis distat a potentia passiua ordinata ad ipsum: tanto maior requiritur vigor in potentia agen-
460 2102 2176 2167 tis ad absoluendum illam potentiam, & ad educendum rem illam de potentia in actum. Verbi gra-
451 2152 2184 2209 tia, potentia qua glacies dissolubilis est vt liquefiat, minus distat ab actu liquefactionis: quam illa qua
466 2203 2182 2264 dissolubile est plumbum: & illa minus quam illa qua dissolubile est argentum, & illa adhuc minus: quam illa
459 2258 2179 2331 qua dissolubile est aurum. Virtus ergo maior requiritur in vigore ad dissoluendum aurum quam ar
473 2321 2177 2382 gentum, & argentum quam plumbum, & plumbum quam glaciem. Cum igitur in infinitum plus distet po-
462 2361 2178 2432 tentia qua aliquid est productibile ex nihilo, a quacumque potentia qua aliquid producibile est ex ali-
459 2422 2181 2478 quo, oportet quod potentia qua elicitur actus producendi aliquid ex nihilo, in infinitum sit maior in
461 2474 2164 2543 vigore quacunque potentia finita eliciente actum producendi aliquod ex aliquo. Talis non est nisi potentia
469 2520 2181 2599 infinita vigore: Idcirco dicendum est, quod potentia dei actiua ad producendum aliquid ex nihilo per
463 2588 2164 2646 creationem, necessario est infinita vigore. Si vero potentia dei actiua consideretur respectu actus
468 2631 2169 2696 circa creationem iam productam in esse: ille potest esse actus temporalis transiens: vt est motus la-
475 2681 2174 2762 pidis de loco ad locum: aut est actus aeternaliter perseuerans. Ex primo actu nullo modo argui
460 2745 2167 2814 potest infinitas vigoris in diuina potentia: eo quod talis actus finitus scilicet est & determinatus, &
459 2787 2170 2858 limitatus in persectione sua: & nullum tale inquantum huiusmodi, potest attestari super aliqua
460 2851 2178 2913 infinitate in sua causa. potest tamen in secundo actu: vt iam dicetur. Si vero potentia diuina conside
469 2909 2172 2967 retur in respectu ad productum per actum: tunc distinguendum est sicut iam distinctum est de
460 2953 2167 3016 actu. Aut enim consideratur respectu producti intra se, vel extra. Si primo modo: tunc dicendum
462 3018 2160 3082 quod respectu illius ponendum est potentiam dei esse infinitam vigore: quia productum est infinitum perfe-
471 3070 2168 3132 ctione, vt est quelibet diuina persona, sicut dictum est de ipsa potentia comparata ad actus quos intra
469 3113 2168 3188 deum elicit. Si vero consideretur in respectu ad productum extra. scilicet in creaturis, aut ergo ad singulum
466 3166 2171 3252 productorum secundum se, aut ad vniuersa producta & producenda secundum ordinem vnum post alterum in infinitum.
