2363 3786
144 323 1893 438 sub ratione alicuius respectus aut negationis: etiam hoc nomen substantia, secundum quod declarat ibidem: & vi
147 401 1878 492 debitur inferius. Loquendo ergo de modo relationis Secundo, dicendum quod potentia significat ad aliquid: &
140 464 1879 545 a ratione respectus imponitur. Vnde Auicen. inter nomina attributorum deo, quae significant esse diuinum cum ratione
135 508 1885 592 reiationis, ponit hoc nomen potentia, dicens. Cum vero dicitur potentia: non intelligitur per hoc nisi quia necesse est
129 571 1873 649 relatu esse. Vnde licet ipsa diuina essentia se ipsa potest: non per aliquod additum: vt secundum rem non sit aliud poten-
131 616 1884 703 tia quam ipsa essentia: vt ipsa diuina essentia pura subintret rationem potentiae: & quasi induat eam: tamen alia est ratio po
130 675 1874 759 tentiae: alia vero est ratio essentiae. Essentia enim significat vt subsistens: potentia vero significat vt proprie
125 729 1872 805 tas ad aliquid respiciens quod in suo significato includit essentiam sub ratione illius proprietatis: vt suum si
125 779 1875 862 gnificatum sit quasi compositum ex duobus scilicet ex ipso subsistenti quod significat quasi materialiter: & illa pro
115 831 1863 918 prietate quam significat quasi formaliter, quod tamen nullam ponit compositionem in deo: quia proprietas negatiua aut
119 890 1870 971 respectiua additur subsistenti sine omni compositione: vt infra videbitur. Vnde Auicen. iiii. Meta. ca. xvi. loquens
123 942 1871 1018 de formali significato huius nominis potentia, dicit. Ois intentio quae est: vel est non existens in subiecto: vel
110 1001 1872 1074 est existens in subiecto, quicquod autem est existens non in subiecto: illud habet esse proprium: quod non debet esse relati
127 1056 1864 1125 uum. Possibilitas vero essendi non est nisi inquantum est secundum relationem ad illud cuius est possibilitas es
110 1097 1855 1173 sendi. igitur non est possibilitas essendi substantia quae non est in subiecto, est igitur intentio quae est in subiecto,
111 1147 1868 1239 ldem in eodem dicit. substantia non est ad aliquid per se ipsam: sed ei accidit ad aliquid. Huic igitur existenti per se
112 1208 1862 1293 est etiam amplius praeter esse suum, esse possibile, quod est ad aliquid. Potentia igitur re & materialiter significat quid,
111 1260 1863 1335 secundum, propriam autem rationem attributi quae differt ab essentia vt essentia est: & ab aliis attributis formaliter si-
119 1319 1865 1397 gnificat ad aliquid: non secundum veram relationem: quae est secundum esse: sed quam est secundum rationem tantum. Praedicamentum enim re
117 1371 1846 1450 lationis in deo distinctum contra substantiam, vt generaliter sumitur: non est vnius modi: nec ad vnum modum rela
107 1427 1855 1501 tionis reducuntur omnes potentiae: ita quod licet septem praedicamenta ad vnum praedicamentum relationis reducuntur in deo:
99 1477 1860 1553 vt habitum est supra: non tamen ad eundem modum relationis. ⁋ Ad quorum explanationem sciendum: quod in deo duplex
106 1532 1841 1609 est modus relationis. Vnus enim est modus relationum essentialium: Alter vero personalium. Essentialium autem ad
108 1582 1847 1658 huc duplex est modus. quaedam enim sunt rationes essentiales essentialium attributorum, quaedam vero personarum. Re
93 1632 1848 1720 lationes essentiales personarum sunt relationes fundatae super vnitatem diuinae essentiae: vt habet esse in diuer
108 1690 1841 1765 sis personis: vt sunt identitas: similitudo: & aequalitas: quibus personae referuntur inter se. Relationes vero essentiales
102 1747 1845 1818 essentialium attributorum duo sunt modi in deo. quaedam enim sunt respectus: qui tantum sunt ad aliquid, & nihil dicitur
101 1795 1841 1872 secundum eos relatiue ad aliud fundari super essentiam absolutam: quibus attributa distinguuntur inter se: vt tamen re-
100 1847 1848 1935 lata ad intellectum concipientem eandem essentiam diuersimode sub diuersis rationibus attributorum: quae sunt boni-
108 1908 1836 1982 tas, lapientia, potentia intelligendi: potentia creandi: & huiusmodi. Aliae vero sunt respectus fundati super essentiam
104 1966 1845 2031 absolutam: qui sunt ad aliud: & secundum quos attributa quorum sunt, dicuntur inter se: non solum respiciunt intelle
106 2012 1841 2092 ctum comprehendentem ipsam diuinam essentiam diuersimode sub ipsis absque diciad aliud: vt sunt in deo scientiae &
105 2067 1838 2142 scibile: & siqua alia sunt attributa huiusmodi. Relationum vero personalium duplex est modus. Quaedam enim sunt
117 2123 1835 2200 respectus quid fundantur praecise super essentiam vt essentia est, existens tamen in persona. Aliae vero sunt respectus quid sun
105 2182 1838 2241 dantur super essentiam vt est existens in persona: & habet rationem potentiae. Et illae de primo modo sunt in duplici ge
110 2232 1832 2292 nere. Quaedam enimpertinet ad personae constitutionem: vt est ingenitum in patre: Quaedam vero est personae iam consti
112 2291 1838 2343 tutae: vt sunt potentia generandi actiue & passiue dicta: quibus adhuc personae non dicuntur inter se: licet re
111 2334 1837 2408 spiciant sese. Relationum vero quae sunt respectus fundati super essentiam vt est existens in persona: & habet rationem
116 2399 1832 2465 pesonae, simliter duplex est genus, quaedam enim imediate fundantur super illam rationem potentiae: vt sunt generare generari,
111 2449 1835 2515 spirare spirari: quibus adhuc personae non dicuntur adinuicem, licet sese respiciant, quaedam vero immediate fundantur
111 2495 1837 2568 super rationem actus fundati super potentiam, & mediante actu super illam potentiam: vt sunt respectus personarum inter
111 2552 1837 2620 se producentium, & productarum: sicut paternitas, filiatio, communis spiratio actiua & spiratio passiua: quibus
117 2610 1832 2675 etiam personae ipsae inter se referuntur: & sunt verissime & propriissime relationes. Quartum vna est notio-
108 2660 1840 2726 nalis tantum: vt comnis spiratio actiue dicta. Tres vero aliae sunt proprietates personales: vt paternitas, filiatio,
105 2717 1835 2785 & comnis spiratio passiue dicta. Et quia relationes istae vltimae tres verius habent esse relationis quam sit relatio in
105 2776 1818 2828 aliquo praedictorum modorum, ideo ad videndum gradus respectuum & relationum tam in deo quam in creaturis,
105 2828 1829 2894 Sciendum quod omnis respectus est relatio, & econverso, generaliter vtendo nomine relationis: ita quod vera relatio est verus
106 2873 1823 2930 respectus: & realis relatio realis respectus: & secundum rationem relatio, secundum rationem respectus & econverso. cuius
106 2928 1824 3001 generaliter natura est talis: quod ipsa vt est relatio & respectus quidam, est ad aliud: & numquam dicitur ad aliud vt con
124 2980 1819 3041 patur ad obiectum: licet aliquo modo vt comperatur ad subiectum. Ptri enim dicitur ad aliud vt ad obiecum. scilicet ad filium. Pater
106 3036 1834 3091 nitas vero licet possit dici pris prinitas: vt ad subiectum: ad modum quo omne accidens & hambens modum accidem
111 3091 1829 3158 tis potest dici ad subiectum: vt iam dicetur: non tamen potest dici ad aliud: vt ad obiectum. Non enim dicitur paternitas
112 3139 1825 3204 filiationis paternitas: licet vere possit dici quod sit ad aliud. Paternitas enim respectus quidam est ad ali
111 3195 1824 3259 ud: vt ad filiationem: sed non dicitur ad illam: sed solummodo eius subiectum per ipsam dicitur relatiue ad
118 3247 1835 3326 subiectum filiationis. & ideo concretum ex subiecto & respectu proprie dicitur ad aliquid esse. Non
