2308 3769
493 309 2216 416 enim dicitur paternitas filiationis paternitas: sicut dicitur quod pater est filii pater. Non tamen talis naturae est
501 389 2221 465 omnis respectus scilicet quod subiectum siue fundamentum eius per ipsum dicatur ad aliud. Sistit enim ratio respe-
497 445 2221 514 ctus in aliquo quod non dicitur ad aliud per ipsum: & ideo non est respectus ille relatio proprie loquem
503 494 2219 569 do de nomine relationis. Non enim est proprie respectus aliquis relatio, nisi per quam subiectum suum ad
504 549 2222 620 aliud dicitur. Econuerso autem omnis relatio est respectus: quia includit respectum in se: cum superadditio
507 605 2214 675 ne alicuius alterius relationis: licet non ipsa secundum se dicatur ad aliud illud ad quod est: sed solum subiectum
507 663 2227 726 eius vt dictum est. Sciendum est igitur ad cognoscendum differentias respectuum & relationum tam in cre
505 718 2227 787 atura quam in creatore: quod ad relationem veram & proprie dictam: quae est relatio secundum esse: & dicit respe
501 764 2227 843 ctum pertinentem per se non per reductionem ad praedicamentum relationis, quinque conditiones debent concur-
504 821 2220 889 rere: per quas distinguitur ab omni alio siue sit respectus: siue absolutum quid. Oportet enim ad hoc quod rela
510 875 2230 941 tio sit vera relatio: quod secundum ipsam subiectum eius habeat ad aliud esse & dici mutuo consequentialiter, & non
496 925 2218 995 causatiue. Prima conditio communis est & generalis omni respectui. Omnis enim respectus habet esse ad
513 975 2231 1050 aliud vt ad obiectum, & facit subiectum suum super quod fundatur esse ad aliud: licet secundum ipsum non
505 1041 2224 1117 dicatur ad aliud. Hoc enim modo potentia inquantum potentia est, cuiuscumque sit ad aliud est: & fa-
514 1087 2219 1155 cit quod potens inquantum potens est sit ad aliud. Et hoc modo dictum est supra: quod esse creaturae relatio
519 1140 2218 1212 vera realis est: secundum scilicet generalem vsum relationis. est enim verus respectus ad creatorem: & per ip
514 1209 2223 1264 sum omnis essentia creaturae relationem & respectum habet secundum dependentiam quandam
501 1257 2221 1318 ad deum: & a tali respectu ad aliud nihil est absolutum quod nominatur esse natura & essentia aliqua
502 1301 2232 1369 siue in caelo, siue in terra: siue in creatore, siue in creatura: nisi solummodo ipsum diuinum esse: essen-
519 1353 2238 1425 tia dei: quae sunt primus conceptus & absolutus de deo: & differunt solo modo significandi: vt supra
507 1408 2236 1483 expositum est. Quantuncunque alia quaecunque sint absoluta: etiam si in deo dicuntur secundum substantiam:
513 1463 2226 1532 respectus tamen quosdam dicunt ad aliud: vt determinatum est supra, & amplius determinabitur infra. Et non
506 1515 2231 1592 plus habent de natura relationis omnes huiusmodi respectus: nisi quod esse habent ad aliud, & subiectum eorum per ipsos.
507 1574 2224 1654 Dici autem ad aliud non habent, neque substantia eorum per ipsos. Essentia enim creata inquantum est ens, non dicitur
506 1625 2230 1690 relatiue ad deum, non enim ens vel essentia in creaturis, dicitur dei ens vel esse: neque in deo dicitur attributum relati
511 1674 2231 1744 ue ad illud ad quod habet respectum: vt ad intellectum diuinum: respectu cuius accipienda est differentia attri
514 1729 2227 1800 butorum secundum respectus suos: vt infra videbitur. Aut si etiam sumatur in respectu ad aliquod aliud: vt ad
519 1783 2233 1857 intellectum creatum: vel ad aliquid quod est in creaturis: adhuc minus dicitur secundum relationem
514 1834 2236 1906 ad ipsum. Vnde post talia quae dicuntur respectus ad aliud siue dici ad illud: sunt alia quae dicunt respectus ad aliud
513 1898 2232 1956 & dicuntur ad illud: quae aliquantulum plus de natura relationis participant quam praecedentia. Talia au-
518 1949 2233 2011 tem sunt omnia illa quae aliquo modo habent esse in aliquo: siue vt accidens in subiecto, siue vt pers
522 1996 2235 2067 in toto: siue vt instrumentum in organico. talia enim realem dependentiam & respectum habent secundum
521 2051 2239 2121 id quod sunt ad illa in quibus sunt: sed non econverso. Vnde id quod est pars semper habet esse & dici ad totum: vt
524 2113 2235 2179 paries ad domum: & non econverso: simiter accidens ad subiectum: vt color corporis color & non econverso: &
520 2162 2224 2227 siliter organum: vt remus dicitur nauis remus: & non econverso: nisi per accidens assumendo denominationem ab eo
526 2212 2225 2282 quod ad ipsum dicitur: secundum quod de parte & toto ponit philosophus exemplum: vt caput dicitur capitati caput: & econverso ca
529 2267 2231 2342 pitatum capite capitatum. Et similiter ponit exemplum de instrumento & organico: vt remus dicitur rei remitae remus:
529 2318 2235 2389 & remitum remo remitum. De accidente & subiecto ponit exemplum Augustinus in. vii. de trinitate. Nec omnino ad se di
529 2376 2233 2441 citur color, sed semper alicuius colorati est. Illud autem cuius color est, etiam si eo quod coloratum dicitur ad colorem
531 2428 2236 2499 refertur: tamen id quod corpus dicitur ad se dicitur. Talem modum relationis Philosophus. v. Metap. innuit. secundum quod dicit Con
526 2480 2235 2549 ment. quod relatio est duobus modis: aut in substantia vtriusque relatiui: aut in substantia alterius tantum: & in
519 2536 2230 2601 alterum propter istud. Oia enim quae dicuntur modo nueri: vt duplum, subduplum, & huiusmodi, & quae dicuntur modo potentiae,.
529 2592 2238 2654 vt calefaciens & calefactiuum, sunt relatiua: quia potentia eorum dicitur ad aliquid: & non quia illud aliud dicitur ad illa. Men
536 2644 2235 2711 suratum autem & intellectum & scitum dicitur relatiue: quia ad illud dicitur aliquod aliud. talia relatiua in deo esse non pos
531 2699 2234 2764 sunt: quia non potest esse in eo dependentia naturalis in vno extremo solum. Hoc enim non est fine differentia rea
536 2748 2241 2822 li. Vnde quaecumque dicuntur ad aliquod in deo: mutuo dicuntur secundum rem: licet ex parte alterius non sit nomen
524 2806 2241 2871 impositum: sed vnum mutuat nomen alterius: secundum quod dicit Augustinus vi. de trinitate. In multis relatiuis hoc contin
538 2855 2245 2933 git: vt non inueniatur vocabulum quo sibi vicissim rmndeant, quae ad se referuntur: cum dicimus donum patris & si
528 2908 2246 2982 lii: non possumus dicere patrem doni & filium doni: sed vt haec vicissim ramndeant, dicimus donum donatoris:
534 2968 2250 3035 & donatorem doni. Post talia ergo quae non mutuo siue convertibiliter ad se dicuntur, sunt alia plus verae re
540 3021 2236 3088 lationis participantia, quia vicissim & mutuo ad se dicuntur: sed non habent consequentialitatem quam requirunt ve
533 3068 2234 3143 ra relatiua. Ista sunt quae mutuos habent respectus ad se, quibus & dicuntur ad se mutuo: sed vnum eorum ad al
543 3135 2184 3198 terum in esse habet essentialem dependentiam: quemadmodum scientia ad scibile: alterum vero accidentalem: quemadme
526 3178 2192 3252 scibile ad scientiam. accidit enim scibili quod sciatur: essentiale aut est scientiae quod sit de aliquo scibili: & ideo conseq
537 3232 2219 3329 tialitatem non habent. Vnde nec potest iste modus relationis esse in deo: quia quaecunque ipsi insunt consequen
