2313 3786
981 460 2247 565 lso de potentia dei in generali, sequitur in speciali de poten-
988 558 2253 625 tia eius intellectiua: quae intellectus dicitur. Et circa hoc inquirenda
988 611 1232 680 sunt septem.
987 645 1683 723 Primum: vtrum intellectus sit in deo.
1006 715 1683 786 Secundum: vtrum potentia sit in ipso,
997 766 1970 835 Tertium: vtrum potentia actiua an passiua sit in ipso.
997 827 1741 885 Quartum: vtrum speculatiua an practica.
996 878 1736 940 Quintum: vtrum naturalis an rationalis.
993 934 1765 988 Sextum: vtrum sit compositus an diuisus.
943 976 1937 1056 Septimum: vtrum intellectus in deo sit discursiuus.
850 1043 2255 1114 Irca primum arguitur quod in deo non debet dici esse intellectus. Primo sic. Quan
854 1104 2254 1162 to ratio alicuius est perfectior: tanto prior: et si non in eodem, saltem in alio: quia
853 1155 2251 1217 omne minus perfectum habet reduci ad perfectius tanquam ad suum principium.
862 1210 2241 1267 propter quod reprehendit philosophus. xii. Metaph. illos qui dixerunt quod principia sunt
856 1267 2240 1330 imperfectissima. Perfectior autem est ratio actus intelligendi quam intellectus: quia
850 1320 2242 1376 non est intellectus perfectus nisi per suum actum intelligendi. ergo simpliciter
508 1374 2245 1443 prior est actus intelligendi quam quicunque intellectus: & hoc si non in eodem: tamen in alio. Si ergo in
515 1423 2244 1486 deo esset ponere intellectum: prior esset in ipso actus intelligendi quam eius intellectus, vel in alio. vtrum
507 1482 2243 1553 quod est impossibile: quia in eodem necessario intellectus praecedit actum intelligendi: & non potest
511 1541 2242 1602 actus intelligendi praecedere diuinum intellectum in alio. ergo &c. ⁋ Secundo sic, non est intellectus
510 1591 2248 1659 in aliquo nisi vt actu perfectiori perficiatur quam sit ille quem habet non ex ratione intellectus: sicut patet in
509 1645 2240 1710 homine cui datus est intellectus vt perficiatur actu intelligendi: qui est perfectior quam actus sentiendi
515 1696 2239 1757 vel essendi simpliciter quem habet non ex ratione intellectus. sed deus actu perfectiori perfici non po-
505 1749 2255 1811 test: qui est actus primus: qui est actus essendi purus subsistens: quia inquantum talis habet in se omnis
517 1804 2244 1871 perfectionis rationem: vt habitum est supra. ergo &c. ⁋ In contrarium est,. quoniam quod melius est esse ip
512 1859 2248 1930 sum quam non ipsum, deo attribuendum est: habere autem intellectum, melius est quam non habere: vt pa
512 1907 1152 1986 tet in omnibus aliis a deo, ergo &c.
514 1950 2256 2054 ⁋ Dicendum ad hoc: quod de natura & ratione materiae est quod est impeditiuum cogni
516 2034 2239 2099 tionis. vnde & dicit Philosophus in secundo de anima: quod plantae cognitionem non habent propter suam ma
516 2086 2239 2145 terialitatem: quia etsi habent aliquam virtutem animae: tamen habent eam omnino impressam mate-
510 2141 2237 2198 riae: ita quod non percipiunt obiectum nisi sub esse omnino materiali non abstracto aliquo modo a mate
504 2197 2242 2262 ria: quod requiritur ad rationem infimam cognoscendi. Vnde secundum quod aliqua minus sunt mate
502 2256 2246 2316 rialia: & habent obiectum minus materiale: tanto sunt magis cognoscitiua. Propter quod sensus est co
510 2308 2243 2367 gnitiuus in insimo gradu cognoscendi: quia. scilicet receptiuus est specierum materialium sine materia
514 2363 2236 2427 in organo tamen materiali: vnus tamen minus materialiter & magis cognitiuus est quam alter: quod non oportet
511 2408 2249 2471 hic exponere: & quod post sensum est magis separatum a materia: etiam sub esse adhuc minus materiali
507 2466 2247 2527 speciem recipit: vt intellectus: quem tanto magis necesse est ponere in re, quanto ipse magis est imma-
519 2526 2242 2588 terialis. Esse enim separatum a materia, est causa quare aliquid est intellectiuum aut aliquid intelligibile
513 2571 2240 2629 secundum actum: quemadmodum econtra materia impedit quod aliquid non sit intellectiuum seu actu intellectum.
503 2623 2232 2686 iuxta illud quod dicit Philosophus. iii. de Aia. In his que sunt sine materia, idem intellectus & quod intelligitur, quia
507 2682 2243 2738 scilicet illa separatio a materia, est ratio quare intellectiuum est intellectiuum: & quare intelligibile, secun
508 2739 2246 2804 dum actum est intellectum. Quare cum deus sit talis forma pura expers omnino materiae: vt habitum est su
527 2787 2243 2850 pra: & per se est speties & forma omnium rerum: eo quod in sua essentia omnium continet perfectio-
521 2851 2246 2913 nes: vt habebitur infra: Idcirco simpliciter est dicendum quod in deo est intellectus: & quod ipse sit sub-a
517 2891 1358 2951 stantia intellectualis cognitiua intellectualiter.
523 2947 2244 3019 ⁋ Ad primum in oppositum quod perfectius semper est prius vel in eodem vel in
513 3013 2236 3077 alio: Dicendum quod verum est quando illud quod habet rationem perfectioris, & quod habet rationem im-
526 3069 2242 3127 perfectioris in eodem distare possunt abinuicem: & differunt re vel intentione: secundum quod con-
515 3121 2242 3194 tingit quando est primo in potentia, & deinde vadit de potentia in actum. Non autem est verum: vbi
509 3175 2249 3229 omnino re & intentione vnum est idipsum quod alterum, & differunt sola ratione: sicut contin
513 3225 2243 3293 git in attributis deo. Semper enim ratio incompleti praecedit rationem completi quando sunt circa idem.
505 3283 2243 3357 Et sic secundum rationem intelligendi necessario intellectus diuinus praecedit actum intelligendi: quia
