2384 3785
161 343 1904 426 determinatione: quae quid determinat, potest non determinare: vt dictum est. Propter quod huiusmodi determi-
167 406 1912 485 nabilia diuinum intellectum intelligere potius est contigens quam necessarium, & verum contingens quam verum ne-
165 448 1896 537 cessarium: sicut quantum est ex parte obiecti, visibile quod potest absentari a visu vel abscondi, contingens est id vi
168 503 1897 577 deri ab oculo corporis. Necessitas autem in intelligibilibus circa diuinam essentiam est absoluta necessitas
162 556 1902 643 intelligendi ipsa in diuino intellectu. ⁋ Ad tertium patet per praedicta. Bene enim verum est: vt concludit
153 611 1900 697 argumentum: quod diuinus intellectus potentia naturalis est omnino habendo respectum ad sub-
151 663 1900 747 iectum, & etiam quantum est ex parte sua inquantum habet comparationem ad obiectum. Non ta-
148 731 1908 806 men sic naturalis: quin potest ab actione circa obiectum impediri. Nec est contra naturam poten
158 771 1892 853 tiae naturalis, quod per accidens valet ad opposita contradictorie: vt ignis comburere & non combu
155 828 1900 910 rere: sed contra naturam eius est quod valet ad opposita contrarie: vt calidum ad calefacere & fri-
144 883 1901 947 gefacere. & sic intellectus diuinus est potentia naturalis. & tamen potest per accidens in opposi-
150 946 1892 1019 ta. Sed quod aliquid per se possit in opposita respectu obiecti, hoc omnino impedit ne potentia re-
147 988 1900 1063 spectu obiecti dicatur naturalis. Et ideo voluntas diuina respectu voliti extra se, potius dicen-
153 1040 1214 1106 da est potentia rationalis quam naturalis: vt infra videbitur.
488 1126 1899 1222 lrca sextum arguitur, quod intellectus dei sit compositiuus & diuisiuus. Pri-
494 1203 1900 1265 mo sic. Cognitio veritatis enunciabilium est per intellectum componentem
496 1247 1893 1319 &idiuidentem: quia consistit in complexione affirmationis: aut negationis, se
498 1310 1897 1375 cundum philosophum in principio Peri herme. & secundum Boethium ibidem
492 1350 1898 1432 in commento. Non rerum conplexione fit affirmatio vel negatio: sed sermonum: nec
448 1406 1900 1485 in rebus est veritas aut falsitas: sed in intellectibus atque operationibus. sed in deo
132 1469 1892 1537 est cognitio veritatis enunciabilium: vt infra videbitur. ergo &c. ⁋ Secundo sic. Perfectius est ra-
132 1513 1905 1596 tio veritatis in intellectu: componente & diuidente, quam in eo qui est simplicium intelligentia: vt pa
125 1568 1905 1647 tet in parte ex praedeterminatis, & amplius infra patebit loquendo de veritate in creaturis. Sed quod
135 1620 1888 1691 perfectius est, semper deo attribuendum est in omnibus: vt habitum est supra: ergo ratio veri
130 1682 1889 1741 tatis debet attribui intellectui diuino vt componenti & diuidenti. ergo &c. ⁋ In contrarium est:
137 1735 1895 1803 quoniam intellectus diuinus cognoscit omnia per suam essentiam & in sua essentia: vt dictum est, &
132 1785 1892 1863 amplius infra dicetur. Circa essentiam autem suam nihil intelligit componendo & diuidendo: sed
138 1838 1897 1916 simplici intuitu totam infinitatem eius intuetur. Aliter enim esset discursiuus intellectus eius
136 1888 1886 1959 intelligendo vnum post alterum, quia non est compositio nisi posterioris concepti cum prius con
133 1945 1583 2022 cepto, cuius contrarium statim determinabitur in sequenti quaestione. ergo &c.
126 2000 1890 2064 ⁋ Dicendum ad hoc, quod non est intellectus componens aut diuidens: nisi praecedente sim-
126 2061 1877 2132 plicium intelligentia, & seorsum componendorum vel diuidendorum: quae licet sint indiuisa
144 2119 1881 2182 & indistincta re, diuersa tamen sunt & distincta atque seorsum concepta in mentis intelligentia. &
144 2165 1880 2245 hoc quia illa quae simul & indiuisa sunt in re, non simul sufficit & sub esse indiuiso cognoscere. Con
145 2228 1884 2286 positione enim & diuisione opus omnino non est vbi comprehenso de aliquo, simplici intelli-
132 2287 1876 2354 gentia eo quod quid est, statim indistincte simul cointelligitur quid ei conueniens, vel discrepans
139 2336 1877 2394 ab eo esse potest. immo in intellectu qui talis comprehensionis est, compositionem vel diuisionem conce-
141 2384 1877 2455 ptuum fieri omnino impossibile est: quia nihil ab eo vt seorsum extra aliud, & secundum prius &
141 2445 1881 2508 posterius capitur: quae necessario compositionem & diuisionem praecedunt. Nisi enim seorsum
145 2497 1873 2556 penes intellectum praecedentia, & per ordinem concepta in forma compositionis vel diuisionis
142 2550 1877 2603 apud intellectum ordinari non possunt: quia ipsa forma compositionis vel diuisionis, siue affir
141 2601 1868 2665 mationis vel negationis in re non existit: vt dicit Boethius: sed solummodo est dispositio intelle
135 2663 1871 2723 ctus absque eo quod existit in rebus. Nunc autem ita est quod intellectus dei simplici intellectu com-
135 2707 1872 2771 prehendendo suam essentiam sub ratione infinitae simplicitatis statim simul indistincte & immu
144 2763 1864 2815 tabiliter cointelligit quicquid conveniens est, & attribuendum per compositionem ab intellectu creato,
144 2814 1875 2872 vel discrepans ab eo & remouendum ab eo per diuisionem. ita quod impossibile est quod seorsum & secundum
146 2869 1862 2932 ordinem comprehendat vnum, aut aliud, aut quod aliquam compositionem, aut diuisionem in se formet,
138 2928 1869 2993 quae non est in re intellecta, sicut contingit in intellectu creato, & hoc propter infinitam limpidi
146 2981 1869 3044 tatem naturalem intellectus diuini & obtusitatem naturalem respectu ipsius omnis intellectus
144 3032 1864 3089 creati. Et sic absolute dicendum est quod dei intellectus non est compositiuus aut diuisiuus: sed
144 3078 1866 3142 solummodo est simplicium intelligentia, & eius quod quid est de sua essentia: simul in ea comprehen
145 3133 1867 3198 dendo quod quid est in omni alia re, & quicquid natum est convenire vel discrepare a re quae ipse est vel
149 3190 1863 3262 quodcumque aliud. & sic per suam essentiam simplici intelligentia intelligit simul quicquid seor-
147 3236 1869 3313 sum, aut per compositionem, aut diuisionem natum est intelligi circa suam essentiam vel crea
