2384 3768
147 311 1886 404 sa vnum post aliud, non omnia simul in vno: quia non nisi de vno simul informat conceptum crea
151 389 1879 455 tus intellectus, nec conuertere potest se ad plura vt plura, in quocumque statu fuerit, siue intelle-
140 440 1890 513 ctus humanus siue angelicus, sicut in propriis locis declarandum est, & hoc siue sunt re diuersa:
144 504 1886 559 vt sunt substantia & accidens, siue eadem vt genus & differentia in specie. Intelligendo enim quid est ho-
150 545 1874 606 mo, non ex hoc ipso intelligimus quaecumque ei insunt, siue accidentaliter: vt accidentia propria &
142 600 1872 662 communia: immo necesse est succedere de eo quod quid est in accidentibus, post conceptum de eo quod quid est
144 652 1877 719 in substantiis: siue substantialiter, vt sunt genera & differentiae. Dico secundum proprios conceptus
141 709 1883 764 quos seorsum nata sunt causare de se in actu: immo post conceptum eius quod quid est de specie
131 763 1883 827 necesse est succedere conceptum eius quod quid est de animali & rationali: quia conceptus eorum non
141 812 1874 876 sunt nisi quasi in potentia in conceptu eius quod quid est de homine. Et praecedit discursus iste
140 871 1877 932 necessario intellectum componentem & diuidentem: quia intellectus componere vel diuide-
129 923 1868 986 re non potest, nisi seorsum intellecta: vt simplicia. Iste autem discursus in intellectu diuino omni
132 971 1871 1035 no esse non potest: quia sua essentia est ratio & veritas omnium aliarum essentiarum, substantiarum scilicet
127 1029 1877 1091 & accidentium: & ideo suam essentiam intelligendo, simul omnem aliam intelligit: propter quod
128 1077 1874 1143 compositionem vel diuisionem simplicium in se facere non poterit: sed in sua essentia perfectissi-
130 1132 1880 1195 me scit quicquid est in potentia sua & totius creaturae. & sic necesse est eum scire etiam formatio
121 1189 1880 1253 nem omnium enunciabilium, non per modum compositionis & diuisionis enunciabilium: sed per mo
132 1241 1882 1298 dum intelligentiae simplicium: quemadmodum materialia scit immaterialiter, & operabilia specu-
125 1295 1875 1349 labiliter, & multa vniformiter, sicut dictum est supra. In illis autem quorum intelligentia est com-
124 1348 1874 1411 positio & diuisio, fit discursus intelligendo diuersas conditiones vnam post aliam: quia non in
118 1404 1866 1467 telligit posterius, nisi per medium connectens posterius priori: per quod quidem medium intel-
108 1455 1876 1510 lectus facit collationem prioris ad posterius. & sic per notitiam prioris acquirit notitiam posterio-
118 1510 1871 1564 ris, non solum posterius cognoscit post prius. Et iste appellatur discursus ratiocinatiuus, & est pro-
108 1562 1871 1634 prius hominibus in vita ista, de non conuenit deo, nec etiam beatis: quia beati ex hoc quod intelli-
119 1616 1873 1684 gunt & considerant principia, etsi non intelligunt simul conclusiones & media: immo post conceptum
108 1668 1878 1733 principiorum necesse habent formare conceptum conclusionum & mediorum, iuxta modum iam
121 1726 1866 1791 dicti discursus: quia si intellectus creatus non potest simul formare diuersos conceptus incomple
114 1776 1880 1838 xos, multo minus nec diuersos complexos: Intelligunt tamen media in principiis suis intellectis, &
125 1827 1871 1892 in vtrisque prius intellectis conclusiones, per quae quidem media conclusiones natae sunt a nobis cognosci per
123 1881 1871 1945 discursum ex principiis. Sed quando illo modo cognoscuntur conclusiones in principiis & in me
121 1937 1873 2001 diis, non oportet intellectis principiis aliquo discursu ratiocinatiuo ad conclusiones procedere.
129 1992 1879 2060 ⁋eus autem (vt dictum est) etsi intelligat complexa & enunciationes, non tamen modo complexionali
124 2048 1872 2113 & enunciabili. Iste autem discursus non procedit per enunciationes modo enunciabili conceptas: sed
133 2096 1870 2162 cum intelligit complexiones enunciationum modo non complexionali, & non enunciabili, tunc intelligit
129 2152 1861 2213 media & conclusiones in principiis, non conclusiones per media ex principiis, neque intelligit vnum eorum
132 2203 1865 2266 post aliud, ad modum quo intelligit incomplexa in eis quod quid est circa creaturas, intelligendo
124 2256 1859 2322 simplicem suam essentiam. quae se habet ad alia in cognoscendo non sicut principium ad conclu
132 2310 1858 2368 siones: sed potius sicut species ad cognita. Vnde sicut in cognoscendo rem per suam speciem non
125 2362 1864 2428 sit discursus a specie ad rem cognitam per ipsam: sic cognoscendo diuinam essentiam non sit
132 2414 1874 2481 discursus ab ipsa ad cognoscendum alia per ipsam: sed in ipsa sine omni discursu cognoscuntur,
132 2468 1864 2527 & tamen tanquam vere causata ab ipsa: quia ipsa est species causans res, non causata a rebus. Et per
134 2523 1869 2586 hunc modum omnia nuda sunt & aperta oculis eius: vt dicitur Heb. iiii. Nec oportet ei aliqua ratio
135 2573 1874 2647 cinando denudare, & claue rationis portam cognitionis ei aperire. Omnia enim sunt ei nota: ve
125 2631 1871 2695 rius quam nobis prima principia: quae nobis sunt tanquam ianua in domo: vt dicitur secundo metaphy-
140 2682 1870 2752 sicae. Quae nota sunt omnibus, vt dicit ibi Commen. Quibus imprimitur clauis rationis: vt per eorum
139 2738 1861 2803 apertionem nobis pateant conclusiones tanquam secreta domus. Vnde tali discursu solum vtuntur
134 2791 1875 2859 homines in hac vita. In qua propterea non sunt proprie intelligibiles: sed rationales, in principiis sci
148 2841 1869 2911 licet non concipientes principiata nisi in potentia, ita quod seorsum oportet hominem formare complexiones
144 2907 1861 2964 principiorum mediorum & conclusionum vnam post alteram, & per media conclusiones ex
142 2953 1859 3017 principiis intelligere. Et tangit istos duos modos cognitionis complexorum quo ad discur-
138 3006 1856 3072 sum & non discursum ratiocinatiuum, vtrobique tamen existente priori discursu, Philosophus
151 3060 1868 3123 in principio posteriorum, vbi dicit. Omne quidem affirmare vel negare verum est. Non simili-
141 3109 1867 3179 ter autem vnumquodque horum nobis manifestum est. Est enim quaedam cognoscere alia prius cogno-
147 3163 1862 3218 scentem: quorundam autem simul accipere notitiam. Et est primus modus in conclusionibus quae cognoscun-
132 3214 1870 3309 tur per media ex principiis prius cognitis. Secundus autem est complexorum sibi inuicem immediatorum
