2605 3765
439 326 2170 399 ni: sicut facit intellectus, vt dictum est secundum Auicen. Propter quod dicit philosophus: Qui vnum dicit
452 389 2174 455 quodam modo multa dicit. ad quae multa cognoscenda non potest intellectus humanus aeque pri
441 453 2157 519 mo. Sed quaedam latent in potentia in quibusdam quae operatione rationis oportet in actum deducere,
445 502 2158 560 quod et facit non nisi discurrendo: quia propter debilitatem luminis intellectualis in homine non po
438 559 2165 628 test omnia illa statim percipere, quod potest angelus propter luminis actualis fortitudinem in ipso. Sed hoc
448 604 2160 675 poterit homo cum euacuatum fuerit in ipso quod ex parte est: & fuerit sicut angelus dei in caelo.
451 651 2158 732 ⁋ Ad tertium quod omnis veritas est per se obiectum intellectus: Dicendum quod verum est: sed veritas
433 716 2153 785 primorum est obiectum eius per se & primo: aliorum autem per se sed non primo. & ideo non
439 775 2155 842 potest cognosci veritas in illis nisi per discursum ex primis. ⁋ Ad quartum quod facilius est animam
441 821 2146 893 transire ad notitiam conclusionum ex principiis, quam per se ad notitiam principiorum: Dicendum quod
437 873 2157 942 verum est quantum est ex parte recipientis: quia anima humana de se nihil habet habitus prin-
445 929 2159 991 cipiorum: in principiis vero in potentia habet habitus conclusionum. Sed quantum est ex parte lumi
439 986 2157 1054 nis intellectus quo fit iudicium veritatis & principiorum & conclusionum: secus est, quia aliquid suffi
439 1035 2163 1098 cit ad percipiendum statim veritatem magis perspicuam: quod non sufficit ad percipiendum mi
441 1090 2150 1146 nus perspicuam. Quia ergo magis perspicua est veritas principiorum quam conclusionum: ideo cum
445 1143 2158 1213 quidditas terminorum offertur intellectui: statim vis cognitiua naturalis percipit veritatem princi-
445 1197 2159 1254 piorum: licet non conclusionum, quarum etiam veritatem statim perciperet si intantum esset ele-
432 1247 2152 1307 uatum lumen cognoscitiuum in hominibus quantum in angelis. Et sicut est de perceptione veritatis prin
444 1303 2149 1365 cipiorum & conclusionum: ita est de generatione habituum: quia ex talibus actibus percipiendi pri-
436 1357 2158 1412 mo habitus cognitiui concipiuntur, & per actum intelligendi veritatem principiorum habitus prin
433 1410 2153 1474 cipiorum tam complexorum quam incomplexorum concipitur in suo initio: & per talem actum fre-
448 1462 2149 1529 quentatum augmentatur & firmatur: & per actum ratiocinandi concipitur habitus conclusionis:
443 1516 2150 1580 & per ipsum frequentatum habitus conclusionis augetur & firmatur. ⁋ Est enim intelligendum
432 1572 2158 1640 quod aliud est principium: & aliud est habitus principii: sicut aliud est conclusio: & aliud habitus con-
439 1623 2156 1681 clusionis. Principium enim est quoddam opus intellectus: velut quaedam notitia actu intelligendi lucens
442 1674 2149 1735 in intellectu tanquam verbum & conceptus eius: quo intellectus informatus in actu intelligendi perfe-
445 1726 2150 1794 ctissime est in actu id quod intelligit: & perfectius quam ex ipsa specie quam habet de re. & ideo ex illa no-
434 1788 2155 1854 titia est perfecta assimilatio intellectus ad intellectum: vt intellectus cum sit de se quodam modo omnia intelligibi
446 1830 2157 1901 lia: actu tamen nihil eorum est antequam intelligat. sicut dicit philosophus tertio de anima. Quod intelligo ipsum dicere non
444 1892 2147 1954 tam propter speciem rei, quae intellectus informatur, vt eliciat actum intelligendi: sed propter ipsam noti-
444 1937 2159 2014 tiam quae lucet in intellectu ex actu intelligendi. licet neutro illorum informetur intellectus: nisi cum
441 1999 2152 2067 est in actu intelligendi. Et est ista notitia conceptus quidditatis rei in intellectu simplici: propositionis
438 2051 2156 2122 vero in intellectu componente vel diuidente: per quem habitus complexus vel incomplexus genera
436 2105 2149 2174 tur & augmentatur: quo vtitur intellectus ad faciliter concipiendum principium postquam genera-
443 2159 2157 2225 tus est habitus in eo. Non est autem idem quod quis agit: & quo agit: sicut habitu grammaticae complexam
439 2208 2159 2300 orationem quis constituit: quae non est habitus ipse. Et similiter in opeatione rationis ex habitu scien
437 2259 1454 2347 tiae concipit quis conclusionem quae non est ipse habitus.
592 2403 1953 2519 Articulus. Il. De modo sciendi. & primum de certitudine sciendi.
931 2551 2152 2629 Via non contingit scire rem absque eo quod sciatur modus eius:
932 2624 2143 2704 viso de possibilitate sciendi: & scientiam acquirendi: consequenter de
918 2693 2155 2765 modo sciendi videndum est. Vbi de sciendi certitudine. vi. sunt inqui-
930 2744 1049 2810 renda.
919 2798 2074 2865 Primum: vtrum contingit hominem scire aliquid certitudinaliter.
926 2847 2158 2926 Secundum: vtrum quilibet homo certitudinaliter scit quaecunque ipse
911 2904 1007 2969 scit.
929 2960 2146 3019 Tertium: vtrum quilibet homo quaecunque scit, scit ea aeque certitu-
915 3013 1104 3077 dinaliter.
913 3070 2164 3149 Quartum: vtrum omnes homines quicunque sciunt eadem: sciunt ea
420 3121 842 3189 aeque certitudinaliter.
433 3158 1648 3235 Quintum: vtrum omnes homines apti sunt aeque certitudinaliter scire.
423 3228 1638 3312 Sextum: vtrum omnia scibilia nata sunt aeque certitudinaliter sciri.
