2378 3769
163 322 1923 422 Ethicorum in diuino autem intellectu est ratio omnium agibilium & factibilium tam a seipso quam a quacunque crea-
158 410 1925 483 tura: secundum quod de factibilibus a se, dicitur Sap. ix. Est tecum sapientia tua quae nouit opera tua: quae
158 458 1923 535 & affuit tunc cum orbem terrarum faceres: & sciebat quod placitum esset oculis tuis: & quod directum
164 514 1915 576 in praeceptis tuis. Et de factibilibus a nobis, dicitur Sap viii. Si sensus operatur, quis horum quae sunt
163 576 1913 644 magis quam illa est artifex: De agibilibus autem a nobis simul & de factibilibus a nobis dicitur vbi supra
159 623 1913 685 Sap ix. Tuelegisti me regem populo tuo: & iudicem filiorum tuorum: & dixisti aedificare templum
163 675 1917 740 & altare. Tecum est sapientia: mitte illam vt mecum sit & mecum laboret. Scit enim omnia illa &
171 726 1919 804 intelligit: & deducet me in operibus meis sobrie: & erunt opera mea accepta: & disponam populum
169 785 1909 855 tuum recte. Vnde dicit Augustinus in tertio libro de triniitate. Nihil fit visibiliter & sensibiliter quod non
160 838 1909 907 de interiori inuisibili atque intelligibili aula summi imperatoris aut iubetur aut permittitur secun
162 898 1905 953 dum ineffabilem iustitiam praemiorum atque poenarum, gratiarum & retributionum, in ista totius
166 951 1900 1006 creaturae amplissima quadam immensaque republica. Oportet igitur quod in deo ponamus prudentiam
166 1003 1907 1075 & artem. Prudentiam, secundum quod nouit agibilia saltem a nobis & a se (siqua sunt illa) secundum quod
159 1054 1902 1114 infra patebit in quaestione de habitibus moralibus an sint in deo. De prudentia eius secundum quod
158 1109 1914 1176 est recta ratio agibilium a nobis, dicitur Saper xviii. Nauigare cogitans fragilius lignum inuocat: il
162 1163 1900 1222 lud artifex sapientia sua fabricauit: tu autem pater gubernas prudentia. Quod glossam exponit de naui ec
161 1215 1893 1275 clesiae: quae (vt dicit) deum habet imperatorem & gubernatorem. Sed aduertendum quod pruden-
149 1272 1901 1334 tia quae est in nobis circa agibilia: duplicem rationem imperfectionis habet: quae omnino a diui-
153 1326 1907 1393 na prudentia est amouenda. Vna videlicet quod prudentia est recta ratio agibilium non nisi per
151 1381 1902 1446 actum consiliandi, inuestigando quid agendum sit & quid non, qualiter agendum & quali-
159 1433 1906 1496 ter non: & sic de aliis circunstantiis operationum moralium: & post inuestigationem practice de-
145 1483 1901 1553 terminando quia aliquid agendum vel non agendum: & qualiter agendum & qualiter non agendum. Nunc
150 1539 1908 1603 autem diuina notitia non est sic inquisitiua: quia intellectus diuinus non est discursiuus, vt habitum est supra:
148 1589 1895 1659 & sic in eo de agendis non potest esse consilium: sed simplici conceptu iudicat de operandis: quae a no
141 1647 1897 1711 bis non nisi per consilium possent iudicari. & quo ad hoc, licet improprie, consilium dicitur esse in deo.
143 1700 1908 1759 secundum quod dicitur in Psal. Consilium domini inaeternum manet. Alia vero est imperfectio in pru
148 1756 1902 1824 dentia nostra: eo quod practice determinat operandum esse aliquid vel non operandum: & sic determi
154 1807 1895 1872 nat voluntatem & ordinat ad vnum aliquod. Quod non potest esse: licet aliqui hoc ponunt: quoniam omnis
156 1863 1903 1927 opeatio diuini intellectus, naturalis est. Vnde si quod operandum determinaret, naturaliter & necessario de
150 1917 1893 1985 terminaret: nec posset aliter determinare. Quare cum voluntas determinata a ratione necessario se
152 1969 1891 2034 quitur ipsam, Deus necessario vellet quaecunque vellet. Sicut si voluntas nostra determinaretur a ratio-
146 2020 1897 2077 ne vt non posset ei contrariari, necessario vellet quaecumque vellet: nec esset voluntas dei libera aliquo
147 2072 1894 2136 modo: cum tamen voluntas nostra sequens determinationem rationis, aliquo modo libera esset: quia
145 2134 1899 2202 ratio nostra non de necessitate determinat quae determinat: quia agit per consilium: quod non facit di-
147 2184 1905 2254 uina intelligentia. Propter quod prudentia in nobis circa operanda practica est: in deo autem non nisi specu
153 2232 1900 2294 latiua. iuxta quod determinauimus supra de intellectu diuino, quod solum & pure speculatiuus est & non pra
148 2283 1897 2349 cticus. Consimilem etiam rationem duplicis defectus habet in nobis ars. ipsa enim circa factibilia ex con
145 2348 1908 2416 silio determinat facienda: sicut prudentia agenda. Et ideo consimiliter ars diuina practica non est,
147 2392 1894 2458 sed pure speculatiua, nec consiliatiua nec determinatiua agendorum: sicut neque est prudentia. Et ideo
150 2450 1891 2507 in deo omnes habitus speculatiui ad sapientiam reducuntur: & sunt vnus habitus re, differens so-
150 2502 1891 2574 la ratione secundum materias circa quas speculatur: & ex thesauro sapientiae qua cognoscit seipsum
153 2559 1900 2614 secundum rationem habitus sapientiae, deriuantur rationes aliorum habituum, quibus cogno-
150 2611 1897 2673 scit alia a se. Et ideo dicitur in Prouerb. Tecum est sapientia quae nouit opera tua. Glos. Intellige sub
149 2665 1905 2746 ratione scientiae, intellectus, prudentiae, vel artis. Et propter illam identitatem sacra scriptura indif-
152 2719 1886 2800 ferenter circa deum vtitur scientia pro sapientia: & econverso: & singula vniuersaliter pro singulis.
154 2791 1877 2885 ⁋ Ad primum obiectum, quod diuersi habitus ponunt diuersos modos cognoscen
161 2874 1877 2949 di: Dicendum quod verum est quando sunt diuersi re & secundum proprias naturas distincti. Tuno
162 2935 1892 3003 enim alii a sapientia necessario habent rationes suae imperfectionis proprias sibi annexas vt in no
156 2983 1889 3053 bis. Quando autem differunt sola ratione vt in deo, solum dicunt respectus ad diuersas materias
150 3042 1884 3099 cognoscendas: ita quod eodem modo cognoscendi speculatiuo & simplici deus nouit quaecunque no-
158 3094 1892 3157 uit, vt supra dictum est: & amplius infra dicetur. ⁋ Ad secundum, quod in omni cognitione dei non
149 3148 1890 3213 est nisi vnum obiectum, & non sunt diuersi habitus nisi diuersorum obiectorum: Dicendum quod
159 3195 1884 3258 est obiectum vnum quod habet solum rationem vnius cognoscibilis inquantum est vnum: quem
142 3254 1898 3342 admodum est omne obiectum quod est creatura: & est obiectum vnum quod habet rationes omnium
