2265 3776
490 325 2205 413 in deo fundatur: immo subintrat & assumit rationem respectus cuiuscumque. Quia autem diuersitas sit ali
502 397 2214 457 qua huius actionis ab ipsa diuina essentia, hoc est inquantum est vt eius dispositio denominans ipsum
502 449 2200 510 deum tantummodo vt agens est, in altero tamen existens vt in subiecto, secundum quod actio est dispositio agentis
500 493 2201 570 in passo tamen: vt determinat Philosophus. iii. physicae. Vnde si actio dei vt est in deo differat ab ipsa diuina essentia
495 547 2207 616 hoc est non re absoluta, quia non est alia in deo ab ipsa diuina essentia: sed vel sola ratione si sit actio
501 600 2206 663 essentialis: quemadmodum differunt alia attributa essentialia, quorum vnum est ipsa actio essentialis, qualis est
498 652 2203 718 intelligere vel velle: vel sola re relationis & respectus si sit actio personalis: quemadmodum differunt
490 711 1462 769 ab ipsa essentia, caetera personalia, vt infra declarabitur.
503 738 2201 832 ⁋ Ad primum in oppositum, quod esse dei est principium diuinarum actionum: ergo non sunt
489 827 2201 897 ipsa: Dicendum quod principium non est idem principiato re vel ratione. vt si secundum rem absolutam se habent
490 879 2202 941 aliqua sicut principium & principiatum, vt in creaturis, re absoluta differunt inter se. Si vero se habent
484 937 2210 997 adinuicem sicut principium & principiatum secundum rem respectus vt contingit in deo, re respectus differunt in
490 991 2207 1051 ter se. Si autem secundum solam rationem se habent inter se sicut principium & principiatum, ratione sola inter
487 1035 2211 1103 se differunt. Dicendum ergo quod diuina essentia secundum aliam rationem est id quo procedit diuina actio vt
491 1099 2207 1165 ratio agendi, & forma qua agit suppositum, vt infra dicetur: sed in actione essentiali vt est essentia simpli-
494 1153 2203 1205 citer: in actione vero personali vt est essentia existens in persona determinata quo ad actum generandi, vel
490 1193 2210 1263 in personis determinatis quo ad actum spirandi, sicut amplius infra videbitur. ⁋ Ad secundum, quod actio vt actio,
489 1254 2204 1317 est dispositio suppositi non autem substantia: dicendum quod hoc verum est propter rationes suas diuersas. nihilo
490 1308 2197 1378 minus tamen re actio idipsum est quod substantia, vel absoluta dico respectu actus essentialis, vel respecti-
822 1366 1640 1424 ua respectu actus personalis, vt iam dictum est.
819 1412 2202 1474 lrca tertium arguitur quod omnem diuinam actionem agat diuina essentia. primo sic. secundum Philosophum. ii.
825 1466 2203 1525 de generatione, agere proprium est formae, pati autem alterius potentiae scilicet materiae. Non est autem
833 1520 2205 1592 alia forma in deo quam diuina essentia aut ratio respectus: qui secundum Philosophum per se nec est principium
824 1577 2198 1631 actionis nec terminus. ergo &c. ⁋ Ex quo ad idem arguitur secundo sic. nihil in diuinis
826 1629 2210 1696 potest esse agens nisi sit absolutum & respectiuum, quia in deo secundum duo praedicamenta quae sunt in
821 1682 2207 1742 ipso, non est nisi res absoluta aut respectiua, vt patet ex supra determinatis. Sed re
491 1734 2198 1799 spectiuum inquantum respectiuum: non agit, quia respectus non est principium actionis, sicut neque terminus secundum Philosophum
494 1791 2210 1841 ergo in deo nihil agit nisi absolutum inquantum absolutum. tale autem non est in deo nisi ipsa diuina essentia vt hitumest
487 1840 2194 1904 supra. ergo &c. ⁋ Tertio sic. in essentialiter ordinatis quod est causa prioris, & omnium eorum quae sunt post, quod
487 1896 2206 1956 enim est causa motus primi mobilis, est causa omnium aliorum. actus primus quid est esse, & actus secundi qui sunt
480 1949 2206 2003 opari, sunt essentialiter ordinati, quia nihil opeatur nisi existens, & in deo non est esse in aliqua persona nisi ab
488 1999 2203 2061 ipsa essentia, vt sit vnum esse trium personarum, quia vna est essentia earum vt infra patebit, & habitum est supra in
488 2052 2195 2119 parte. ergo neque opari. ⁋ Quarto sic. Augustinus dicit. vii. de Tri. Pater & filius sunt sigillatim sapientia de sapiem
496 2106 2199 2166 tia, sicut essentia de essentia. sed in deo non est hoc de hoc, nisi per actionem processiuam ab vno egredientem,
489 2158 2200 2220 & in alterum terminatam. ergo &c. ⁋ In contrarium est, quoniam illud quod non habet esse nisi in alio vt forma eius
488 2214 2207 2276 nihil agit, sed illud in quo & cuius est. verbi gratia, calor non agit calefactionem, sed calidum: neque anima
485 2267 2192 2339 intelligit, sed homo per animam, secundum Philosophumi. i. de anima, essentia diuina non habet esse nisi in aliquo super
491 2324 1239 2382 posito. ergo ipsa nihil agit, sed suppositum.
496 2377 2203 2471 ⁋ Dicendum ad hoc quod in eis quae sic se habent adinuicem quod vnum eorum est aliquid alterius.
486 2451 2204 2513 & reliquum est sicut id cuius est alterum, & hoc qualitercunque ponantur differre siue ratione, siue inten
477 2502 2206 2555 tione, siue re, semper id quid sic se habet vt quod est aliquid alterius, se habet respectu eius cuius est vt aliquid
485 2556 2194 2628 imperfectum, & ens in potentia, quod ordinatur ad illud cuius est, sicut ad ens perfectum in actu. verbi gratia, in eis in
477 2609 2195 2680 quibus est realis diuersitas partium concurrentium ad constitutionem totius. Siue enim sint partes integrantes rei
483 2661 2194 2735 essentiam vt sunt materia & forma, siue integrantes rei quantitatem vt sunt partes organicae, semper pars ali
480 2714 2193 2785 quid imperfectum & in potentia est respectu totius. Propter quod dicit Philosophus. viii. physicae. quod pars aut nihil est.
470 2767 2201 2833 aut in potentia. Totum vero semper est vt aliquid perfectum actu existens: in quo suam actualitatem & perfe-
483 2821 2207 2881 ctionem habent omnes partes eius. Nunc autem sic se habet in actiuis quae sunt principia actionum vt agentia, & in
481 2874 2200 2940 passiuis quae sunt termini recipientes in se alterius actionem vt patientia, quod agens omne inquantum agens, est ali-
483 2928 2196 3004 quid perfectum in actu existens. Propter quod actio omnis agentis aliquo modo imperfecti ad agens perfectum reducitur
475 2984 2194 3048 & est dispositio nobilis in eo in quo est, vt dictum est supra in prima quaestione huius articuli: & econtra
482 3034 2196 3096 omne patiens inquantum patiens & in se recipiens actionem alterius, imperfectum, & aliquid ens in potentia est. In deo
468 3088 2194 3159 autem licet nihil sit nisi idipsum quod est diuina essentia, & quicquod in ipso est simpliciter in fine perfectionis &
477 3143 2192 3196 actualitatis est absque omni imperfectione & potentialitate admixta differente ab actu re vel intentione, vt ha-
478 3193 2189 3283 bitum est supraloquendo de potentia dei: tamen est in eo considerare aliquid vt quod est alterius, & aliquid vt cuius
