2374 3773
168 325 1947 408 est. verbi gratia: deitas forma quaedam est: quae quamuis ex se sit singularitas quaedam, vt patet ex quaestioni
177 394 1929 460 bus praehabitis circa vnitatem dei: ipsa tamen in se vt deitas est, non subsistit vt habeat rationem suppositi
175 446 1940 512 absoluti: sed solummodo subsistit in supposito relatiua proprietate constituto. secundum quod infra determi
175 503 1931 557 nabitur. In quo quidem supposito deitas ipsa & ipsa relatiua proprietas se habent vt quae sunt alicuius: &
178 555 1925 619 ipsum suppositum se habet vt cuius sunt illa. & hoc sine omni compositione: quia respectus cum eo super quod fundatur
177 616 1924 675 nullam ponit compositionem. Et ideo licet totum perfectum & actuale est, inquantum tamen in ipso conside
183 657 1928 725 ratur aliquid vt quod est alicuius: & aliquid vt cuius est: illud non consideratur secundum rationem perfecti &
179 720 1922 788 actualis: sed secundum rationem imperfecti & potentialis: non ponendo imperfectionem & potentialitatem in ipso
170 771 1920 831 considerato: sed in modo considerandi. Hic vero consideratur secundum rationem actualis & perfecti. Cum ergo
175 825 1922 884 in diuinis ad veritatem locutionum, siue praedicationem in agendo & patiendo: & vniuersaliter hoc illi ne
168 878 1927 951 gatiue vel affirmatiue attribuendo: non tam attendi debet identitas rei significate omnium quae considerantur
176 942 1926 1002 in diuinis, quam modus significandi & considerandi idipsum diuersimode, secundum quod inferius planius
178 992 1932 1056 apparebit, ideo dicendum simpliciter quod in diuinis nulla actio potest aut debet attribui illi quod se habet
173 1039 1918 1109 vt alicuius: & sicut existens in alio: sed solum quod se habet vt cuius est aliquid. hoc autem est solum super
177 1093 1922 1159 positum. Caetera enim omnia diuina se habent vt aliquid suppositi seu aliquoid existens in supposito: vt sunt
181 1148 1922 1224 ipsa diuina essentia, relatiua proprietas, & vniuersaliter omnia essentialia attributa, veluti sunt potentia
167 1199 1919 1273 sapientia &c. huiusmodi. ldeo dicendum simplicitur: quod nulli talium proprie loquendo debet attribui actio aliqua vt agen
165 1255 1914 1315 ti: & ita quod diuina essentia nullam agat actionem, sed suppositum omnes: vt non proprie dicitur quod deitas intel
175 1312 1914 1373 ligit: aut vult: aut generat: aut spirat: aut creat: sed vt agenti, omnia huiusmodi tantummodo personae debent attribui:
174 1365 1913 1432 & hoc aut per nomen quod imponitur ad significandum personam determinatam determinate, sicut significat hoc
178 1415 1923 1481 nomen pater: dicendo pater intelligit, generat, aut creat: aut per nomen quod imponitur ad significandum
174 1483 1919 1542 personam indeterminatam indeterminate: sicut significat hoc nomen, deus vt patebit inferius: dicendo
167 1523 1918 1589 deus intelligit generat aut creat. per nomen enim impositum ad significandum essentiam non significatur persona
170 1579 1915 1650 sub ratione personae: & ideo neque aliquid sub ratione agentis. propter quod significato per tale nomen nullo modo
164 1640 1885 1706 potest attribui actio siue agere. Et similiter est de nomine imposito ad significandum relatiuam proprietatem.
176 1701 1915 1767 ⁋ Ad primum in oppositum: quod formae proprium est agere: patebit responsio ex deter-
173 1758 1916 1817 minatione quaestionis sequentis. ⁋ Ad secundum: quod respectiuum non agit: quia respectus non est principium actio
172 1804 1899 1868 nis &c. Dicendum secundum quod amplius exponetur in sequenti quaestione, quod actio dupliciter attribuitur alicui. Vno men
171 1857 1923 1927 vt agenti. Alio modo vt illi quod in agente est agendi ratio secundum quod calefacere attribuitur calido & calefacien
174 1920 1919 1981 ti calori quo informatur vt rationi agendi: & intelligere attribuitur homini vt intelligenti: animae ve
165 1969 1921 2035 ro vt rationi qua intelligit: secundum determinationem Philosophi primo de anima. Primo modo (vt
178 2024 1919 2085 dictum est iam) actio attribuitur soli supposito. Secundo modo attribuitur alicui quod est formale in supposito. Tale
160 2071 1914 2135 autem in persona diuina duplex est, secundum duo quae cadunt in significato personae scilicet diuina essentia & per-
162 2124 1916 2194 sonalis proprietas. Est enim persona diuina habens in se essentiam sub personali proprietate, secundum quod infra de
170 2187 1920 2249 clarabitur. Eormale quod est proprietas constitutiua personae vt huiusmodi, nec est agens, quia est alicuius, nec est
167 2235 1912 2305 ratio agendi: eo quod ipsa respectus est: quid non est principium actionis. Et ideo (vt assumitur in argumento)
179 2289 1920 2353 respectiuum inquantum respectiuum, hoc est per rationem sui respectus, non agit. Eormale vero quid est essentia
161 2348 1915 2412 est sola ratio qua persona agit in diuinis, vt patebit in sequenti quaestione. Agens tamen non est nisi ipsum suppositum
159 2396 1913 2467 respectiuum. Nec est hoc solum in diuino supposito: quod ratio formalis qua suppositum habet esse suppositum non
161 2464 1919 2517 est ratio agendi in ipso: sed est etiam in supposito creaturae. Ratio enim suppositi in creaturis super essen
172 2502 1912 2568 tiam communem, vt in isto homine super rationem humanitatis, non est nisi ratio suae indiuiduationis, quae non est
172 2555 1919 2621 nisi ratio negationis: non qua dicitur aliquod indiuisum in se, vt iste homo vel haec humanitas: haec enim
169 2609 1905 2678 negatio est ratio suae vnitatis essentialis: & circumloquitur veram affirmationem, vt dictum est supra de si
168 2661 1920 2737 gnificato vnius in quaestione de vnitate dei: & infra dicetur amplius: sed quae dicitur aliquid diuisum ab alio: qua
159 2687 1913 2781 diuisione modo affirmationis importatur pura negatio, vt supradictum est ibidem, & infra dicetur amplius.
168 2776 1917 2842 Est enim illa eius ab alio diuisio, qua non conicatur ei vnitas singularis formae suae, secundum quod inferius loquen
162 2832 1902 2900 do de ratione personae in deo declarabitur. Nunc autem sicut respectus non potest esse ratio principiandi actio
169 2872 1901 2947 nem, ita nec negatio: & multo minus, quanto magis recedit a natura entis. Vnde sicut iste homo
161 2936 1900 3012 nihil agit ratione qua iste, quo ad rationem dico suae indiuiduitatis: sed solum ratione qua iste quo
165 2983 1901 3054 ad rationem suae humanitatis quae est haec humanitas: sic iste qui est deus, sicut pater, nihil agit ra
176 3040 1901 3115 tione qua iste, quo ad rationem suae singularitatis personalis, quae est personalis proprietas: sed solum ra
170 3092 1900 3154 tione qua iste, quo ad rationem suae deitatis, quae est haec deitas: quae in persona non est indiuiduata:
163 3150 1895 3211 sed singularis, & in eadem singularitate alteri communicabilis sub ratione alterius respectus. Sicut ei
162 3204 1891 3274 in creaturis persona siue suppositum sit per hoc quod natura communis & vniversalis de se indiuiduatur in supposito per
145 3258 1905 3341 diuisionem eius ab alia in alio supposito in quo forma eadem ommunis alia indiuiduatione indiuiduatur sine mu-
