2344 3767
463 306 2237 382 ie in attributis substantialibus, siue in rationibus perfectionum aut idearum, siue in ipsis notionibus & proprie
472 378 2243 442 atibus personarum. De natura autem respectus secundum quod est respectus, clarum est secundum Philosophum. v. physicae. quod nec potest
463 435 2239 497 habere per se rationem principii aut termini actionis. Illud autem quod est ratio agendi, quia est id quo agens
466 485 2233 552 formaliter agit, necessario est principium per se elicitiuum actionis vt dictum est, quemadmodum anima principium
477 537 2232 605 est in animatis, vt determinat Philosophus. ii. de anima. Quod autem est tale principium in re, necesse est quod sit aliquid posi-
478 590 2234 658 tiuum reale, vt ostendit penultima ratio iam supra inducta. Quare cum (vt dictum est) praeter respectus in deo
474 647 2230 717 nihil est reale positiuum nisi pura substantia, quae est deitas siue ipsa diuina essentia, in deo igitur ponendum
474 711 2239 770 est quod ratio agendi elicitiua diuinas actiones, quaecunque sint illae, non sit nisi ipsa pura diuina essentia: ita
484 752 2240 827 quod licet nulla actio omnino attribuatur essentiae diuinae velut principio agenti, sicut determinatum est in praeceden
472 807 2233 873 ti quaestione: omnis tamen diuina actio attribuitur ei vt principio elicitiuo, & quo agens principale scilicet suppositum
477 869 2240 927 vnum vel duo vel tria, simul agunt omnes actiones diuinas. Sed quia huiusmodi actiones diuinae differentes sunt
475 921 2233 983 inter se, & non est differentia in actionibus nisi ex differentia ex parte principii elicitiui, iuxta quod procedit
474 974 2232 1033 secunda ratio supra inducta: Diuina autem essentia sub ratione qua est essentia, nullam rationem differentiae in se ha
476 1022 2241 1089 bet: quod autem nullam differentiam ex se omnino potest in se habere, si in se aliquam habeat, oportet quod hoc sit ab ali
481 1084 2239 1146 quo sibi superuenienti: Essentiae autem diuinae nihil potest supuenire nisi ratio respectus: essentia ergo vt sit
472 1135 2230 1199 ratio differentium actionum, oportet eam in se differre, saltem secundum rationes diuersorum respectuum. Qui cir
478 1188 2238 1254 ca ipsam essentiam duo faciunt. Vnum. scilicet vt per ipsos essentia respiciat actus: & quasi inclinationem habet ad ipsos
468 1240 2233 1307 eliciendos, cum secundum se absque ratione omnis respectus penitus absolutum quod est, & nullo modo respicit actum
474 1288 2237 1355 eliciendum. Nunc autem nullo modo posset esse ratio agendi ipsum nisi aliquo modo ipsum respiceret, & ad ipsum
470 1345 2233 1412 aliquo modo ordinaretur. Aliud vero, vt penes differentiam ipsorum ipsi essentiae determinaretur actus differentes
477 1410 2235 1468 cum secundum se nullum omnino determinat: & ideo nullum determinate eliceret nisi ab aliquo sibi determina
480 1458 2234 1521 retur. Actum vero simpliciter respicit per respectum importatum nomine potentiae: secundum quod supra expositum est in quae
471 1500 2227 1568 stionibus de potentia dei. Actus vero diuersi eliciendi sibi determinantur per respectus diuersos diuersorum mo
473 1562 2234 1636 dorum potentiae. Et sic ad agendum actum aliquem, a persona diuina vt a principali agente duplex ratio qua agit
481 1610 2246 1678 eum requiritur: vna vt qua ipsum elicit: alia vt qua eliciens actum respicit, & determinatur sibi actus. Primo mo
477 1671 2233 1735 do dico vt iam dictum est, quod sola diuina essentia secundum rationem essentiae est ratio agendi omnes diuinas actio
482 1719 2249 1791 nes scilicet in eliciendo ipsas. Secundo vero modo dico quod respectus fundati in diuina essentia sunt ratio agendi
479 1777 2250 1843 diuinas actiones a deo scilicet in determinando ipsas vt eliciantur: ita videlicet quod vnica est ratio omnis eliciens scilicet
482 1829 2242 1895 ipsa diuina essentia sub sua ratione absoluta qua essentia est: plures vero sunt rationes determinantes
477 1891 2236 1952 secundum pluralitatem actuuum scilicet ipsi respectus diuersi. Ad cuius euidentiam sciendum secundum superius
474 1947 2237 2004 determinata, quod ratio propria essentiae dei secundum quod essentia est mere & absolute, est fundamentum
476 1991 2243 2054 omnium aliarum tamquam illarum quae important respectus fundatos in ipsa essentia: quae non est nisi vnica forma realis ab
485 2039 2236 2114 soluta existens in diuinis suppositis: cui ex seipsa primo & per se non convenit nisi actus quid est esse, quid in ipsa
489 2101 2234 2165 conicatur suppositis, & omnibus diuinis respectibus in ipsa fundatis. Illum autem actum tanquam primum quem respicit &
476 2153 2237 2219 sibi determinat ex ratione sibi propria & absoluta secundum rectam rationem nostram intelligendi, sequuntur
483 2212 2233 2273 omnes alii actus tanquam secundi, quos respicit & qui sibi determinantur, vt dictum est, ex rationibus respectuum
486 2260 2231 2327 potentialium quid in ea fundantur. Cum autem sibi determinati sunt actus, seipsa vt essentia est immediate est ratio
490 2315 2248 2381 eliciendi eos. vt quemadmodum materia nullum ordinem habet ad formam & ad pati in recipiendo aliquiod in se ni
485 2373 2234 2435 si per rationem potentiae passiuae, in nuda tamen substantia sua formas recipit, sic diuina essentia nullum ordinem
485 2419 2245 2487 habet ad actum quid est agere simpliciter, nisi per rationem potentiae actiuae: pura tamen substantia sua est ratio eli-
485 2478 2237 2542 ciendi omnium actuum. lta quod sicut potentia receptiua siue passiua in materia non est aliquid re absoluta aliud
484 2530 2249 2596 ab ipsa essentia materiae: quia si sic, materia ex se esset in potentia ad illud: & si potentia illa esset similiter ali
489 2587 2236 2649 ud, esset abire in infinitum, quod est inconveniens, & ideo necesse est stare in primo, quod potentia re-
490 2634 2248 2706 ceptiua materiae non est aliquid re absoluta aliud ab ipsa essentia materiae, sed solum respectus fundatus in
489 2691 2239 2750 ipsa essentia materiae, quae ex se & secundum suam substantiam subintrat rationem respectus. Propter quod dicit Commen-
484 2743 2236 2805 in de substantia orbis. Natura subiecti recipientis formas scilicet primae materiae, necesse est esse naturam poten
478 2800 2243 2866 tiae scilicet quod substantia eius est esse in posse. Sed posse quo substantiatur hoc subiectum, differt a natura subiecti
491 2857 2233 2923 quod substantiatur per hoc posse, in hoc quod posse dicitur respectu formae: hoc autem subiectum est vnum existentium per se
493 2907 2242 2978 quorum substantia est in potentia. Consimiliter potentia actiua in ipsa diuina essentia fundata non est aliquid
491 2957 2236 3025 re absoluta aliud ab ipsa essentia, & hoc consimili ratione: sed est solum respectus fundatus in ipsa diuina
491 3014 2234 3071 essentia: quae ex se secundum suam essentiam subintrat rationem respectus. Et ideo vlterius quemadmodum si materia
479 3067 2246 3135 esset vna secundum potentiam, sicut est vna secundum substantiam, cum agens sit vnum, non esset factum nisi vnum: Sic si
484 3120 2232 3191 diuina essentia esset vna secundum potentiam & respectus potentiales, sicut est vna secundum substantiam: cum agens
471 3180 2225 3249 prim. scilicet persona patris sit vna, non esset opeatio eius nisi vna. Sed quia sicut ibi, quia materia est multa secundum
470 3229 2237 3306 potentias, ideo ex ipsa multapossunt fieri, & multa in nuda substantia eius recipi: sic in proposito quia diui-
