2347 3781
483 309 2239 405 & pro termino. Eo enim quod non habent finem alium a se, in hoc consistit eorum perfectio:quod scilicet veritas diuinae
488 381 2228 457 essentiae semper actu ad omnium cognitionem illustret eius intellectum: & quod bonitas eiusdem semper ad
492 433 2226 513 omnium dilectionem inflammet eius voluntatem. Propter quod huiusmodi actuum essentia diuina per se terminus
497 488 2226 558 est. Sed est intelligendum, quod sicut essentia inquantum se habet vt principium elicitiuum istorum actuum, cum ex se
490 541 2242 609 sit omnino absoluta, necesse est eam aliquo respectu comparari ad actum: & determinari ipsum actum
493 597 2233 670 ipsi: vt licet per se actum eliciat, tamen sub ratione alicuius respectus quo ad actum eliciendum conparetur
503 648 2235 726 & determinetur sibi actus: cuiusmodi sunt ratio veritatis & bonitatis: sic cum eodem modo sit principium &
500 707 2234 780 terminus: necesse est quod sub ratione eiusdem respectus comparetur ad actum in terminando sicut in elicien-
491 756 2236 833 do. Et ideo sicut essentia pura ratione qua essentia est absoluta, actum intelligendi aut volendi eli
505 815 2232 886 cit, sub ratione tamen respectus veri & boni: vt dictum est: sic eadem ratione absoluta actum eundem
509 869 2232 945 terminat, sub ratione tamen respectus veri & boni. Si vero loquamur de actione proprie dicta quae est
494 921 2233 997 generatio aut spiratio: cum per se generatum aut spiratum non est nisi suppositum perfectum relatiua proprie
499 972 2248 1047 tate a generante & spirante distinctum: & tale quidem non est ipsa essentia: Idcirco dico quod talis actus
496 1024 2237 1091 terminus non potest per se esse ipsa essentia: neque etiam per accidens, quod magis est. Quamquam enim in creaturis sit
501 1079 2242 1151 aliquid creaturae compositum ex materia & forma: licet per se non causetur nisi suppositum: eo quod solum re-
499 1135 2248 1203 cipit esse subsistentiae: & ita perfectae existentiae: quod non habet materia & forma nisi per hoc quod sunt in con-
507 1192 2245 1263 posito: & aliquoid ipsius compositi: per accidens tamen causantur materia & forma in composito: eo quod neu-
497 1246 2229 1307 trum eorum ex se habet esse existentiae suae: sed vtrumque eorum recipit illud per creationem: licet in alio. In deo ve
501 1301 2242 1366 ro ipsa essentia ex se eo quod deitas, & esse essentiae & existentiae quoddam est: quod non habet a ratione super
497 1356 2242 1421 positi in quo est: immo potius suppositum habet illud per hoc quod ipsa habet esse in illo: & similiter re-
507 1404 2257 1473 spectus quid sunt in deo per hoc quod fundantur in ipsa essentia. Esse enim tale non est nisi vnicum in deitate: si-
514 1473 2250 1530 cut neque nisi vnicum est in essentia. Propter quod neque per accidens dici debet terminus generationis etiame
509 1512 2257 1582 modo illo quo forma naturalis in composito per accidens dicitur generari: quia. scilicet per generationem vergit de-
514 1565 2255 1626 non esse in esse: licet in composito: vt non solum in supposito & per suppositum recipiat esse subsistentiae,-
512 1623 2248 1689 sed etiam esse existentiae suae: quod nullo modo per generationem recipit diuina essentia in eo quid genera
508 1683 2248 1749 tur: & licet aliquo modo in illum & per illum habet esse subsistentiae: & quo ad hoc posset forte dicere aliquis
520 1728 2247 1805 quod est terminus actus generationis per accidens: & simliter spirationis. Sed in deo per accidens non recipitur:
519 1781 2251 1851 sed solum per alium. Si autem loquamur de actione dei quae est factio: sciendum quod huiusmodi actionem-
507 1841 2252 1909 dupliciter est considerare. Vno modo vt est ab agente. Alio modo vt terminatur in factum. Primo-
503 1886 2253 1959 modo non est aliud quam dei voluntas siue propositum de producendo creaturam in determinato instam.
506 1951 2257 2012 ti temporis. Et quia diuina voluntas nihil vult nisi sub ratione boni quod concipit per intellectum sub rae
512 1993 2255 2068 tione veri, non vult aliud a se nisi volendo seipsum: vt ipse sit sibi ratio volendi alia. Hoc ergo modo dicitur
517 2067 2249 2114 uina essentia est terminus actionis diuinae in se: quae vt respicit creaturam prosilientem extra, fa-
517 2110 2260 2171 ctio dicitur: non autem secundum quod intus latet: sic enim aeterna est. Secundo autem modo nihil aliud
512 2161 2254 2237 est quam rem de nouo ex determinatione actionis antiquae intra prosilire in esse: cuius secundum hanc
516 2223 1394 2299 rationem non est terminus nisi essentia creaturae.
513 2298 2260 2390 ⁋ Ad primum obiectorum: quod deus non agit nisi intellectu aut voluntate, & vtriusque
519 2392 2257 2449 actionis terminus est diuina essentia: Dicendum quod deus intellectu aut voluntate dupliciter agit
525 2436 2267 2505 Vno modo simpliciter circa verum & bonum quod est eius essentia: ipsa intelligendo & volendo. Haec
510 2490 2259 2553 actio pertinet ad illam quae est operatio: & cuiuslibet talis terminus est essentia: vt dictum est. Alio.
519 2544 2249 2605 modo ad instar illius veri & boni essentialis verum & bonum subsistens producendo. Terminus actio
511 2590 2245 2652 nis voluntatis & intellectus agentis primo modo non est nisi essentia, vt praedictum est: non autem
510 2645 2264 2721 secundo modo: sed aut diuinum suppositum: vt verbum subsistens opere intellectus: vel amor sub
518 2696 2260 2761 sistens epere voluntatis: aut creatura subsistens extra epere vtriusque prima actione intellectus & volunta
515 2755 2247 2816 tis primo & secundo modo. ⁋ Ad secundum, quod actio non terminatur nisi ad absolutum: & tale in deo
520 2806 2252 2878 non est nisi essentia: Ratio ista non procedit concludendo inconueniens in deo, nisi de actu genera-
521 2862 2257 2925 tionis & spirationis: prebando quod terminus sit essentia non suppositum relatiuum. Et ideo dicendum
513 2923 2262 2985 quod proprietas determinatiua suppositi: & ex parte termini a quo procedit actio in deo: quae est ge
520 2969 2257 3042 nerare vel spirare: & ex parte termini in quem terminatur, aliquid operatur. Quia ex parte ter-
517 3019 2264 3089 mini a quo, licet non sit ratio elicitiua actus: sed essentia sola: est tamen ratio determinatiua actus eli-
527 3076 2250 3141 ciendi: vt dictum est. Quae ambo (scilicet id quo elicitur: & quo determinatur) simul constituunt ra
518 3131 2248 3195 tionem vnius agentis: imo potius sunt rationes vnius agentis: & est suppositum subsistens in essentia de
529 3194 2239 3253 terminatum proprietate, quod habet per se agere secundum duplicem rationem sui constitutiuam
517 3238 2249 3327 & essentiae scilicet in eliciendo & proprietatis in determinando. Similiter ex parte termini in quem. li
