2374 3782
176 326 1912 417 tet enim proprietas ipsius non sit ratio determinandi actum in recipiendo & suscipiendo ipsum sicut
179 409 1909 477 iubiectum: quia huiusmodi ratio est sola essentia: vt patebit determiuando qualiter diuina essentia est
159 454 1912 532 subiectum generationis & spirationis: est tamen determinatiua actus in essentia suscepti: vt scilicet reci-
163 508 1916 573 piatur in essentia sub ratione generari cum producitur filius: & sub ratione spirari cum producitur spiri
162 563 1906 630 tus sanctus: quae ambo simul constituunt rationem vnius producti: immo potius sunt rationes vmus pro
162 615 1900 689 ducti: vt sic ipsum suppositum licet relatiuum sit, est tamen ipsum producens. & sic suppositum
162 673 1901 738 aliud, licet relatiuum sit: est tamen ipsum productum. Et est speciale hoc in supposito diuino gene
151 721 1895 800 rante, & generato: vt scilicet suppositum inquantum relatiuum est, sit per se generans & per se genitum:
162 773 1904 840 & vt ratio suae singularitatis alterius sit operatiua ad generare & generari. Quod impossibile est
147 831 1898 905 poni in supposito creaturae generante aut generato quo ad illa duo: quoniam id quod in creaturis est ratio
158 890 1890 962 formalis indiuiduationis suppositi: quia negatio est, nihil omnino confert ad generare aut genera
143 940 1892 1014 ri. In deo autem id quod est ratio formalis inconicabilitatis suppositi: licet sit respectus, aliquid tamen con
141 983 1892 1073 fert ad generare & generari. Agit enim (vt dictum est) actus determinationem. Propter quid suppositum in
151 1051 1893 1118 communicabile diuinum vt pater, per se generat: quia pater incommunicabilis est & quo ad rationem
140 1103 1893 1176 essentiae & proprietatis: & similiter filius per se generatur: quia filius incommunicabilis est. Vt sic mul
155 1151 1890 1226 tum restet in generatione diuina & creaturae: eo quod in creaturis nunquam relatiuum secundum quod relatiuum,
150 1211 1883 1281 est per se agens aut actum. Et respectus quid est suppositi quo ipsum refertur in creaturis, nihil potest omnino con-
150 1255 1875 1332 ferre ad actum eliciendum aut suscipiendum aut determinandum: quia forma naturalis in agente seipsa deter
144 1318 1892 1382 minat actum: & simiter inclinatur ad ipsum eliciendum. Similiter autem seipsa determinat quemlibet actum in se suscipi
145 1370 1871 1439 endum, & inclinatur ad ipsum in se suscipiendum: & hoc per respectus potentiarum actiuarum & passiuarum: ita quod
142 1415 1886 1497 respectus existens in generante aut in generato: ad hoc nihil consert omnino: sicut consert in generante
136 1478 1875 1546 & generato in diuinis: vt dictum est. Et sic licet in diuinis respectus non possit esse ratio eliciendi actum ne
136 1534 1877 1589 quod suscipiendi: sicut neque in creaturis: neque seipso principium agens aut terminans actum: potest ta
136 1585 1878 1649 men suppositum respectiuum in diuinis & vt respectiuum, esse agens & principians principaliter &
142 1641 1871 1710 per se actionem: & similiter esse per se & principaliter principiatum per actionem: quod nullo modo potest contin
139 1697 1877 1762 gere in creaturis circa quodcumque suppositum vt relatiuum est. Et sic medium rationis falsum supponit in diuinis.
133 1745 1870 1808 ibi enim actio bene terminatur ad respectiuum secundum quod respectiuum est: licet non ad respectiuum: vt dictum est.
489 1792 1864 1858 lrca sextum arguitur quod omnes personae diuinae coniter agunt omnes diuinas actiones
491 1845 1868 1921 Primo sic. quibus convenit ratio agendi: & actio secundum illam rationem: quia ratio
507 1908 1871 1974 gendi est actionis causa siue principium: & cui convenit principium, & principiatum.
498 1973 1869 2026 sed essentia diuina est ratio agendi omnes diuinas actiones: quae coniter conuenit
492 2024 1917 2088 omnibus diuinis personis. ergo &c. ⁋ Secundo sic. in actionibus quae se habent per ordi- a
482 2077 1867 2128 nem, in quibus prius est ratio posterioris: cui conuenit prius, & posterius: sicut pa
130 2126 1878 2187 tet in intelligere & velle: in quibus intelligere praecedit velle: & est ratio eius: propter quod omne intellecti
141 2181 1874 2239 uum est volitiuum. in deo actiones essentiales quae sunt velle & intelligere, prioritate rationis intelle
142 2231 1868 2294 ctus nostri priores sunt omnibus aliis diuinis actionibus: quae sunt generare, spirare, creare, gubernare: &
138 2281 1869 2353 huiusmodi: & sunt rationes producendi illas: vt infra videbitur. illas autem actiones essentiales quae sunt velle
129 2331 1858 2412 intelligere: communiter agunt omnes diuinae personae. ergo &c. ⁋ In contrarium est: quod quaedam sunt actio
139 2400 1364 2460 nes personales, quae propriae sunt personis aliquibus & non omnibus.
142 2450 1864 2520 ⁋ Dicendum ad hoc quod quandocumque ad aliquam actionem plura simul concurrunt, non
138 2509 1864 2570 habens vnum illorum actionem illam non potest efficere: sicut patet in actione artificii quod exercetur pluri-
128 2557 1872 2633 bus instrumentis: & sicut patet in generatione naturali procedente ad determinatam speciem: in qua duo con
128 2619 1868 2684 currunt simul tanquam vna agendi & generandi ratio scilicet qualitas actiua: sicut calidum & frigidum: dicen
133 2674 1862 2736 te philosophous in prin. iiii. Meteor. Gignunt vnumquodque calidum & frigidum vincentia materiam: sed non sufficiunt.
132 2717 1865 2779 Propter quod negantes formas substantiales agere, & dicentes quod neque sunt actiuae neque passiuae: sed solumm odo
129 2773 1868 2832 formae actiuae & passiuae sunt primae quaelitates: posuerunt datorem formarum: vt ideas vel intelligentiam sepeatam. vt
132 2829 1854 2889 dicit Comment. super. vii. Meta. Philosophus autem (vt dicit ibidem) posuit quod formae substantiales materiales sunt gene
138 2884 1863 2955 rantes per virtutes quaes calori imprimunt in semine, quae licet calor sit idem specie in semine asini & semine equi:
141 2934 1857 3004 aliud tamen specie generatur ex semine asini, & aliuda ex semie equi: & hoc propter virtutem ipssam a forma asini semini
129 2988 1861 3051 suo, aliam specie ab illa quae ipssa est semini equi a forma equi: ita quod calidum ex se si nulla virtute determiaretur,
123 3048 1864 3105 nihil generaret nisi calidum: & non moueret ad determinatam speciem nisi virtute determinante eam ad speciem
140 3097 1862 3152 sibi ipssam: & hoc vel a generante particulari: vt in generatis per propagationem: vel a generante vniversalis sicut alibi ex
138 3150 1858 3212 posuimus in quaestione quaedam de principiis seminalibus: vt sic duo concurrunt ad omnem actionem tendentem ad aliquam
124 3204 1859 3267 determinatam formam in mixto: & hoc ex parte eius quod est ratio agend scilicet calor ipse qui agit: & actum elicit: & vir
115 3262 1874 3342 tus ipsam determinans ad actionem determinatam tendentem ad speciem determinatam. secundum quod declarat hoc
