2316 3781
97 351 1815 423 pitur a conclusione, licet id concipiat post conclusionem. Numquam autem dicetur aliquid concipi primo nisi
104 419 1815 471 vt ab illo concipitur aliud: neque secundo, nisi vt concipitur ab alio: vt sic omnino differant primum
90 469 1816 531 & secundum a priori & posteriori: & in ordinatis ordine rationis secundum modum praedictum, possit
93 529 1817 594 accipi primum & secundum modo iam dicto, scilicet completiue ex parte intellectus, & originaliter
97 578 1817 644 ex parte rei intellectae: Prius autem & posterius, non nisi ex parte solius intellectus nostri: vt illud
97 631 1808 691 quod est prius, possit esse posterius, & econverso: illud autem quod est primum, non possit esse secundum
82 683 1817 745 aut tertium, nec econverso, nec in ordine rationis ex parte intellectus, sicut neque in ordine origi-
83 738 1820 803 nis ex parte rei, secundum quod amplior erit de hoc sermo inferius. ⁋ Sic ergo quod ordo rationis & pri
79 788 1822 851 mun, & secundum, & huiusmodi circa diuina sint ex parte intellectus nostri, hoc non contingit nisi
90 840 1816 897 quia intellectus noster ea quae considerantur in diuinis non est natus concipere nisi per discursum
88 889 1822 955 Non dico solum discurrendo post vnum in alterum, vbi primum non est ei naturaliter via transeundi
87 947 1822 1010 in cognitionem alterius: quemadmodum post conclusionem potest discurrere ad conceptum prin-
85 1000 1822 1061 cipii, in cuius cognitionem cognitio conclusionis non est via: sed discurrendo ab vno in alterum
90 1057 1816 1124 vt cognitio vnius sit via transeundi ad cognitionem alterius: quia illius secundi cognitio cogni-
81 1109 1820 1176 tionem primi includit. Et ideo sicut in ordine originis primum est illud a quo aliud, & secundum quod
83 1174 1814 1230 ab alio: Sic in ordine rationis primum est illud a quo discurritur in aliud: & secundum in quod discur
88 1216 1814 1282 ritur ab alio. Quae etsi nullo modo reciperentur in diuinis ex natura rei nisi originaliter, tamen
95 1273 1817 1333 recipi debent in eis ex parte & ex natura intellectus nostri: vt considerentur sicut determinationes
79 1325 1820 1385 actus intelligendi intellectus nostri discurrentis dicto modo: non autem alicuius ex parte rei. Et se
86 1377 1817 1440 cundum hunc modum intelligimus in omnibus dictis nostris & scriptis, primum, secundum, tertium, & sic
81 1430 1813 1493 deinceps, vbicumque mentionem fecimus aut faciemus de eis: vt secundum hoc si dicamus quod in deo in
85 1491 1811 1555 telligere est primum, & velle secundum: aut quod verum est attributum primum, bonum vero secundum: vt
94 1534 1820 1604 quod essentia diuina est prima, respectus vero vel relatio fundata in ipsa est secunda: aut quod patri
84 1594 1817 1655 intelligere & omnia essentialia conveniunt primo, filio vero secundo, spiritui sancto autem tertio, hoc
79 1640 1825 1709 non intelligimus nisi vt primum, secundum, tertium, sunt determinationes solius actus intelligendi
86 1702 1813 1768 nostri: non autem alicuius ex parte rei intellectae. Vnde si quis omnino talia remouere velit a mo
88 1750 1816 1819 do loquendi in diuinis: hoc non oportet facere propter aliquod inconueniens ex parte rei: sed solum
86 1819 1812 1875 ex parte vsus inconsueti ipsorum nominum. Sed valde irrationabile est vim magnam de nominibus fa-
89 1853 1810 1924 cere, cum certum est de rebus quas per illa exprimere intendimus. dicente Diony. iiii. c. de di.
92 1903 1814 1970 no. Irrationabile arbitror & stultum non virtuti intentionis intendere: sed dictionibus. Et non
85 1965 1818 2030 est diuina intelligere volentium propositum: sed sonos leues percipientium, & nolentium scire quid
82 2028 1825 2080 quidem qualis dictio significet, quomodove eam oporteat & per alias aeque potentes & manife-
85 2066 1822 2137 stiores dictiones declarare &c. Vnde quia loqui non possumus de diuinis nisi nominibus trans
81 2128 1814 2193 latis a creaturis: & illa proprietatem rei non possunt exprimere perfecte: aut omnino oportet nos
88 2178 1818 2243 tacere & nihil omnino loqui de diuinis: aut loqui aliquando improprie aliquantulum. iuxta illud quod
94 2231 1829 2300 dicit Augustinus super Ion serm. xix. exponendo illud Io. v. Non potest filius a se quicquam facere, dicens. Et si
90 2291 1816 2350 nec explicatum aliquid dixerimus: quia nec explicatum aliquod intellexerimus: aliquando quippe sermo
82 2334 1815 2401 deficit, vbi intellectus proficit: quanto magis sermo patitur defectionem, quando intellectus non habet perfe-
88 2385 1816 2457 ctionem: ⁋ Ad propositum igitur redeuntes dicimus: quod quia diuinae personae in agendo actiones transeun
86 2443 1816 2515 tes in productum extra, nullum omnino ordinem habent inter se: ideo eas agunt non vt singuli: sed vt
88 2495 1816 2561 vnum, & ideo secundum vnam praecisam rationem. Actiones absolutae manentes intra non transeuntes in aliquod
94 2547 1813 2616 productum intra vel extra: quia diuinae personae eas agunt ordine quodam rationis intellectus nostri,
84 2607 1821 2666 ideo eas agunt vt singuli, non vt vnum: & ideo neque secundum vnam praecisam rationem. Propter quod
86 2653 1817 2727 persona a qua alia persona habet quod illas agat: non dicitur quod agit eas per illam: sicut dicitur
94 2707 1816 2783 quod per illam agit illas praecedentes. Et sicut est de intelligere essentiali: similiter est & de velle
92 2764 1814 2833 essentiali: & sicut est de velle & intelligere essentiali patris respectu filii: sic est de intelligere es-
96 2814 1814 2878 sentiali & velle patris & filii communiter respectu spiritus sancti. Ille autem ordo in actionibus
81 2873 1816 2940 manentibus intra, patet ex iam dictis: quia enim intelligere essentiale patris, vt patris est, fundamentum est
94 2923 1810 2988 actus dicendi: a fundamento in id quod fundatur super ipsum, intellectus noster natus est ordine na-
87 2968 1822 3048 turalis rationis discurrere, & non econverso. Et similiter quia dicere est actus productiuus verbi, quasi
92 3030 1823 3089 medius inter dicentem & verbum dictum: discurrere natus est ad dicere in verbum dictum. Similiter quia a ver
91 3087 1819 3156 bo dicto agitur actus intelligendi essentialis: & id a quo procedit est vt principium eius: ideo discurre
82 3136 1818 3206 re natus est ab ipso verbo in ipsum intelligere. Et sic ordine discursus nostri intellectus quid originem
87 3203 1815 3257 trahit ab ipsa re, intellectus ipse Primo habet concipere intelligere essentiale patris: Secundo dice-
92 3256 1822 3321 re patris: Tertio verbum dictum: Quarto intelligere essentiale verbi, vt verbi est. vt secundum hoc or-
