2310 3783
532 320 2244 430 lud dictum Philosophi, quid exprimit per illud quod dicit, fit propter operationem, quia in deo nullum cadit fie-
539 409 2251 488 ri. Dicit ergo illud solum de operatione in creaturis. ⁋ Secunda ratio ostendit quod in deo nulla cadit in
542 458 2239 534 terius actio seu operatio omnino, eo quod actio vel operatio si est in deo manens intra, fundatur super
536 520 2248 589 diuinam essentiam, cui nihil additur manens intra nisi respectus, quod verum est secundum supra determi
541 577 2248 642 nata. Et sic actio vniversal operatio in deo non esset nisi purus respectus, quod non est verum: vt procedit obiectio
539 623 2240 694 Et est dicendum de actione siue diuina operatione manente intra, sicut dictum est supra de aliis attri-
537 677 2245 756 butis, quod in significatione eorum non cadit praecise respectus tanquam aliquid praeter diuinam essentiam, im
533 729 2251 811 mo in significato cuiuslibet eorum cadit ipsa essentia sub ratione respectus: & sola ratione vt est
536 778 2252 854 significata sub nomine respectus, differt a seipsa vt est absolute significata: vt in actione diuina ipsa
538 835 2256 904 substantia actionis diuinae sit diuina essentia: sicut motus est substantia actionis in creaturis. Et pro
541 894 2247 969 pter omnimodam simplicitatem ipsa essentia habet rationem fundamenti ex quo elicitur diuina actio
537 949 2253 1029 & rationem substantiae actionis quae elicitur: vt magis patebit infra loquendo de actionibus diui-
545 1007 952 1076 nis intra manentibus.
1036 1054 2260 1156 Equitur Arti. &l. de actione dei quae est intelligere, in specia
1022 1138 1666 1204 li. Et circa hoc quaeruntur septem.
1026 1186 1698 1261 Primum: vtrum deus sit intelligens.
1026 1236 1743 1305 Secundum: vtrum intelligat seipsum.
1033 1262 2128 1357 Tertium: vtrum semper & vniformiter intelligat seipsum.
1029 1327 2260 1426 Quartum: vtrum perfecte intelligat seipsum: ita quod intelligendo se in
1033 1401 1340 1474 telligat alia a se.
1032 1414 2213 1512 Quintum: vtrum vno simplici intuitu intelligat seipsum & alia.
1020 1497 2255 1573 Sextum: vtrum intelligere in deo sit tantum essentiale, an etiam personale.
1015 1550 2256 1635 Septimum: vtrum ipsi intelligere dei quod non est nisi essentiale, respon-
547 1617 1259 1676 deat in deo aliquod verbum essentiale.
880 1635 2251 1731 Irca primum arguitur, quod deus non sit intelligens. Primo sic. Intelligere pati quoda
889 1714 2256 1788 dam est: vt dicitur tertio de anima. Pati autem minime convenit deo inter omnia
883 1770 2247 1838 entia, cum sit summe formalis & abstractus. ergo &c. ⁋ Secundo sic. Nihil in
872 1824 2251 1889 telligit nisi per hoc quod intellectum est forma intellectus in intelligente. Forma
886 1876 2254 1954 enim intelligibilis principium est omnis intellectualis operationis. sed intel-
871 1925 2251 2005 lectus diuinus nullo modo habet informari, ne in deo ponatur compositio. ergo &c.
537 1989 2242 2067 ⁋ Quaestio ista determinata est in praecedentibus. Cum enim, vt habitum est, intelle-
548 2058 2253 2121 ctus sit in deo tanquam potentia ad intelligendum, & habitus intellectuales tanquam rationes intelligen
542 2102 2251 2179 di: tale autem quod ex habitu per intellectum habet concipere obiecta cognoscibilia, quorum in se habet ha
547 2149 2248 2228 bitus, quod est intelligere siue esse intelligentem: ldeo oportet dicere simpliciter quod deus sit intelli-
534 2208 2250 2283 gens. Vnde & deus dicitur a de Suc:i quod est considerare, quia omnia intellectu suo considerat.
556 2264 2252 2336 Quod maxime apparet ex hoc quod in deum reducitur omne agens & mouens motum, tanquam in agens & mouens
550 2312 2256 2388 primum non motum. Cum igitur sub ipso sit quoddam agens mouens seipsum, quid non mouet se nisi per apprehen
538 2363 2265 2441 sionem & appetitum: multo ergo fortius deus primum mouens mouet vt appetens & intelligens. Aliter enim
539 2421 2255 2486 mouens per intellectum esset instrumentum eius quod mouet non per intellectum: & non intelligens
539 2484 2259 2546 finem praestitueret intelligenti, & imperfectum prius esset perfecto, & esset aliqua imperfectio in deo,
548 2542 1153 2606 quae omnia sunt inconuenientia.
553 2580 2249 2665 ⁋ Ad primum in oppositum, quod intelligere pati quoddam est, quod non cadit in deo: di-
554 2641 2253 2710 cendum quod duplex est modus intelligendi. Vnus ad quem intellectus quantum est de se est in potentia tantum, & non
545 2696 2263 2769 in actu, nisi per agens quod est obiectum intelligibile, quid non est penitus idem sibi, nec semper est intellectum ei coniun
553 2754 2252 2820 ctum in ratione mouentis aut motiui: sed quandoque sic, & quandoque non. Alius vero est modus intelligendi. secundum quod
544 2817 2249 2876 intellectus intelligentis semper est in actu intelligendi, & hoc per agens intelligibile penitus idem sibi, & ideo
546 2869 2264 2926 semper praesens ei in ratione mouentis siue motiui. Primo modo intelligit omnis intellectus creatus. Et de isto dicit
547 2911 2263 2982 Philosophus quod intelligere est pati. Est enim in eo modus verae passionis, per hoc quod intellectiuum de potentia
548 2968 2257 3036 distante & differente ab actu in actum reducitur per obiectum. Secundo modo intelligit solus intellectus increatus: &
546 3016 2260 3093 ideo in eo non est aliquis modus verae passionis realis: sed secundum rationem tantum: quemadmodum determinatum est su
547 3070 2252 3150 pra quod ratio passionis cadit in deo, & quod intellectus diuinus habet rationem potentiae. Hmodi autem differen-
546 3122 2220 3200 tiae in modo intelligendi ratio est, quod intellectus quantum ad actum intelligendi in creaturis passius est, & vt passi
546 3177 2239 3244 ideo in actum intelligendi non procedit nisi per speciem siue formam rei intellectae: quae principium formale est, & ratio
541 3229 2231 3311 eliciendi actum intelligendi in intellectu. In deo autem forma intellecta non est nisi sua essentia, quae est ratio intel
