2269 3778
472 320 2194 402 eius perfectissime intelligit: licet nulla imperfectio intelligendi se vel suam essentiam fuit in eius sim
480 392 2196 466 plici intellectu essentiali simplicis notitiae. & hoc, quod deo non convenit definitiua ratio explicanda per
493 453 2196 514 verbum: sicut conuenit essentiis creaturarum. Falsum ergo assumptum est in argumento: quod nulla est
487 500 2194 566 actio intellectus, nisi intelligere. ⁋ Ad secundum quod origo actus intelligendi non est nisi id quod est pro-
506 564 2196 618 prium personae: Dicendum quod falsum est: immo non nisi illud quod est commune tribus personis, vt est ipsa di-
502 612 2196 671 uina essentia. nulla enim alia forma aut specie intelligit deus trinitas quicquod intelligit vel in se
495 659 2202 723 vel extra se: nisi ipsa sua essentia, vt patet de eis quae intelligit intra se, ex praedeterminatis: & pate-
493 716 2192 783 bit infra de eis quae intelligit extra se. Et quod assumitur de Augustinus quod pater non intelligit intelligentia fi-
487 766 2206 826 lii: sed sua: sicut neque meminit: quasi id quo intelligit pater, sit proprium sibi, & similiter filio id quo
484 823 2193 885 intelligit filius: Dicendum quod Augustinus hoc dicit ibi ad literam contra absurditatem dicentium quod solus filius
480 883 2208 948 per se intelligit: & non pater, neque spiritus sanctus: nisi per filium: vt quod solus filius intelligeret sibi, &
489 939 2203 999 patri, & spiritu sancto: & esset intelligentia sua, & patris, & spiritus sancti: & similiter de memoria respectu
499 992 2206 1050 patris: & voluntate respectu spiritus sancti. Ex hoc enim (vt dicit) reditur ad illam absurditatem vt pater
490 1038 2212 1110 non sit sapiens de seipso, nec sapientia sapientiam genuerit: sed ea sapientia dicatur pater esse sapiens quam ge
486 1097 2212 1159 nuit. Vbi enim non est intelligentia, nec sapientia esse potest: & per hoc si pater non intelligit ipse sibi: sed
492 1142 2203 1209 filius intelligit patri: profecto filius sapientem facit patrem &c. Vnde & secundum istam absurditatem intelli-
489 1194 2208 1264 gere non est nisi notionale: quia vt proprium, soli filio conveniret: & similiter meminisse patri, & velle spiri
490 1252 2210 1315 tui sancto. Vnde ad euellendam istam absurditatem, dicit Augustinus quod sui & filii meminit pater memoria
492 1303 2205 1370 non filii: sed sua. Intellige: non fili scilicet propria: sed sua. intellige similiter non propria: sed communi cum filio: quia
492 1355 2207 1425 illa quae est patris, etiam est filii. Vnde subdit. lta sui & patris meminit filius memoria non patris scilicet pro
498 1411 2199 1480 pria: sed sui, non, propria: ne aliam ponamus memoriam patris: aliam filii: sed communi cum patre. Quia tamen
499 1460 2213 1530 ista memoria communi pater meminit vt in ipso est: non vt est in filio, & filius econverso: ideo expresse
495 1519 2209 1579 dicit quod pater meminit memoria non filii: sed sua: & filius memoria non patris, sed sua. de quo
494 1572 2210 1638 habitum est in septima quaestione articuli praecedentis. Et quod dictum est de memoria, intelligitur
503 1635 1292 1696 consimiliter de intelligentia & voluntate.
816 1671 2206 1737 Irca Septimum arguitur: quod intelligere in deo non est sine verbo essentiali: & quod in
817 1734 2201 1801 deo necesse est ponere aliquod verbum essentiale respondens actui intelligendi, quod
819 1792 2210 1841 non est nisi essentialis. Primo sic. quicquod est in creaturis, est effectus communis
826 1842 2221 1904 totius trinitatis. Imago dei in creatura rationali & intellectuali est aliquid in
817 1896 2212 1958 creaturis. ergo effectus est totius trinitatis. Quare cum imago creata non sit nisi
796 1945 2204 2011 uamad imaginem eius quod est in sua causa: imago ergo in creatura rationali vel in-
786 2000 2208 2067 tellectuali sit ad imitationem eius quod est communiter in tota trinitate. illud autem
502 2055 2218 2123 non est nisi essentiale. imago ergo huiusmodi fit ad imitationem essentialis. sed intelligentia quae est pars
496 2107 2212 2167 imaginis in creatura, facta est ad imitationem verbi. in deo ergo verbum est de essentialibus.
511 2158 2209 2220 ⁋ Secundo sic. cum aliquid seipsum cognoscit: notitia illa est proles et verbum eius, vt dicit Augustinus in si.
500 2216 2222 2283 ix. de trinitate. Mens cum seipsam cognoscit, parens est notitiae suae: & notitia est proles eius: ac de ipsa
500 2268 2203 2336 verbum eius. deus autem trinitas intelligendo cognoscit seipsum. ergo notitia illa verbum eius est. illa
494 2319 2216 2385 autem non est nisi essentialis: quia totius trinitatis. ergo &c. ⁋ Tertio sic. Anselmus dicit Mon. lxii. c. Pa
504 2376 2216 2438 ter & filius & eorum spiritus vnusquisque seipsum & alios ambos dicit. Sed non est dicere sine verbo:
493 2431 2222 2497 ergo omnes verbum dicunt. sed nihil est commune tribus nisi essentiale, vt dicit. c. lxi. ergo &c.
504 2483 2209 2539 ⁋ In contrarium est: quoniam vt dicit Augustinus vi. de trinitate. c. ii. verbum solus filius accipitur: non simul pater &
493 2531 2209 2605 filius, tamquam ambo vnum verbum. Sic enim verbum, quom imago. Et in li. contra perfidiam Arrianorum. Non sicut
503 2589 2212 2655 est filius deus de deo: lumen de lumine: vita de vita: ita potest dici verbum de verbo: quoniam solus filius
507 2638 2218 2713 verbum: & sicut patri proprium est generare verbum: ita filio proprium est esse verbum. Sed tale nullo
495 2706 1169 2769 modo potest esse essentiale. ergo &c.
495 2757 2213 2823 ⁋ Huius quaestionis veritatem ex iis quae videmus & experimur in nobis, inuesti-
502 2802 2211 2889 gare conemur: vt iuxta dictum Augustinus in fi. ix. de trinitate. ex inferiori imagine in qua nobis familiarius
496 2867 2209 2935 natura ipsa quasi interrogata respondet, exercitatiorem mentis aciem ab humana creatura ad lumen
503 2917 2203 2973 incommutabile dirigamus. Est igitur sciendum, quod aliqui nolentes ponere verbum essentiale in deo: di-
503 2972 2213 3042 cunt iuxta illud quod in ix. de trinitate. dicit Augustinus quod omnis res quamcumque cognoscimus, congenerat in nobis
501 3022 2210 3089 notitiam sui. & hoc quia mouendo intellectum sicut proprium obiectum, educit ipsum de potentia intelli
500 3081 2217 3153 gendi in actum intelligendi. Ab vtroque enim (vt dicit ibidem) notitia paritur, a cognoscente scilicet & cognito
501 3131 2217 3199 & hoc quemadmodum expositum est iam in quaestionibus praecedentibus. Vnde mens cum seipsam nouit, ipsa sola
505 3183 2211 3239 est parens notitiae suae: cum vero nouit aliud a se, res illa cum mente parens est ipsius notitiae. Et est ista
503 3244 2208 3327 notitia ipse actus intelligendi siue operatio quaedam procedens ab intelligente: sed tamen non recedens ab eo:
