2301 3778
484 337 2202 421 de re quacunque intellecta intelligentia simplici ipsum quod quid est statim concipit vt natura
477 411 2191 478 simpliciter: non autem vt ratio: quia absque discursu & inuestigatione: quemadmodum conci-
483 464 2197 527 pit ipsum intellectus noster. Et ideo intellectus noster concipit quod quid est non vt natura
486 518 2200 581 simpliciter: sed vt ratio naturalis. Quod quid est ergo de vnaquaque re simplici intellecta in-
488 570 2191 642 telligentia simplici, verbum est existens in intellectu non per actum intelligendi qui formatur
492 618 2195 689 per obiectum cognitum: sed per actum dicendi, vel cum discursu, vel absque discursu. Tale er-
484 688 2204 742 go quod quid est tanquam verum & perfectum verbum in intellectu creato, habet sex conditiones
492 744 2197 794 verbi praenotatas. Est enim terminus: quia in ipso perfecte terminatur & perficitur omnis ope-
490 777 2193 851 ratio & cognitio intellectualis de incomplexo: quae inchoatur ab obiecto intelligibili cuius est:
490 836 2204 903 quemadmodum in eo quod est propter quid est, terminatur omnis cognitio intellectualis de
484 887 2206 954 complexo. Est enim ipsum propter quid est, verbum declaratiuum complexi illius quod con-
485 949 2197 1009 cipitur simplici intelligentia: quemadmodum quod quid est, verbum est declaratiuum in-
490 991 2197 1058 complexi. Est autem specialiter terminus actionis intellectualis: quia non voluntariae. Est
501 1056 2202 1114 etiam emanans: quia in esse constituitur per intellectualem operationem: & hoc ab intelli-
490 1095 2197 1170 gente secundum actum. Non enim format intellectus quod quid est: nisi de aliquo iam intellecto sim
488 1159 2202 1224 plici intelligentia. Et cum hoc est manens in intelligente: & declaratiuum & manifestatiuum alte
508 1211 2207 1278 rius. Secundum quod secundum philosophum, Definitio est notificationis gratia. & hoc est completiuum in ratione
502 1264 2210 1328 verbi. Vnde si quid respondeatur ad quaestionem per quid, si non sit declaratiuum & manifesta-
501 1312 2193 1387 tiuum eius de quo quaerit, non est verbum illius: vt si quaeratur quid est tunica: & respondeatur
501 1367 2213 1427 vestis: quia vnum non est declaratiuum alterius: non est verbum illius. Et cum hoc quia verbum de-
498 1419 2204 1486 claratiuum alterius potest comprehendere id quod quid est, vel perfecte comprehendendo cum gene
491 1473 2212 1530 re omnes differentias vsque ad vltimam inclusiue: vel vltimam, vel plures ex eis omittendo: secundum hoc
496 1526 2212 1598 verbum formatum in mente de re potest esse vel perfectum: vt si de homine concipiatur quia
495 1580 2214 1652 est substantia corporea animata sensibilis rationalis: vel imperfectum: vt si tantum concipiatur quia
499 1639 2215 1711 est substantia animata sensibilis. Non enim dicitur esse verbum: quia est in se quid intellectum vt ob
502 1684 2208 1748 iectum actus intelligendi: sed quia est declaratiuum eius quod est per se obiectum intellectus:
495 1738 2211 1801 vt in quo intelligitur. ⁋ Ascendendo igitur ad verbum in deo, dicimus quod nihil debet dici ver
504 1800 2212 1859 bum in deo secundum perfectam rationem verbi, quod est quasi per se & primum emanans ab intellectu
498 1846 2210 1905 diuino vt est vis cognitiua, cuiusmodi est actus intelligendi simplicis intelligentiae. Sed verbum per
491 1904 2205 1967 fectum in deo solummodo est id quod est per se emanans ab ipso diuino intellectu vt est natura quae-
488 1950 2209 2017 dam: cuiusmodi est terminus actus dicendi, qui est quasi fundatus super actum essentialem intel-
496 2006 2219 2083 ligendi. Cui quidem conuenit descriptio verbi perfecti praedicta: quia est terminus actionis in
496 2060 2219 2127 tellectualis emanans ab intelligente secundum actum, manens in ipso intelligente, declaratiuus il-
492 2114 2214 2185 lius tanquam simillimum ei. de quo dicit Damasci. id est sententiarum. c. vi. Ex intellectu ens aliud est prae
488 2167 2222 2231 ter ipsum: ipsum autem intellectum in apertum ducens. Quare cum tale in deo non est nisi
482 2227 2218 2291 emanans personaliter per actum dicendi, vt patet ex iam dictis: & infra amplius patebit ex de-
483 2291 2219 2343 terminandis: qui quidem actus dicendi solius patris est: licet actus intelligendi quasi substra-
487 2328 2219 2397 tus essentialis sit & communis toti trinitati, vt infra videbitur: proculdubio absolute ponendum
490 2386 2215 2447 est quod in deo non sit aliud perfectum verbum quam verbum personale productum per actum dicen
498 2443 2225 2504 di: quod non respondet in nobis alicui quod in nobis concipitur, nisi ei quod quid est, quod est perfectum
501 2498 2220 2557 verbum in nobis. ⁋ Et sic loquendo de verbo secundum perfectam rationem verbi, simpliciter dicen-
490 2547 2228 2605 dum est ad quaestionem, quod in actu intelligendi dei non est aliquod verbum essentiale. vt non sit
508 2597 2216 2663 perfecta ratio verbi nisi personalis in deo, cui maxime conforme est verbum quod quid est in in-
491 2641 2227 2715 tellectu nostro. Quod etiam verbum nostrum quamuis in aliquo simile sit verbo dei, multo tamen est
487 2706 2218 2770 dissimile. Secundum quod dicit Augustinus ibidem. Verbum nostrum est illud quod non habet sonum
489 2758 2221 2834 neque cogitationem soni: sed eius rei quae intus lucet: cui magis verbi competit nomen vtcumque simile
489 2809 2227 2871 est in aenigmate verbo dei: quoniam sic & hoc de nostra scientia nascitur: quemadmodum &
480 2865 2225 2934 illud de scientia patris natum est. Quod quantum etiam sit dissimile non pigeat intueri. Et in quo
495 2916 2224 2979 consistit illa dissimilitudo, in fine. c, xv. dicit. Si concedamus vocandum esse verbum quiddam
486 2978 2221 3037 mentis nostrae quod de nostra scientia formari potest etiam prius quam formatum sit, quis non vi-
492 3028 2230 3087 deat quanta hic sit dissimilitudo ab illo dei verbo quid in forma dei sic est vt non antea fuerit for
491 3080 2227 3148 male quam formatum: nec aliquando esse potest informe, sed sit forma simplex & simpliciter aequalis ei de quo
485 3129 2223 3197 est: Et est aduertendum quia dicit Augustinus quod nascitur de nostra scientia: insinuans quod ad
491 3180 2234 3261 productionem eius substrata est notitia simplicis intelligentiae: ita quod in nulla simplici intelli-
483 3238 2230 3322 gentia perfecta ratio verbi consistit. Sed quid est: nunquid penitus abnegandum est poni de-
