2358 3781
493 340 2230 422 est in quadam quaestione de quolibet. Non sic autem deus: quia in ipso non cadit ratio vniuer-
487 408 2227 480 salis, vt determinabitur infra. Et cum hoc dicendum quod notitia aequiuocatur. Vno modo no-
483 462 2218 534 titia appellatur actus noscendi qui est actus intelligendi, qui non est nisi essentialis in deo ad quod
496 517 2229 584 cumque intellectum vt intellectum est aut cognitum terminetur. Alio modo notitia appellatur illud
499 571 2221 644 quod alterius est declaratiuum & manifestatiuum, vt in quo cognoscitur & manifestatur, quod non est in
499 626 2217 700 deo nisi verbum personale, vt dictum est. Vnde quod dicit Augustinus quod mens cum seipsam nouit, notitia sua
501 677 2223 750 proles est: ergo & verbum: Augustinus non sumit ibi notitiam pro actu cognoscendi vel intel
497 731 2230 799 ligendi: sed pro eo quod mens seipsam intelligendo opere intellectus concipit actionem dicendi de
508 796 2224 852 seipsa quod est quod quid est: & verbum est: quod vere respondet verbo personali in deo: vt in ge-
504 839 2230 907 neratione verbi sit semper notitia de notitia: vt de notitia impressa in intellectu per obiectum
500 899 2223 958 intelligibile: ad quam intellectus se habet passiue, procedat notitia expressa: ad quam intellectus
501 949 2227 1017 se habet actiue, sicut dictum est. ⁋ Et quod hoc verum sit, patet ex hoc quod Augustinus probat: quia
513 1000 2227 1063 huiusmodi notitia proles est per hoc, quod illud quod partum vel repertum dicitur, iam notitia inuentum est
510 1053 2230 1124 & saepe (vt dicit) procedit inquisitio: eo fine quietatur: & (vt prosequitur) ista inquisitio non fit nisi
508 1105 2228 1182 per amorem rei inuestigandae: quia vt partum mentis antecedit appetitus quidam quo illud quod
507 1155 2240 1223 nosse volumus quaerendo & inueniendo nascatur proles ipsa notitia. Sed constat quod istam notitiam
510 1214 2230 1281 inuestigatam & inquisitam per amorem necessario praecedit notitia. aliqua simplicis intelligentiae: quia
516 1268 2230 1338 omnino incognita amare non possumus: sed solum quae aliquo modo cognoscimus, per amorem
507 1319 2233 1385 inuestigamus vt amplius cognoscamus. Et illa cognitio mentis de seipsa post simplicem noti-
517 1378 2241 1441 tiam non est nisi notitia qua verbum dicitur notitia: in quo simplex notitia amplius manife-
517 1431 2241 1496 statur. Vnde quod notitia quam Augustinus dicit esse verbum: sit notitia definitiua, bene expli-
509 1493 2242 1547 cat in eodem lii. cum dicit parum ante. vbi dicit. Neque vitiorum notitia nobis displicet: sed ipsa vi-
507 1532 2242 1603 tia. nam placet mihi quod noui: & definio quid sit intemperantia: & haec est verbum eius. Ex quo patet
515 1586 2242 1663 quod cum partes imaginis assignentur in nobis mens notitia & amor: & ad verbum non pertinet
504 1639 2233 1702 nisi notitia parta siue reperta & per inuestigationem eius inuenta, quae est eius quod quid est: quod
507 1701 2240 1763 ad memoriam pertinet etiam ipsa notitia simplicis intelligentiae: sicut in generatione verbi di-
510 1747 2246 1823 uini ad intellectum simplex notitia essentialis substrata actioni dicendi quo procedit notitia
516 1808 2243 1872 quae verbum est: quoniam non est verbum vel filius nisi notitia procedens. Et ideo dicit Anselmus quod
520 1860 2238 1926 pater non est filius, licet sit intelligentia: quia non est intelligentia procedens: verbum autem
518 1912 2232 1978 est notitia procedens: non vt actus aliquis: sed vt terminus actus, sicut dictum est. Ipse enim actus
522 1960 2245 2030 quo procedit verbum tam intelligere quam dicere, se tenet ex parte parentis, & praecise procedens ab actu
515 2015 2250 2083 habet rationem verbi & prolis. ⁋ Ad tertium, de Anselmus dicendum quod cum verbum sit emanans ab
509 2074 2242 2139 alio vt terminus dicendi: & vt ratio declaratiua & manifestatiua alterius: actus dicendi potest
514 2126 2242 2187 respicere ipsum verbum dupliciter. Vno modo vt est terminus eius simpliciter. Alio modo vt
524 2178 2253 2248 est manifestatiua alterius. & sic actus dicendi etiam respicit illud mediante ipso verbo vt ter-
510 2227 2252 2292 minum suum. Et ideo cum vtroque construitur vt cum termino suo in quem terminatur: vt dei di
510 2289 2243 2348 catur non solum verbum: sed res illa quae per verbum declaratur & manifestatur: sed per ver-
516 2333 2252 2402 bum per se: illud autem mediante verbo: & similiter dicens dicat non solum verbum: sed & illud
523 2393 2243 2461 quod declaratur verbo: sed verbum per se: illud autem mediante verbo. Pater ergo quia intelli-
517 2444 2241 2516 gendo se & filium & spiritum sanctum & totam creaturam & vniuersa quae sua notitia simpli
519 2498 2250 2567 cis intelligentiae continentur, dicit verbum vt omnium illorum declaratiuum & manifestatiuum, non
516 2548 2254 2615 solum dicit verbum: sed & ipso verbo dicto dicit omnia illa: & non solum verbum a patre di-
521 2610 2250 2673 citur: sed etiam omnia illa in verbo. Dicere autem verbum secundum se, & verbum dici secundum se, non
517 2661 2254 2728 conuenit pluribus personis diuinis. Dicere enim verbum secundum se, soli patri conuenit: & dici
510 2714 2236 2787 prout verbum secundum dicitur, soli filio conuenit. Et sunt ambo personalia. scilicet dicere & dici. Dicere
517 2776 2235 2832 autem aliquid verbo & in verbo pluribus conuenit. Sic enim conuenit omni rei creatae & in-
515 2823 2233 2883 creatae dici: quia verbo a patre producto omnia declarantur & manifestantur. Sic etiam conue
508 2875 2243 2934 nit dicere verbo cuilibet naturae intellectuali actualiter intelligenti ipsum verbum, vt dicere
517 2931 2248 2995 significet quasi formaliter actum manifestationis: & includat quasi materialiter actum intelligen
519 2982 2246 3048 di: & ille ablatiuus qui est verbo, sit ratio dicendi: non quo ad actum intelligendi: sed quo ad
512 3038 2241 3101 actum manifestandi. Per hoc enim quod intelligendo verbum vt aliquid quo intellectus quasi for
516 3090 2245 3150 matur ad actum intelligendi intelligit alia in verbo: illa manifestat cuilibet intellectui: haben-
530 3140 2244 3201 do in suo intellectu verbum vt illorum manifestatiuum: vt in eius intellectu sic informato &
516 3195 2251 3251 in verbo quod sic est in ipso intellectu, possit quasi legere quaecunque ipse in verbo intelligit.
529 3249 2251 3335 Et per hoc verbo illo dicit ea illi non suo, vt a quo procedat per actum notionalem dicendi:
