2477 3766
597 299 1983 385 lrca sextum arguitur, quod omnia scibilia quantum est ex parte sui aeque certitu-
601 377 1986 443 dinaliter nata sunt sciri. Primo sic. sicut se habet vnumquodque ad esse: sic ad veri
608 420 1985 503 tatem & cognitionem. ii. Metaphysi. Sed vnumquodque se habet ad esse & veritatem
620 479 1992 555 quod aeque vere est id quod est: quia ita vere corporale est corporale: vt incorpora
613 529 1998 594 le est incorporale. ergo vnumquodque aeque vere se habet ad cognitionem, quae aeque ve
588 575 1988 663 re se habent ad cognitionem: aeque certitudinaliter nata sunt cognosci. ergo &c.
237 628 1975 715 ⁋ Secundo sic. veritas vniuscuiusque rei creatae similitudo est in ea qua imitatur suum exemplar pri-
245 695 1980 769 mudm. Tunc enim vnumquodque vere est in se, cum est tale: quale ipsum fore, exemplar repraesentat: &
245 746 1973 816 tunc certe scitur, quando scitur tale esse. sed vnumquodque natum est aequaliter assimilari suo exem
244 797 1981 863 plari primo: quia tantum imitatur vermiculus ideam secundum quam factus est: quantum angelus suam. ergo aequa
251 856 1979 926 certitudine potest sciri veritas cuiuscumque. ex hoc autem est certitudo scientiae. ergo &c. ⁋ In oppositum
240 905 1974 973 est: quoniam ex hoc nata est res certitudinaliter sciri: quod seipsam clare manifestat iudicio intellectus:
244 959 1976 1031 qui ex hoc per se testimonium perhibet veritati. sed non omnia aeque clare nata sunt se manifestare in-
242 1006 1968 1085 tellectui: quia hoc impedit materia in materialibus. secundum commen. in principio. ii. Metaphy. ergo &c.
244 1064 1964 1144 ⁋ Dicendum ad hoc: quod veritas rei est id quo res scitur & intelligitur: quia ipsa est proprium obiectum
245 1107 1967 1197 intellectus: ex eodem autem est scientia rei & certitudo eius: quia non est scientia nisi sit certa: vt dictum
244 1176 1968 1241 est: certitudo ergo scientiae est ex veritate rei scitae, quare secundum modum veritatis repertae in rebus iudi
243 1227 1976 1304 candum est de certitudine scientiae earum. dispositio enim per se effectus semper sequitur dispositionem suae cau-
245 1272 1971 1344 sae. Nunc autem ita est, quod veritas rei & esse eius parificantur. Secundum quod dicitur. ii. Metaphysi. Necesse est
251 1337 1964 1413 vt dispositio cuiuslibet rei in esse sit sua dispositio in veritate. vnde ant. transt. dicit ibidem. Vnumquodque
243 1373 1965 1468 ergo sicut se habet ad esse: sic se habet ad veritatem. Quanto igitur vt dicit commen. ibidem, res quaelibet magis
243 1429 1960 1521 fuerit perfecta in esse: tanto magis erit perfecta in veritate. Et ideo dicitur in eodem: quod ens sign ificat essen
242 1491 1964 1575 tiam & veritatem rei: & quod id quod significat essentiam cuiuslibet: hoc est finis cognitionis & esse rei.
243 1541 1965 1613 in esse autem sic se habent res: quod non habent ipsum aequaliter: sed est vnum ens primum: cui verissime
244 1603 1970 1665 convenit esse, quia habet esse per suam essentiam: a quo omne aliud ens habet esse per participationem:
251 1652 1960 1735 & ideo multo debilius. secundum quod dicit Augustius vii. cons. dirigens sermonem ad deum. Inspexi caetera in-
241 1700 1972 1780 fra te: & vidi nec omnino esse: nec omnino non esse. Esse quidem quoniam abs te sunt. Non esse autem: quoniam
252 1751 1970 1830 id quod es non sunt. Amplius, in his quae habent esse per participationem cum omnia entia sunt a primo
244 1813 1964 1896 per ordinem: non aequaliter esse participant: sed ea quae propinquiora sunt primo in esse, verius ipsum esse par
243 1871 1959 1936 ticipant quam remotiora. propter quod dicitur. ii. Metaphysi. Primum semper est magis dignum in esse.
244 1912 1955 2004 Posterius autem non sic. & Augustinus xii. cons. Eecisti caelum & terram: vnum prope te: alterum prope ni
243 1969 1967 2044 hil: vnum quo superior tu es: alterum quo inferius nihil est. Et est hoc dictum de materialibus con
238 2021 1962 2109 positis ex materia & forma: quia cum forma dat esse: & superiora corpora: quia plus habent de for
239 2085 1967 2152 ma: verius habent esse: & inferiora minus vere: quia plus habent de materia. ldeo caelum, quod est su
231 2134 1957 2204 premum in corporibus, dicitur factum prope ens primum. Terra autem infima in corporibus dicitur
238 2192 1954 2266 facta prope nihil. Substantiae autem spirituales secundum illos qui dicunt quod sunt formae purae, verissi-
238 2244 1958 2315 me & summe habent esse in creaturis. Materia autem pura quantum est de se: minime de esse ha-
237 2291 1949 2373 bet. de qua dicit Augustinus quaerens quid sit. xii. conts. Si dici potest nihil aliquid & est & non est.
238 2351 1955 2429 & Plato in Timae. ldem hoc inter nullam & aliquam substantiam positum inuenitur: nec tamen nihil est.
243 2400 1950 2484 Secundum igitur hunc ordinem quanto res superior est & propinquior primo simplici, quid est forma & actus
231 2460 1961 2523 purus: tanto est perfectior in veritate: & quanto remotior est ab illo: & propinquior materiae purae:
238 2516 1966 2575 tanto imperfectior est in veritate. Propter quod dicit Philosophus. ii. Metaphysi. Vnumquodque principiorum causa
237 2573 1963 2627 est eorum secundum quod sunt aliae res. & oportet vt illud quod est magis verum, sit illud quod est causa veritatis re
228 2614 1960 2690 rum quae sunt post. Quare cum secundum exigentiam veritatis rei nata sit de ea haberi scientia certa
242 2675 1955 2747 absolute dicendum quod non omnia: immo nulla a primo ente vsque ad vltimum: quantum est de natura
235 2726 1962 2802 rei, aequa certitudine nata sunt sciri. Immo primum in fine certitudinis natum est sciri: post ipsum
239 2778 1954 2850 autem substantiae immateriales spirituales angelicae: & vltimo materialia: & in rebus materialibus vnumquodque na
227 2827 1958 2905 tum est sciri tanto minus quanto magis materiale est. Vnde & mathematica abstracta a materia sen
228 2876 1958 2958 sibili certiori scientia cognoscibilia sunt quam naturalia. Et ideo dicit Philosophus de illis substantiis im
236 2941 1955 3009 materialibus comparando scientiam earum quantum est ex parte sui ad scientiam materialium. ii. Metaphysiy. quod
226 2982 1956 3067 in natura sua sunt valde manifestae: & quod non est difficilis cognitio veritatis in eis prepter ipsas res:
237 3037 1948 3123 sed propter nos: econtrario ei quod contingit in rebus materialibus. secundum quod dicit ibi commen. Rectum est vt diffi
231 3106 1946 3174 cultas in rebus quae sunt in sine veritatis: & in primo principio: & in principiis abstractis a materia: sit ex
221 3160 1949 3213 nobis & non ex illis: quia abstracta sunt intellecta in se naturaliter. & ideo illa certissime nata sunt sciri: quanto
225 3200 1951 3289 sunt priora, secundum quod dicit Philosophus. i. Metaphy. Certissimae sciarum maxime primorum sunt. In aliis autem in seipsis
