2416 3765
445 272 2189 371 est difficultas sciendi ea: quia non sunt in se intellecta: sicut formae materiales. Difficultas enim in
447 355 2171 418 illis magis est ex se quam ex nobis: & maxime in cognoscendo primam materiam. propter quod dicit Plato de
448 414 2186 484 ipsa: quod nec plane intelligibilis est: nec plane sensibilis. Comparando etiam materialia inter se secundum
450 471 2185 536 certitudinem scientiae, dicit philosophus quod non oportet quaerere in qualibet scientia perscrutationem: sicut in ma
446 516 2176 583 thematicis. Hoc enim non oportet quaerere nisi in eis quae non commiscentur cum materia: & ideo iste mo
448 575 2185 631 dus non est naturalis: quia omnis natura fere admixta est cum materia. Vbi dicit Commen. Demon
447 629 2182 692 strationes enim Mathematicae sunt in primo ordine certitudinis: & demonstrationes naturales sequun
455 685 2184 746 tur eas: & iterum inter mathematica tanto maiori certitudine nata sunt sciri: quanto magis sunt
446 734 2179 803 abstracta. Propter quod dicitur. i. Metaphy. Quae est ex minoribus certiores sunt his quae ex appositione: vt
452 791 2183 856 arithmetica, geometria. est enim arithmetica de vnitate: quae est substantia non posita: geometria vero de
459 848 2179 914 puncto: quae est substantia posita: & ita magis concernens materiam: & ideo geometria sumit certitu
453 899 2185 965 dinem ab arithmetica: descendendo de genere in genus: inquantum magnitudines numeri sunt. vt
457 949 2181 1007 dicitur lib. poste. Minima ergo certitudo rerum materialium nata est esse in scientia rerum naturalium: & tan
448 1005 2183 1076 to minor: quanto magis sunt mutabiles: quia quod praeter hoc quod minus perfecte habent esse & ve-
454 1053 2185 1128 ritatem: quia sunt proxima materiae: id modicum quod habent esse & veritatis, amittunt inquantum
454 1114 2193 1174 mutantur. secundum quod dicit Augustinus v. de trinitate. Quod mutatur non seruat ipsum esse: & quod mutari potest: etiam
461 1163 2179 1228 si non mutetur: potest quod fuerat non esse. Ac per hoc id quid non tantum non mutatur: verum etiam mu-
467 1220 2189 1287 tari omnino non potest: fine scrupulo accidit quod verissime dicatur esse. Et ideo corpora caelestia: quia solum
460 1280 2182 1345 mutantur secundum situm: non secundum formam: sicut elementaria certius nata sunt sciri quam ele
470 1326 2180 1394 mentaria. Quorum naturalum. scilicet in materia in hoc quod minima certitudine sciuntur: sequuntur omnia
461 1381 2189 1439 moralia propter particularium varietatem: circa quae sunt. de quibus dicitur. i. Ethicorum Bona & iusta de qui
462 1431 2193 1505 bus ciuilis intendit: tantam habent differentiam & errorem: vt videantur sola lege esse. Et quia propter
462 1487 2195 1549 mutationem quae est in rebus naturalibus: ipsa minime esse habent: & minima certitudine nata sunt
463 1540 2191 1607 sciri: ideo etiam contingit quod illa quorum esse & natura est ipsa mutatio: aut in mutatione consistit
453 1591 2188 1658 minimum esse habent inter omnia naturalia: & debilissime nata sunt sciri: cuiusmodi sunt tempus & mo-
473 1657 2185 1722 tus. De tempore enim dicit philosophus. 4. Phyiiae. Quod apparet quod omnino non sit, aut vix & obscure. & Augus.
457 1695 2186 1769 xi. contu. Quid est tempus si nemo ex me quaerat scio: si quaerenti explicare velim nescio. quomodo
460 1758 2182 1818 enim esse dicemus: cui causa vt sit illa est, quia non erit: vt scilicet non vere dicamus tempus esse, nisi quia ten
455 1812 2192 1880 dit ad non esse. Minime ergo ista nata sunt sciri: quia minime nata sunt esse determinatum habere. vn-
471 1866 2188 1928 de & illud quod omnino habet esse indeterminatum, id nulla scientia humana comprehendit. cuiusmodi
466 1920 2184 1987 est ens per accidens. de quo dicit philosophus. vi. Metaphysi. Nulla scientia perscrutatur de hoc: quia
465 1971 2190 2040 non habet esse determinatum: & ideo neque scientiam permanentem. quoniam omnis scientia permanens, aut est illius
466 2023 2182 2095 quod est semper, aut est illius quod est in maiori parte: quia quid determinatur: oportet quod sit semper, aut in maio
469 2082 2191 2138 ri parte. Vnde & talia entia ad prima principia per se nota: quae ex sua natura certius nata sunt sci
472 2139 2184 2195 ri quam posteriora in quolibet genere scientiae: & in qualibet re scita, per accidens se habent. vnde ex illis
476 2184 2185 2252 primis principiis non potest ratio humana talium notitiam inuestigare. Sic ergo patet discurrendo
476 2242 2183 2302 per singula qualiter non omnia aeque certitudinaliter nata sunt sciri: sed quaedam certius, quaedam
474 2297 2192 2353 minus certe. vt dictum est. ⁋ Ad primum in oppositum, quod omnia aeque vere se habent ad esse: dicendum
472 2350 2193 2425 quod falsum est. secundum quod patet ex dictis. Licet enim quaeque res aequaliter vere sit id quid est: quia nulla proposi
477 2404 2186 2460 tio est verior ea in qua praedicatur idem de se ipso: absolute tamen non aeque vere habet esse quaelibet
475 2453 2198 2518 res: sed vna verius altera. vnde arguendo sic, vermiculus aeque vere est id quod est vt angelus: ergo
467 2508 2191 2573 aeque vere est: est fallacia secundum quid & simpliciter. ⁋ Ad secundum quod aeque vere quaeque res assi-
475 2563 2193 2619 milatur ei ad quem facta est: ergo aeque vere est: dicendum quod non sequitur: quoniam licet aeque ve-
472 2618 2188 2686 re assimiletur: non tamen tantum assimilatur: quia non secundum tantum & aequale nata est quaeque res ei as-
472 2666 2188 2742 similari: & tanto res in se verius est quanto amplius illi primo assimilatur. Vnde Augug. lxxxiii quaestionibus quaest
472 2724 2190 2794 liii. Multis modis res possunt dici similes deo. Aliae secundum virtutem & sapientiam: quia in ipso est vir
475 2779 2189 2833 tus & sapientia. Aliae inquantum solum viuunt: quia ipse summe viuit. Aliae inquantum sunt: quia il-
468 2824 2182 2893 le summe est. Et ideo quae tantum sunt, exigue sunt ad similitudinem eius. Quae vero viuunt: amplius
469 2881 2196 2960 participant similitudinem. Quae vero sapiunt, similitudine propinqua sunt: vt in creaturis nihil sit
488 2943 2199 2999 propinquius. Modicum ergo ens tantum assimilatur modico in ipso ad quod est, quod tamen in se non est mo-
473 2991 2195 3061 dicum: sicut maximum maximo. Non tamen ex hoc sequitur, quod tantum assimilatur modicum: sicut maxi
475 3040 2199 3143 mum. Modicum & maximum dico in deo: non ex se absolute: sed ex comparatione qua imitabilis est a
472 3090 1134 3187 creatura. secundum gradus diuersos.
