2522 3774
883 285 2054 376 Artic. Ill. De quiditate rei scibilis id est quid sciri potest ab homine.
836 363 2044 438 Via disciplinati est intantum certitudinem quaerere secundum
835 432 2046 490 vnumquodque genus: inquantum natura rei recipit, ideo postquam visum est
821 485 2053 564 de certitudine scientiae humanae, videndum est de quiditate scibilis ab eo.
825 541 1301 612 Et circa hoc quaeruntur. v.
831 575 1726 665 Primum: vtrum contingit hominem scire non entia.
825 638 1798 715 Secundum: vtrum contingit hominem scire omnia entia.
832 697 2047 772 Tertium: vtrum contingit hominem scire omnia ex philosophicis disciplinis.
834 753 2018 819 Quartum: vtrum contingit hominem scire omnia ex puris naturalibus.
812 807 2044 877 Quintum: vtrum contingit hominem scire per gratiam illa quae excedunt naturam.
675 863 2048 930 Irca primum arguitur, quod contingit hominem scire non entia. Primo sic. ea
688 923 2028 991 quae non sunt solent praecaueri si suspicantur nociua: & sperari si suspicentu
688 982 2045 1047 proficua: hoc non posset fieri nisi contingeret ea scire: ergo &c. ⁋ Secundo sic. prophe
691 1030 2044 1090 ae praenunciabant quae non erant: & neque ex cursu rerum naturalium futura erant: &
685 1078 2038 1147 illa non erant simpliciter: & tamen illa sciuerunt. ergo &c. ⁋ Tertio sic. contingit prae
666 1137 2049 1204 nunciare eclypses solis & lunae. &c. talium antequam sint, quod non esset nisi continge
338 1189 2050 1258 ret scire non entia. ergo &c. ⁋ Quarto sic. secundum philosophum li. peri hermenias, contigit vere enunciare de eo quid
331 1243 2043 1308 non est non esse. Hoc autem non esset nisi contingeret quod non est scire. ergo &c. Probatio mediae est: quia
327 1299 2054 1370 si contingit vere enunciare de eo quod non est non esse: contingit scire propositionem illam esse veram in quae enum
334 1352 2042 1419 ciatur quod non est non esse: quia omne verum est scibile. sed non contingit scire veritatem complexionis nisi sciendo
338 1398 2050 1467 incomplexa: quia veritatem complexionis non cognoscimus nisi inquantum terminos cognoscimus. cum
335 1462 2044 1523 ergo termini illius complexionis & in subiecto & in praedicato sint non ens. ergo &c. ⁋ Oppositum ar-
327 1508 2048 1577 guitur. Primo sic, non contingit scire nisi verum: verum & ens convertuntur. ergo &c. ⁋ Secundo sic.
331 1565 1706 1631 scientia hominis causata est a rebus, non ens nullius potest esse causa. ergo &c.
309 1610 2042 1713 ⁋ Dicendum ad hoc, secundum philosophum. iii. de anima. quod intellectus est quodam
331 1686 2043 1758 modo intelligibilia & sciens scibilia: & cum non sint nisi duo modi essendi vt ibi dicit commen, ne-
334 1751 2048 1816 cesse est vt intellectus & sciens sint intellectum & scibile extra animam aut forma eius. res autem ipsa
335 1800 2044 1867 non potest esse: necesse est ergo quod sint quodammodo forma & species eius specie scilicet rei intellectae & sci
330 1848 2050 1918 tae informatae. Vnde lapis non est in anima sed species lapidis. Nihil igitur potest esse scibile nisi quod per spe
333 1898 2043 1962 ciem suam natum est esse in anima: vt per speciem anima quodammodo sit ipsum. Quare cum non ens
331 1956 2043 2031 speciem habere natum non est: non ens nullo modo potest esse scitum inquantum huiusmodi. Sed quica
325 2008 2047 2081 quid contingit hominem scire: necesse est quod ens sit: ita quod prima ratio scita oportet quod sit ratio & in-
332 2061 2042 2132 tentio entis. secundum quod dicit Auicen. Ens & res talia sunt quod statim imprimuntur in anima prima im-
324 2123 2049 2186 pressione: quae non acquiritur ex aliis notioribus se & alia ab eis. vnde quod priuat entis intentionem per
329 2170 2049 2240 se, est illud quod est per se & primo incognitum. lta quod sicut vnumquodque scitum primo est cognitum
334 2222 2046 2277 sub ratione qua est ens: ita vnumquodque ignoratum primo est incognitum sub ratione qua non ens.
332 2275 2046 2333 Propter quod dicit Philosophus primo Phyisicae. quod infinitum inquantum infinitum est incognitum: quia
336 2326 2050 2398 infinitum inquantum infinitum est non ens. ⁋ Intelligendum tamen quod ens dicitur multis modis. secundum
333 2382 2058 2452 philosophum. v. Metaphy. & similiter per contrarium non ens. Quorum vnus est secundum siguras praedicamentorum: & est
324 2437 2056 2500 certitudo quae vnaquamque res est id quod est: sicut albedo habet certitudinem quae est albedo. & hoc appellatur esse
325 2484 2048 2560 proprium rei, quod est essentiae eius. Non ens oppositum tali enti est illud quod nullam certitudinem habet in se:
331 2543 2049 2613 nec potest habere apud intellectum qua certificetur res esse id quod est: sed priuat esse tale: & est illud de quo
338 2597 2052 2660 dictum est: quod homo non potest ipsum scire: quia est omnino inscibile: quia rem cuiuslibet praedicamenti pri-
337 2658 2047 2716 uat. Sed ens dicto modo secundum quodlibet genus praedicamenti: diuiditur in ens in potentia: & in ens in actu: &
334 2703 2052 2766 dicitur illud quod est in potentia non ens, respectu illius quod est ens actu extra animam: quia id quid solum est in poten
334 2759 2050 2822 tia non est in actu. Quod tamen aliquando poterit esse tale, vel potentia materiae per generationem, vel potentia efficientis
330 2809 2055 2879 solum per creationem: de tali non ente non est negandum quindo contigat hominem ipsum scire concipiendo quiditatem & es-
335 2858 2062 2928 sentiam talis entis: praeter hoc quod apprehendat ipsam esse in actu extra animam. Talis enim intellectus quo apprehen
337 2918 2053 2981 ditur res extra esse in effectu: semper concomitatur intellectum quo apprehenditur res simpliciter in essentia sua: vt dicit
325 2967 2065 3037 Auicen. ponens exemplum tale. verbi gratia. Si dixerit aliquis, resurrectio erit: intellexisti resurrectionem quae non est:
323 3022 2061 3092 & intellexisti erit quod non est: & praedicasti erit de resurrectione. Sed intelligitur vt in hora futura vera sit
333 3082 2067 3145 de ea intentio de est: & sic, vt dicit, enunciationes non sunt nisi per id quid est in anima: & per accidens
325 3122 2065 3195 per id quid est in exterioribus. Et similiter est de intellectibus incomplexorum. secundum quod dicit Augstinia in
322 3195 2071 3264 logica sua. Possibile est te intelligere hominem simpliciter, ita quod non intelligas an habeat esse extra,
