2494 3772
252 296 1986 396 sum, infirmitas intellectus est. cuius enim dignius habemus aliquid quam rationem, non est quaerenda ratio. ex
263 380 1986 446 perimentum ei sermonum verorum est vt conveniant rebus sensatis. Hic est quod dicit Augustinus vbi supra. Absit a no
262 433 1975 501 bis vt ea quae per sensus corporis didicimus vera esse dubitemus. Per eos enim didicimus coelum & terram
262 482 1986 557 & ea quae in eis nobis nota sunt. Hinc etiam Tullius in libro suo de Academica volens probare contra Academica quod contin
256 537 1986 601 git aliquid certitudinaliter scire, dicit sic. Ordiamur a sensibus: quorum ita clara iudicia & certa sunt
265 593 1982 650 vt si optio naturae detur, non videam quid quaeratur amplius. Meo iudicio maxima est in sensibus veritas:
262 642 1981 711 si & sani sunt ac valentes & omnia remouentur quae obstant & impediunt. aspectus ipse fidem facit sui iu-
255 695 1975 770 dicii. De fide vero in cognitione intellectiua, quia sic contingit per eam aliquid vere scire sicuti est:
252 744 1979 823 statim subiungit ibidem. dicit Aut qualia sunt haec quae dum de sensibus percipi dicimus talia sequuntur ea
253 811 1986 872 quae non sensibus percipi dicuntur, vt haec: ille est albus, ille est canus. Deinde sequuntur maiora, vt
259 857 1986 929 si homo est animal est. quo ex genere notitia rerum nobis imprimitur. Cognitione igitur intellectiua sicut iam
250 912 1979 984 dictum est de cognitione sensitiua, intellectus ille vere rem percipit sicuti est sine omni deceptione &
250 959 1976 1030 fallacia: cui in actione propria intelligendi non contradicit intellectus verior, vel acceptus a sensu ve
249 1022 1984 1082 riori, nec de tali intellectu plus dubitandum est quam de sensu. Vnde Augustinus vbi supra. Cum duo sunt genera
264 1072 1979 1136 rerum quae sciuntur, vnum eorum quae per sensus corporis percipit animus, alterum eorum quae per seipsum, multa
269 1121 1986 1186 illi philosophi (loquitur de Academica, garriunt contra corporis sensus: cum tamen quasdam firmissimas per seipsas perce
262 1177 1973 1247 ptiones rerum verarum nequaquam in dubium reuocare potuerunt: quale est illud: scio me viuere. in quo non
266 1234 1978 1291 metuimus ne aliqua veri similitudine fallamur. Quoniam certum est eum qui fallitur viuere. Vbi nec Academicus
251 1288 1977 1344 dicere potest: fortassis dormis & nescis & in somnis vides: quia nec in ea scientia per somnia falli po
253 1337 1986 1398 test: quia & dormire & in somnis videre viuentis est. Nec illud Academica dicere potest furis fortassis & nescis
252 1390 1980 1460 quia sanorum visis similia sunt etiam visa furentium. Sed qui furit viuit, nec contradicit Academica Non ergo
250 1437 1978 1508 fallitur nec mentiri potest, qui dixerit se viuere, nec de hoc alia probatio requirenda est, quam illa quae
261 1492 1985 1565 habetur exercitio intellectus, & per signa euidentia a posteriori, qualia inferius ponentur. ⁋ Contra hoc tamen
254 1552 1986 1614 antiquitus vigebant. vii. errores tum ex parte sensus tum ex parte intellectus, quorum quinque reprobat
250 1599 1979 1662 Philosophous. iiii. Metaph. illorum. scilicet errorem qui negabant scientiam negando illud principium scientiale
261 1654 1986 1714 de quolibet affirmatio vel negatio & non simul de eodem. ⁋ Sextum vero qui erat Mennonis negantis hominem
258 1705 1986 1773 posse addiscere, reprobat in principio Poste. ⁋ Septimum vero qui erat Academicorum negantium veri
252 1771 1986 1841 perceptionem, reprobant Augustinus & Tullius in libris suis de Academicis. ⁋ Eorum autem contra quorum errores
253 1825 1984 1889 disputat Philosophous. iiii. Metaphysicae. quidam dicebant quod omnia essent falsa: quidam vero quod omnia essent ve
252 1869 1976 1932 ra. Alii vero quod omnia essent vera & falsa simul. Eorum vero qui dicebant quod omnia essent falsa: quidam ratio-
259 1926 1983 1989 nem opinionis suae acceperunt ex parte rei, vt Anaxagoras & Xenocrates: qui dicebant quod omne esset
257 1980 1976 2040 admixtum cum omni, quia videbant fieri omne ex omni: & illud mixtum dicebant esse neque ens, neque non ens,
252 2029 1978 2089 & quasi neutrum extremorum, sed medium per abnegationem inter ipsa, & ideo impossibile esse vt aliquid
262 2086 1979 2150 aestimetur vere: sed quod omnes aestimationes essent falsae: & quod sic non esset scientia de aliquo: quia scientia so
256 2137 1985 2195 lum verorum est, vt dicitur primo Posteriorum Isti errabant non distinguendo ens in potentia ab ente in actu.
255 2188 1986 2248 in potentia enim contraria & contradictoria sunt simul, non autem in actum. Circa entia enim in actu est solum
247 2247 1981 2311 modo distinctio contrariorum & contradictoriorum: quod scilicet aliquid sit determinate hoc & non illud, per quid
252 2274 1986 2364 est determinata veritas & scientia de aliquo quod sit ipsum & non aliud. ⁋ Alii vero dicebant quod omnia a
256 2351 1967 2415 essent falsa sumentes rationem suam ex parte sensus, vt Democritus. & Leucippus: qui dixerunt quod idem sentitur a qui
255 2403 1979 2471 busdam quidem dulce, & a quibusdam amarum, & quod isti non differunt nisi secundum multitudinem & paucitatem
253 2453 1986 2524 quia. scilicet illi quibus videtur dulce sunt plures & sani: quibus vero amarum, sunt pauci & infirmi. Nihil
260 2511 1979 2571 ergo vt dicebant est in rei veritate determinate tale vel tale: immo quodlibet nec tale est nec tale.
257 2562 1985 2625 & sic nihil est verum, sed omnia sunt falsa, & non est omnino scientia. Causa erroris istorum erat: quia aesti
247 2614 1984 2683 mabant quod intellectus & sensus idem essent, & scientia a sensu comprehenderetur. Vnde cum eis visum fuit quod
257 2673 1983 2741 sensibilia diuersam habent dispositionem apud sensum, nec aliquid certi sentiretur, crediderunt quod nec aliquid certe
258 2704 1986 2794 sciretur. ⁋ Horum opinioni annexa fuit opinio Acade. de quae dicit Augustinus quod affirmabant ab homine nihil veri aut ai
261 2774 1985 2835 certi percipi posse. Non tamen hominem debere cessare a veritatis inquisitione. Veritatem autem dicebant aut solum
262 2826 1979 2898 deum nosse, aut fortasse animam hominis exutam corpore. & quod hoc intendebant de rebus tantum quae pertinent
250 2883 1978 2954 ad philosophiam. de aliis autem non curabant. Ratio eorum secundum quod recitat Augustinus fuit, quia dicebant solum his signis ve
252 2935 1986 3005 rum posse cognosci, quae non possent habere rationem falsi: ita quod verum a falso dissimilibus notis discerneretur, nec
257 2988 1986 3046 haberet cum falso signa communia, & sic id quid verum est falsum appere non posset, talia autem signa inueniri posse, im
247 3043 1979 3110 possibile esse credebant, & ideo concludebant quod veritas propter quasdam naturae tenebras vel non esset vel obruta
249 3098 1986 3158 & confusa nobis lateret. vnde & dixit Democritus vt habetur. iiii. Metaphysicae Aut nihil omnino est verum: aut quid non mon
245 3142 1984 3229 stratur nobis. ⁋ Alii vero vt Protagoras & eius sequaces dicebant omnia vera & falsa esse simul: Dicendo quod non
