2415 3773
451 306 2199 396 nem deueniendi ad scientiae perfectionem: per quam retrahitur & refrigeratur appetitus. In quibusdam
460 379 2193 441 vero circa temporalia occupatio: & plures aliae infinitae. Loquendo vero de appetitu sciendi natu-
453 437 2201 501 rali: Dicendum secundum praedeterminata: quod aliquid dicitur naturale alicui ratione formae & speciei,
460 490 2203 550 vel ratione materiae & indiuidui. Quantum est ex parte formae & speciei: cum ipsa sit vniformiter in omni
451 540 2194 613 bus indiuiduis: omnes homines aequaliter scire desiderant: secundum quod dictum est supra: quod ratio-
461 602 2197 669 ne speciei omnes apti sunt ad sciendum. Quantum vero est ex parte indiuidui & materiae: secundum
452 651 2197 718 quod alii sunt minus apti ad sciendum, alii aptiores: vt dictum est supra: secundum hoc quidam appetunt plus sci-
451 705 2192 775 re, quidam minus: & quidam plus vnam scientiam, quidam plus aliam. ⁋ Ad primum in oppositum: quod
464 758 2199 823 principium appetendi omnibus aequaliter inest: Dicendum quod non est verum in appetitu rationa-
455 813 2201 875 li: quia non omnes aequaliter notitia mouente appetitum, sunt informati: neque etiam in appetitu na
458 868 2203 929 turali: quantum est ex parte materiae & indiuidui: quia quidam sunt minus dispositi ad scientiam
456 919 2206 985 quam alii. propter quod in quibusdam appetitus plus appetit quam in aliis: inquantum anima sequitur dispo-
458 976 2194 1044 sitiones corporis. & scire non est nisi coniuncti: vt dictum est supra. Quantum vero est ex parte animae si-
454 1029 2197 1097 ue formae: nisi esset corpore impedita, omnes aequaliter scire appeterent: secundum quod aequaliter
449 1087 2192 1148 apti essent ad scientiam: vt dictum est supra. Nisi velit aliquis dicere quod anima meliorum naturalium
451 1139 2207 1205 vni corpori infunditur quam alteri: de quo ad praesens non debet esse sermo. ⁋ Ad secundum: quod im
456 1201 2203 1262 perfectio est causa appetitus: Dicendum quod imperfectio inquantum dicit carentiam est causa appe-
451 1243 2210 1314 titus per accidens. Sicut priuatio formae in materia per accidens est causa generationis. Sed in ap-
461 1299 2202 1369 petitu cognoscitiuo id quod cognitum est incomplete: per se est causa appetitus. Cum igitur il-
457 1356 2206 1422 lud non sit aequaliter in omnibus: nec appetitus cognitiuus: vt dictum est, aequaliter inest. Sic in
449 1405 2203 1469 appetitu naturali ipsa carentia notitiae pura, non est causa appetitus nisi per accidens. Sed inclina-
451 1460 2209 1523 tio ad scientiam per principium intra, est causa per se appetitus: quae in omnibus aequalis est ex par-
454 1513 2204 1580 te formae: sed in quibusdam impedita est plus ex parte materiae: in quibusdam vero minus: vt di-
451 1573 2200 1645 ctum est: & ideo appetitu naturali, quantum est ex parte formae, omnes aequaliter scire appetunt: non
453 1623 1165 1684 autem ex parte materiae: vt dictum est.
800 1674 2217 1746 Irca. v. arguitur: quod homo non appetat scire ea quae notitiam naturalis ratio-
805 1735 2195 1802 nis excedunt. Primo sic. appetitus naturalis non excedit potentiam naturae:
796 1788 2213 1846 quia oritur ex ipsa: & effectus non transcendit causam, quare cum potentia na-
803 1843 2196 1908 turae non potest attingere illa quae eam excedunt: neque eius appetitus vt ea ap
805 1893 2209 1962 petat. ⁋ Secundo sic: frustra res habet desiderium ad quod non potest attingere: sed
787 1956 2201 2017 ratio naturalis non potest attingere vt cognoscat quae eam excedunt. ergo fru-
460 2001 2170 2065 stra haberet ad sciendum illa defiderium. sed nullum defiderium naturale est frustra. ergo &c.
448 2050 2200 2122 ⁋ Tertio ex eodem medio contrario modo, argumento Auer. super principium. ii. Metaph. sic. Compehensio veri-
451 2109 2200 2181 tatis eius non est impossibilis: cuius habemus desiderium naturale sciendi: quoniam si esset impossibilis: tuno
459 2165 2206 2224 desiderium esset ociosum: & concessum est, quod nulla res est ociosa in fundamento naturae, & creatu
459 2219 2207 2279 rae: sed comprehensio veritatis a ratione naturali eorum est impossibilis quae excedunt eam. ergo ad
466 2271 2205 2328 sciendum illa non est ei desiderium naturale. ⁋ Quarto sic: si homo ex puris naturalibus appeteret
464 2328 2214 2393 illa scire, cum vanus esset appetitus nisi posset illa scire: nec appeteret illa scire nisi cognosceret: se
456 2388 2210 2451 posse illa scire. ergo oporteret ex puris naturalibus se credere quod posset illa scire. sed hoc non est
466 2438 2205 2500 nisi ex fide. ergo ex puris naturalibus posset haberi fides. consequens est falsum. ergo &c. ⁋ Ad op-
468 2498 2200 2563 positum arguitur primo sic. quod naturaliter est in potentia ad aliqua, naturaliter desiderat fieri
458 2547 2210 2608 in actu illa: sicut patet de materia ad omnes formas ad quas est in potentia: quia naturaliter il-
465 2600 2211 2661 las desiderat: sed homo naturaliter est in potentia vt sciat omnia etiam supernaturalia: vt di-
467 2651 2201 2710 ctum est supra. ergo &c. ⁋ Secundo sic. omnes homines secundum Augu. natura desiderant beatitu
468 2706 2214 2771 dinem: non nisi illam quae vera est: quia natura non desiderat nisi quod melius est & bonum simplici
467 2761 2210 2815 ter. Vnde Boethius. Mentibus hominum inserta est summi veri, & boni cupiditas. sed bona beatitu-
464 2811 1439 2891 dinis sunt supra notitiam naturalis rationis. ergo &c.
460 2879 2201 2986 ⁋ Auer. comment. Philosophi, qui exponens illud. ii. Metaph. Dispositio intellectus in
460 2977 2209 3034 anima: &c. ponit quod homo ex naturalibus suis possit deuenire vt intelligat primum principium:
455 3029 2205 3090 & principia separata post ipsum: Diceret quod desiderium hominis esset ad sciendum ea: nec sine illo
459 3090 2200 3146 rum adeptione cessaret appetitus. Hoc licet verum sit: tamen error est illud ex quo ponit. Ponit enim
454 3138 2208 3202 quoniam ex pura cognitione naturali quae est ex phantasmatibus de rebus sensibilibus possibile sit
453 3192 2209 3248 deuenire in cognitionem quidditatis substantiarum separatarum: quod erroneum est: quia medium
448 3247 2209 3330 cognoscendi ex phantasmatibus limitatum est: vt de substantiis separatis ex sensibilibus, sicut ex effecti-
