2408 3752
231 310 1948 395 get ad illud summum & vltimum intelligibile, quantuncumque enim modicum & minus attingat illud quam
224 384 1958 441 substantiae intellectuales superiores: hoc eritur ei maior delectatio: quam per cognitionem summe attigere quid
241 428 1951 492 cunque aliud intelligibile inferius. Vnde dicit Auer. super. xii. Metaphysica. quod quaestio de intellectu diuino
229 493 1948 560 desiderata est sciri naturaliter ab omnibus. Insuper est secunda ratio ad idem ex natura intellectus
244 541 1952 613 humani, quoniam quantuncunque illud aliud intelligibile ab intelligibili primo quod attingere posset, esset perfe
230 589 1962 666 ctum: tamen cum intellectus humanus perciperet ipsum esse causatum, amplius accenderetur appe
242 644 1950 707 titus eius ad sciendum illud quod est causa eius. Aut igitur appetitus humanus in sciendo non stabit:
229 694 1953 775 sed semper intentius vlterius curret: aut stabit in intelligendo illud summum intelligibile. Quare
227 759 1955 812 cum primum impossibile est vllum appetitum currere in infinitum extendendo se: vel semper anhelan-
236 803 1946 881 do ad completum: & tamen nunquam compleatur: necesse est ponere quod illud summum intelligibile in
228 857 1949 920 telligendo aliquando attingat: si recto ordine & rationabiliter procedat: hoc autem non est nisi vnum
229 907 1948 987 scilicet prima & summa veritas, causa omnium, non causata, quae deus est: qui solus potest in bonis
229 971 1943 1027 implere desiderium nostrum. de quo dicit Augustinus xix. de ciui. dei. Einem hominis dicimus non quod con
226 1019 1943 1095 sumatur vt non sit: sed quod perficiatur vt plenius sit. sine illo autem plenius fieri non potest. Quod enim
227 1074 1939 1137 capax est maioris minori repleri non potest. Absolute ergo dicendum quod vnum est scibile quod homo prin-
221 1132 1949 1189 cipaliter scire appetit: quod est prima & summa veritas. ⁋ Ad primum in oppositum quod non omnes
227 1185 1948 1235 ad illud studio tendunt: Dicendum quod sicut est in appetitu boni: quod omnes bonum appetunt, & fi-
229 1239 1939 1298 nem vltimum boni inquantum appetunt suam imperfectionem adimpleri: quod non potest esse aut fie
230 1287 1940 1350 ri nisi per actionem vltimi finis: vnde & licet rationem huiusmodi actionis non omnes in eo quod est vltimus
222 1338 1945 1401 finis ponunt: vt quidam in honoribus: quidam in diuitiis: & caeteri in caeteris: omnes tamen quid sic
228 1392 1952 1472 appetunt sub ratione vltimi boni appetunt: quia continet in se rationem omnis boni appetibilis: Si
234 1453 1956 1525 militer est in appetitu veri vltimi. Dicendum igitur quod omnes ipsum appetunt inquantum in sciendo quod
227 1508 1955 1570 cunque scit, suam. sufficientiam ponunt: quia hoc verum vltimum in se habet omnem rationem ve
229 1556 1950 1616 ri: & nullum aliud verum aliquis affectat scire: nisi inquantum aliquam rationem huius veri in se con
228 1613 1943 1679 tinet: & ita in quodlibet aliud appetendo non nisi istud appetit. ⁋ Ad secundum quod in scibilibus pro
222 1663 1946 1737 cedit appetitus in infinitum: Dicendum quod scibilium quaedam sunt ordinata adinuicem per se & essen
227 1715 1942 1789 tialiter: vt principia & principiata. in talibus non est processus in infinitum: vt in demonstrationibus:
229 1770 1946 1841 sicut probat Philosophus primo Posteru, quia ex in infinitis non contingeret scire: vt dicitur secundo
229 1824 1945 1901 Metaph. & talis est ordo omnium aliorum scibilium: ad scibile primum. Quaedam vero sunt ordinata ac-
228 1877 1951 1931 cidentaliter: quorum vnum non scitur per alterum: in quibus non est ponere vltimum in suo ge-
222 1935 1939 2007 nere: quia processus procedit in infinitum: vt est reflexio intellectus super suos actus: quia intellectus intelligit
216 1982 1946 2048 se intelligere: & intelligit actum illum primum quo intelligit: & illum quo intelligit se intelligere: & sic in
217 2036 1984 2110 infinitum. & talis ordo est in speciebus numerorum: quia accidit praecedenti speciei numeri: quod ei addatuaem:
221 2093 1953 2152 vnitas vt fiat noua species: nec est vna species principium & causa intelligendi alteram. Et in talibus non
221 2145 1942 2206 contingit scire ex aliquo vltimo aut primo scibili quid sit in suo genere: vt propter illud omnia alia
217 2198 1942 2258 sciantur: quia nullum est tale. contingit tamen scire omnia alia quantuncumque procedatur ex eis in infini
219 2254 1940 2341 tum, aliquo vno extra suum genus: & propter illud cuiusmodi est scibile primum: quod est veritas pura: quia
227 2305 1517 2364 habet in se bonum cuiuslibet numeri: & infinitarum specierum numeri.
567 2337 1930 2421 Irca. ix. arguitur: quod propter illud quod homo principaliter appetit scire: non appe
578 2415 1930 2485 tit scire alia. Primo sic: propter illud quod primam & perfectam habet rationem scibilis, non
567 2469 1940 2527 est appetendum aliud scire: quia non eget alio vt sciatur: sed econverso alia indigent
577 2524 1946 2576 eo vt sciantur. istud quod homo principaliter appetit scire est huiusmodi. ergo &c. ⁋ Secundo
567 2573 1947 2630 sic, quae appetit homo scire tanquam vergentia in suam damnationem, non appetit scire propter
566 2630 1934 2697 principale scibile: quia istud ordinatur ad omnium salutem. multa talia appetit homo sci
210 2682 1927 2740 re vt patet. ergo &c. ⁋ Tertio sic. Philosophus. i. Metaphyhsica. vult quod scientia speculatiua est propter seipsam, non er-
223 2740 1937 2808 go homo appetit eam scire propter istud scibile. ⁋ Quarto sic. multa alia appetit homo scire non cogi
221 2786 1940 2854 tans de hoc scibili: quod non esset si appeteret illa propter istud. ergo &c. ⁋ Contra est illud Augustinus xix.
213 2845 1939 2927 de ciui. d. Illud est finis: propter quod amantur caetera, propter quod amantur appetuntur: quare cum hoc scibile
226 2894 1543 2959 sit finis scientiae humanae: vt dictum est: propter illud caetera appetit scire.
213 2927 1938 3032 ⁋ Dicendum ad hoc: quod appetitibus ordinatis ad aliquid vnum: vt ad vltimum
215 3023 1940 3082 appetibile & finem: necesse est omnia alia appeti propter illud vltimum appetibile: vt scilicet mediantibus illis
215 3068 1938 3131 ascendat homo ad vltimum. Cuius ratio est: quia nullum aliorum habet rationem appetibilis: nisi in-
223 3123 1944 3192 quantum ratio vltimi appetibilis in ipso relucet. Sicut ergo in appetitu boni quicquod appetitur:
210 3174 1953 3247 appetitur sub ratione boni: & ideo necesse est quod appetatur aut tanquam bonum perfectum: quod est
221 3231 1948 3314 vltimum & finis: aut tanquam tendens in vltimum & finem: consimiliter in appetitu veri in scien-
