<?xml version="1.0" encoding="UTF-8" standalone="yes"?>
<PcGts xmlns="http://schema.primaresearch.org/PAGE/gts/pagecontent/2013-07-15" xmlns:xsi="http://www.w3.org/2001/XMLSchema-instance" xsi:schemaLocation="http://schema.primaresearch.org/PAGE/gts/pagecontent/2013-07-15 http://schema.primaresearch.org/PAGE/gts/pagecontent/2013-07-15/pagecontent.xsd">
    <Metadata>
        <Creator>prov=University of Rostock/Institute of Mathematics/CITlab|PLANET AI GmbH/Gundram Leifert/gundram.leifert@planet-ai.de:name=Badius1520-m2(htr_id=24043)::::v=2.6.6
prov=University of Rostock/Institute of Mathematics/CITlab|PLANET AI GmbH/Tobias Gruening/tobias.gruening@planet-ai.de:name=de.uros.citlab.module.baseline2polygon.B2PSeamMultiOriented:v=2.6.6
prov=University of Rostock/Institute of Mathematics/CITlab|PLANET AI GmbH/Tobias Gruening/tobias.gruening@planet-ai.de:name=/net_tf/LA73_249_0mod360.pb:de.uros.citlab.segmentation.CITlab_LA_ML:v=2.6.6
Transkribus</Creator>
        <Created>2020-04-14T19:22:08.799+02:00</Created>
        <LastChange>2020-05-22T14:27:39.050+02:00</LastChange>
        <TranskribusMetadata docId="369632" pageId="14425218" pageNr="86" tsid="29491448" status="IN_PROGRESS" userId="25065" imgUrl="https://files.transkribus.eu/Get?id=BDKREUAEEUAEDTETYKHIYWJZ&amp;fileType=view" xmlUrl="https://files.transkribus.eu/Get?id=CNPGQHQHQMNDXVEDYVSGBDNR" imageId="10388450"/>
    </Metadata>
    <Page imageFilename="85.jpg" imageWidth="2427" imageHeight="3782">
        <ReadingOrder>
            <OrderedGroup id="ro_1590187977934" caption="Regions reading order">
                <RegionRefIndexed index="0" regionRef="TextRegion_1587223007868_2549"/>
            </OrderedGroup>
        </ReadingOrder>
        <TextRegion orientation="0.0" id="TextRegion_1587223007868_2549" custom="readingOrder {index:0;}">
            <Coords points="446,331 2186,331 2186,3287 446,3287"/>
            <TextLine id="r2l3" custom="readingOrder {index:0;}">
                <Coords points="435,403 2148,399 2174,297 435,307"/>
                <Baseline points="446,378 531,378 617,377 703,377 789,377 875,377 961,377 1046,377 1132,375 1218,375 1304,375 1390,376 1476,377 1562,377 1647,377 1733,377 1819,377 1905,377 1991,377 2077,378 2163,378"/>
                <TextEquiv>
                    <Unicode>do quicquid homo appetit scire, illud appetit sub aliqua ratione veri: &amp; ideo necesse est quod illud ap </Unicode>
                </TextEquiv>
            </TextLine>
            <TextLine id="r2l4" custom="readingOrder {index:1;}">
                <Coords points="438,450 2183,441 2182,387 2105,384 438,400"/>
                <Baseline points="449,432 535,431 621,431 707,431 793,431 879,429 965,429 1052,429 1138,429 1224,429 1310,429 1396,429 1482,429 1568,429 1655,429 1741,429 1827,429 1913,429 1999,431 2085,431 2172,432"/>
                <TextEquiv>
                    <Unicode>petat tanquam vltimum verum quod est finis: aut tanquam verum tendens in vltimum verum vt in finem. quod si sit vl</Unicode>
                </TextEquiv>
            </TextLine>
            <TextLine id="r2l5" custom="readingOrder {index:2;}">
                <Coords points="446,506 2180,505 2180,440 446,452"/>
                <Baseline points="458,486 543,485 629,485 714,485 800,483 885,483 971,483 1056,483 1142,482 1227,482 1313,482 1399,482 1484,482 1570,483 1655,483 1741,483 1826,483 1912,483 1997,483 2083,485 2169,485"/>
                <TextEquiv>
                    <Unicode>timum: vt in eius cognitione sit status. Si vero sit ad vltimum: vt eius cognitio sit gradus &amp; via</Unicode>
                </TextEquiv>
            </TextLine>
            <TextLine id="r2l6" custom="readingOrder {index:3;}">
                <Coords points="444,552 2178,561 2178,503 2107,494 444,506"/>
                <Baseline points="456,540 541,539 627,539 712,537 798,537 884,537 969,537 1055,537 1140,537 1226,536 1312,536 1397,537 1483,537 1568,537 1654,537 1740,537 1825,537 1911,537 1996,537 2082,537 2168,537"/>
                <TextEquiv>
                    <Unicode>ascendendi ad notitiam veri vltimi. Seper enim imperfectum in quo est alicuius perfectionis inchoatio, or</Unicode>
                </TextEquiv>
            </TextLine>
            <TextLine id="r2l7" custom="readingOrder {index:4;}">
                <Coords points="451,613 2014,616 2176,601 2176,560 450,552"/>
                <Baseline points="461,593 546,593 631,591 716,591 801,591 887,591 972,590 1057,590 1142,590 1227,590 1313,590 1398,591 1483,591 1568,591 1653,591 1739,591 1824,591 1909,591 1994,591 2079,591 2165,591"/>
                <TextEquiv>
                    <Unicode>dinatur ad illud in quo est ipsa perfectio. Et ideo dicit Chrysosto. super illud Matth. Et ecce Cen-</Unicode>
                </TextEquiv>
            </TextLine>
            <TextLine id="r2l8" custom="readingOrder {index:5;}">
                <Coords points="451,671 2124,665 2189,655 2189,600 451,612"/>
                <Baseline points="461,648 546,647 632,646 718,645 804,645 890,645 976,644 1061,644 1147,644 1233,644 1319,644 1405,644 1491,645 1577,645 1662,645 1748,645 1834,645 1920,645 2006,645 2092,645 2178,644"/>
                <TextEquiv>
                    <Unicode>turio. Scriptura infallibilis de deo, creatura est omnium rerum: quia nihil creatum est in mundo per</Unicode>
                </TextEquiv>
            </TextLine>
            <TextLine id="r2l9" custom="readingOrder {index:6;}">
                <Coords points="450,719 2176,721 2176,652 450,669"/>
                <Baseline points="461,699 546,699 631,699 716,699 801,699 887,698 972,698 1057,698 1142,698 1227,698 1313,698 1398,698 1483,698 1568,699 1653,699 1739,699 1824,699 1909,699 1994,699 2079,699 2165,699"/>
                <TextEquiv>
                    <Unicode>quod non manifestissime deus ostenditur. Et hoc quod tale est &amp; vltimum: vltimo est ab appetitu prosequendum,</Unicode>
                </TextEquiv>
            </TextLine>
            <TextLine id="r2l10" custom="readingOrder {index:7;}">
                <Coords points="448,760 2096,775 2189,762 2189,715 448,721"/>
                <Baseline points="458,753 544,753 630,753 716,753 802,753 888,753 974,753 1060,752 1146,752 1232,752 1318,752 1404,752 1490,752 1576,753 1662,753 1748,753 1834,753 1920,753 2006,753 2092,753 2178,753"/>
                <TextEquiv>
                    <Unicode>&amp; primum mouens appetitum: per quod mouent omnia alia appetibilia ordinata ad ipsum tanquam cau</Unicode>
                </TextEquiv>
            </TextLine>
            <TextLine id="r2l11" custom="readingOrder {index:8;}">
                <Coords points="448,816 2185,814 2146,760 448,760"/>
                <Baseline points="459,807 544,807 630,806 716,806 802,806 887,806 973,806 1059,806 1145,807 1230,807 1316,807 1402,807 1488,807 1573,807 1659,807 1745,806 1831,806 1916,806 2002,806 2088,806 2174,806"/>
                <TextEquiv>
                    <Unicode>sae secundae: quae non mouerent nisi motae a primo mouente: &amp; non nisi in ordine ad operationem.</Unicode>
                </TextEquiv>
            </TextLine>
            <TextLine id="r2l12" custom="readingOrder {index:9;}">
                <Coords points="469,874 2179,880 2179,813 469,829"/>
                <Baseline points="479,861 563,861 648,860 732,860 817,860 901,860 986,860 1070,860 1155,860 1239,860 1324,860 1408,860 1493,860 1577,860 1662,860 1746,860 1831,860 1915,859 2000,858 2084,857 2169,857"/>
                <TextEquiv>
                    <Unicode>Vnde &amp; sicut appetitus principalius est illius quod est vltimum: quam alicuius aliorum: sic est alio-</Unicode>
                </TextEquiv>
            </TextLine>
            <TextLine id="r2l13" custom="readingOrder {index:10;}">
                <Coords points="440,931 2179,918 2034,864 440,870"/>
                <Baseline points="452,915 537,915 623,914 709,914 795,914 881,914 967,914 1052,914 1138,914 1224,914 1310,914 1396,914 1482,914 1568,914 1653,914 1739,914 1825,914 1911,914 1997,912 2083,912 2169,912"/>
                <TextEquiv>
                    <Unicode>rum per ordinem: semper enim est amplius &amp; principalius: quanto immediatius se habent, &amp; propin-</Unicode>
                </TextEquiv>
            </TextLine>
            <TextLine id="r2l14" custom="readingOrder {index:11;}">
                <Coords points="449,980 1956,990 2185,976 2185,918 449,933"/>
                <Baseline points="461,969 546,969 632,968 718,968 803,968 889,968 975,968 1060,968 1146,968 1232,968 1318,968 1403,968 1489,968 1575,968 1660,968 1746,968 1832,968 1917,968 2003,966 2089,966 2175,966"/>
                <TextEquiv>
                    <Unicode>quius ad illud appetitiuum. ⁋ Et est aduertendum quod propter vltimum appetuntur alia quae sunt ad </Unicode>
                </TextEquiv>
            </TextLine>
            <TextLine id="r2l15" custom="readingOrder {index:12;}">
                <Coords points="448,1033 2163,1041 2176,974 448,981"/>
                <Baseline points="459,1025 544,1023 629,1022 714,1020 800,1020 885,1020 970,1020 1056,1020 1141,1020 1226,1020 1312,1020 1397,1022 1482,1022 1567,1022 1653,1022 1738,1022 1823,1022 1909,1022 1994,1020 2079,1020 2165,1019"/>
                <TextEquiv>
                    <Unicode>ipsum dupliciter: &amp; formaliter &amp; finaliter. Primo formaliter: quia non appetuntur alia: nisi quia in se</Unicode>
                </TextEquiv>
            </TextLine>
            <TextLine id="r2l16" custom="readingOrder {index:13;}">
                <Coords points="451,1097 2146,1093 2191,1028 451,1033"/>
                <Baseline points="462,1077 547,1076 633,1076 719,1075 805,1074 891,1074 977,1074 1063,1074 1149,1074 1235,1074 1321,1074 1406,1074 1492,1076 1578,1076 1664,1076 1750,1076 1836,1076 1922,1074 2008,1074 2094,1074 2180,1073"/>
                <TextEquiv>
                    <Unicode>habent rationem &amp; formam vltimi quodam modo: licet imperfectam: vt omne verum rationem primi</Unicode>
                </TextEquiv>
            </TextLine>
            <TextLine id="r2l17" custom="readingOrder {index:14;}">
                <Coords points="447,1136 2121,1148 2179,1083 447,1097"/>
                <Baseline points="458,1131 543,1130 629,1130 714,1128 800,1128 885,1128 971,1128 1056,1128 1142,1128 1227,1128 1313,1128 1399,1128 1484,1128 1570,1128 1655,1128 1741,1128 1826,1128 1912,1128 1997,1128 2083,1128 2169,1127"/>
                <TextEquiv>
                    <Unicode>veri: &amp; omne bonum rationem primi boni: quia omne aliud verum &amp; bonum est sicut quaedam impressio pri-</Unicode>
                </TextEquiv>
            </TextLine>
            <TextLine id="r2l18" custom="readingOrder {index:15;}">
                <Coords points="453,1206 2144,1203 2187,1140 453,1149"/>
                <Baseline points="464,1184 549,1182 635,1182 720,1182 806,1182 892,1182 977,1182 1063,1181 1149,1181 1234,1181 1320,1182 1406,1182 1491,1182 1577,1182 1663,1182 1748,1182 1834,1182 1920,1181 2005,1181 2091,1181 2177,1181"/>
                <TextEquiv>
                    <Unicode>mi veri &amp; boni: per cuius rationem mouet appetitum &amp; intellectum. Et ideo finaliter secundo ap </Unicode>
                </TextEquiv>
            </TextLine>
            <TextLine id="r2l19" custom="readingOrder {index:16;}">
                <Coords points="460,1257 2118,1256 2179,1198 460,1203"/>
                <Baseline points="471,1238 555,1236 640,1236 725,1235 810,1235 895,1235 980,1235 1064,1235 1149,1236 1234,1236 1319,1236 1404,1236 1489,1236 1574,1236 1658,1236 1743,1236 1828,1236 1913,1235 1998,1235 2083,1233 2168,1232"/>
                <TextEquiv>
                    <Unicode>petuntur propter vltimum verum &amp; bonum: quia per ipsa tanquam per imperfecta proficiscitur appeti</Unicode>
                </TextEquiv>
            </TextLine>
            <TextLine id="r2l20" custom="readingOrder {index:17;}">
                <Coords points="445,1299 2095,1308 2179,1299 2179,1247 445,1257"/>
                <Baseline points="455,1292 540,1290 626,1290 711,1289 797,1289 883,1289 968,1289 1054,1289 1140,1289 1225,1289 1311,1289 1397,1289 1482,1290 1568,1290 1654,1290 1739,1290 1825,1289 1911,1289 1996,1289 2082,1287 2168,1286"/>
                <TextEquiv>
                    <Unicode>tus quousque deueniatur ad vltimum: vt ad verum &amp; bonum perfectum habens in se perfectam ra</Unicode>
                </TextEquiv>
            </TextLine>
            <TextLine id="r2l21" custom="readingOrder {index:18;}">
                <Coords points="446,1370 2178,1351 2163,1297 446,1299"/>
                <Baseline points="458,1346 543,1344 629,1343 714,1343 800,1341 885,1341 971,1341 1056,1341 1142,1343 1227,1343 1313,1343 1398,1343 1484,1343 1569,1344 1655,1344 1740,1344 1826,1343 1911,1343 1997,1343 2082,1341 2168,1340"/>
                <TextEquiv>
                    <Unicode>tionem veri &amp; boni simpliciter: &amp; omnem rationem cuiuslibet veri &amp; boni particularis. Et ideo pri-</Unicode>
                </TextEquiv>
            </TextLine>
            <TextLine id="r2l22" custom="readingOrder {index:19;}">
                <Coords points="440,1411 2179,1411 2179,1356 440,1377"/>
                <Baseline points="452,1400 537,1398 623,1397 709,1395 795,1395 881,1395 966,1395 1052,1395 1138,1395 1224,1395 1310,1395 1395,1397 1481,1397 1567,1397 1653,1397 1739,1397 1824,1397 1910,1397 1996,1395 2082,1395 2168,1392"/>
                <TextEquiv>
                    <Unicode>mun verum in omni alio vero &amp; per omne aliud verum quasi vocat intellectum vt tendat ad sui no</Unicode>
                </TextEquiv>
            </TextLine>
            <TextLine id="r2l23" custom="readingOrder {index:20;}">
                <Coords points="449,1459 1975,1474 2170,1463 2185,1404 449,1409"/>
                <Baseline points="459,1452 544,1452 630,1451 716,1450 802,1449 887,1449 973,1449 1059,1449 1145,1449 1230,1449 1316,1451 1402,1451 1488,1451 1573,1451 1659,1451 1745,1451 1831,1451 1916,1451 2002,1449 2088,1448 2174,1448"/>
                <TextEquiv>
                    <Unicode>titiam: &amp; primum bonum in omni alio bono: &amp; per ipsum quasi vocat affectum: vt tendat in sui frui</Unicode>
                </TextEquiv>
            </TextLine>
            <TextLine id="r2l24" custom="readingOrder {index:21;}">
                <Coords points="456,1524 2143,1520 2188,1461 456,1474"/>
                <Baseline points="467,1506 552,1505 638,1505 723,1503 809,1503 894,1503 980,1503 1065,1503 1151,1503 1236,1503 1322,1503 1408,1503 1493,1503 1579,1503 1664,1503 1750,1503 1835,1503 1921,1503 2006,1503 2092,1503 2178,1502"/>
                <TextEquiv>
                    <Unicode>tionem &amp; amorem. Et ideo quousque intellectus perducatur in persectam notitiam summi veri: &amp;</Unicode>
                </TextEquiv>
            </TextLine>
            <TextLine id="r2l25" custom="readingOrder {index:22;}">
                <Coords points="441,1591 2195,1580 2195,1515 441,1526"/>
                <Baseline points="452,1559 538,1559 625,1557 711,1557 798,1557 884,1557 971,1557 1057,1557 1144,1557 1230,1557 1317,1557 1404,1557 1490,1557 1577,1557 1663,1557 1750,1557 1836,1557 1923,1557 2009,1556 2096,1556 2183,1554"/>
                <TextEquiv>
                    <Unicode>affectus in fruitionem summi boni: nunquam potest humanus appetitus quiescere: sed illis duobus ade</Unicode>
                </TextEquiv>
            </TextLine>
            <TextLine id="r2l26" custom="readingOrder {index:23;}">
                <Coords points="455,1637 2101,1632 2187,1625 2187,1573 455,1582"/>
                <Baseline points="467,1613 552,1611 638,1611 723,1611 809,1611 894,1611 980,1611 1065,1611 1151,1611 1236,1611 1322,1611 1407,1611 1493,1611 1578,1611 1664,1611 1749,1611 1835,1611 1920,1611 2006,1611 2091,1610 2177,1610"/>
                <TextEquiv>
                    <Unicode>ptis totus perficietur: &amp; nihil restabit appetendum: vt dictum est supra. ⁋ Ad primum in opposi-</Unicode>
                </TextEquiv>
            </TextLine>
            <TextLine id="r2l27" custom="readingOrder {index:24;}">
                <Coords points="453,1686 1968,1686 2178,1672 2178,1623 453,1636"/>
                <Baseline points="464,1668 549,1667 634,1666 719,1665 804,1665 890,1664 975,1664 1060,1664 1145,1664 1230,1665 1316,1665 1401,1665 1486,1665 1571,1665 1656,1665 1742,1665 1827,1665 1912,1664 1997,1664 2082,1662 2168,1661"/>
                <TextEquiv>
                    <Unicode>tum quod vltimum verum non eget alio vt sciatur: Dicendum quod verum est quantum est in se: quia. est sum</Unicode>
                </TextEquiv>
            </TextLine>
            <TextLine id="r2l28" custom="readingOrder {index:25;}">
                <Coords points="454,1745 2186,1735 2186,1676 454,1686"/>
                <Baseline points="464,1721 549,1719 635,1719 720,1718 806,1718 891,1718 977,1718 1062,1718 1148,1718 1233,1718 1319,1718 1404,1718 1490,1719 1575,1719 1661,1719 1746,1719 1832,1719 1917,1718 2003,1718 2088,1716 2174,1715"/>
                <TextEquiv>
                    <Unicode>me scibile. quantum tamen est ex parte nostra: qui non sufficimus statim illud capere, per gradus alio</Unicode>
                </TextEquiv>
            </TextLine>
            <TextLine id="r2l29" custom="readingOrder {index:26;}">
                <Coords points="444,1779 2184,1790 2184,1734 2117,1725 444,1740"/>
                <Baseline points="455,1775 545,1773 635,1772 726,1772 816,1772 907,1770 997,1770 1088,1772 1178,1772 1269,1772 1359,1772 1450,1772 1540,1772 1631,1773 1721,1772 1812,1772 1902,1772 1993,1770 2083,1770 2174,1767"/>
                <TextEquiv>
                    <Unicode>rum verorum. debemus ad ipsum ascendere &amp; ideo appetere debemus alia scire propter illud. Vn</Unicode>
                </TextEquiv>
            </TextLine>
            <TextLine id="r2l30" custom="readingOrder {index:27;}">
                <Coords points="453,1850 2187,1844 2187,1792 1992,1779 453,1790"/>
                <Baseline points="464,1829 549,1827 635,1827 720,1826 806,1826 892,1826 977,1826 1063,1826 1149,1826 1234,1826 1320,1826 1406,1826 1491,1826 1577,1827 1663,1827 1748,1826 1834,1826 1920,1826 2005,1824 2091,1824 2177,1823"/>
                <TextEquiv>
                    <Unicode>de Autinus viii. de Trinit. Consuetudo carnalis vera quae creata sunt: sentit vt potest: veritatem au- </Unicode>
                </TextEquiv>
            </TextLine>
            <TextLine id="r2l31" custom="readingOrder {index:28;}">
                <Coords points="461,1892 1991,1906 2188,1891 2188,1845 461,1849"/>
                <Baseline points="471,1881 556,1880 641,1880 726,1878 812,1878 897,1878 982,1878 1068,1878 1153,1878 1238,1878 1324,1880 1409,1880 1494,1880 1579,1880 1665,1881 1750,1881 1835,1880 1921,1880 2006,1879 2091,1878 2177,1877"/>
                <TextEquiv>
                    <Unicode>tem qua creata sunt non potest intueri. Nam si posset, nullo modo esset lux ista corporea manife-</Unicode>
                </TextEquiv>
            </TextLine>
            <TextLine id="r2l32" custom="readingOrder {index:29;}">
                <Coords points="460,1944 2188,1945 2153,1889 460,1892"/>
                <Baseline points="471,1935 556,1934 641,1934 726,1932 812,1932 897,1932 982,1932 1068,1932 1153,1932 1238,1932 1324,1932 1409,1934 1494,1934 1579,1934 1665,1934 1750,1934 1835,1934 1921,1932 2006,1932 2091,1931 2177,1929"/>
                <TextEquiv>
                    <Unicode>stior. Et ideo sicut exeunti de carcere qui non posset solem aspicere, primo ostenderetur lumen candelae: de</Unicode>
                </TextEquiv>
            </TextLine>
            <TextLine id="r2l33" custom="readingOrder {index:30;}">
                <Coords points="460,1998 2153,2010 2186,1945 460,1946"/>
                <Baseline points="470,1988 555,1987 640,1986 725,1986 810,1985 896,1985 981,1985 1066,1985 1151,1985 1236,1986 1322,1986 1407,1986 1492,1986 1577,1986 1662,1986 1748,1986 1833,1986 1918,1986 2003,1985 2088,1985 2174,1983"/>
                <TextEquiv>
                    <Unicode>inde lumen solis reflexum in medio: deinde radius solis in aere: vt postea fortificatus posset solem in </Unicode>
                </TextEquiv>
            </TextLine>
            <TextLine id="r2l34" custom="readingOrder {index:31;}">
                <Coords points="457,2068 2184,2055 2156,1996 457,1998"/>
                <Baseline points="468,2040 553,2039 638,2039 723,2039 809,2037 894,2037 979,2039 1065,2039 1150,2039 1235,2039 1321,2040 1406,2040 1491,2040 1576,2040 1662,2040 1747,2040 1832,2040 1918,2039 2003,2039 2088,2037 2174,2036"/>
                <TextEquiv>
                    <Unicode>seipso aspicere: sic nos debemus primo creatas veritates aspicere: &amp; per illas ad veritatem summam</Unicode>
                </TextEquiv>
            </TextLine>
            <TextLine id="r2l35" custom="readingOrder {index:32;}">
                <Coords points="455,2107 2191,2117 2159,2050 455,2057"/>
                <Baseline points="465,2093 550,2093 636,2091 722,2091 808,2091 894,2091 979,2091 1065,2091 1151,2091 1237,2093 1323,2093 1408,2093 1494,2093 1580,2094 1666,2094 1752,2094 1837,2094 1923,2093 2009,2093 2095,2091 2181,2090"/>
                <TextEquiv>
                    <Unicode>ascendere: vt docet Augustinus i. soli. ⁋ Ad secundum, quod plurima scita vergunt in damnationem scientis: </Unicode>
                </TextEquiv>
            </TextLine>
            <TextLine id="r2l36" custom="readingOrder {index:33;}">
                <Coords points="460,2165 2186,2164 2121,2101 460,2107"/>
                <Baseline points="470,2148 555,2147 640,2145 725,2145 810,2145 896,2144 981,2144 1066,2144 1151,2145 1236,2145 1322,2145 1407,2145 1492,2147 1577,2147 1662,2147 1748,2147 1833,2147 1918,2147 2003,2145 2088,2145 2174,2144"/>
                <TextEquiv>
                    <Unicode>Dicendum quod hoc non est propter scire: quia etiam secundum philosophum scientia malorum bo-</Unicode>
                </TextEquiv>
            </TextLine>
            <TextLine id="r2l37" custom="readingOrder {index:34;}">
                <Coords points="460,2213 2187,2216 2140,2160 460,2163"/>
                <Baseline points="471,2202 556,2201 641,2199 726,2199 812,2198 897,2198 982,2198 1068,2198 1153,2199 1238,2199 1324,2199 1409,2199 1494,2201 1579,2201 1665,2201 1750,2201 1835,2201 1921,2201 2006,2200 2091,2199 2177,2198"/>
                <TextEquiv>
                    <Unicode>na est: &amp; ideo etiam ad scientiam primi scibilis ordinatur: sed quod nocet hoc est per accidens: propter</Unicode>
                </TextEquiv>
            </TextLine>
            <TextLine id="r2l38" custom="readingOrder {index:35;}">
                <Coords points="456,2269 2195,2269 2195,2220 2050,2209 456,2218"/>
                <Baseline points="467,2253 552,2253 638,2253 724,2252 810,2252 896,2252 981,2253 1067,2253 1153,2253 1239,2253 1325,2253 1410,2255 1496,2255 1582,2255 1668,2255 1754,2255 1839,2255 1925,2255 2011,2253 2097,2253 2183,2252"/>
                <TextEquiv>
                    <Unicode>scientis abusum, vel aliquid huiusmodi. ⁋ Ad tertium quod scientiae speculatiuae sunt propter se: Dicendum </Unicode>
                </TextEquiv>
            </TextLine>
            <TextLine id="r2l39" custom="readingOrder {index:36;}">
                <Coords points="458,2334 2190,2326 2190,2272 458,2280"/>
                <Baseline points="468,2309 553,2307 639,2307 724,2306 810,2306 895,2306 981,2306 1066,2306 1152,2306 1237,2307 1323,2307 1408,2307 1494,2307 1579,2309 1665,2309 1750,2309 1836,2309 1921,2307 2007,2307 2092,2306 2178,2304"/>
                <TextEquiv>
                    <Unicode>quod verum est generaliter sumendo eanum scilicet secundum quod includit speculationem summi scibilis secun-</Unicode>
                </TextEquiv>
            </TextLine>
            <TextLine id="r2l40" custom="readingOrder {index:37;}">
                <Coords points="457,2373 2191,2384 2191,2325 2093,2316 457,2334"/>
                <Baseline points="468,2361 553,2361 639,2361 724,2360 810,2360 896,2360 981,2360 1067,2360 1153,2361 1238,2361 1324,2361 1410,2361 1495,2361 1581,2363 1667,2363 1752,2363 1838,2363 1924,2361 2009,2361 2095,2361 2181,2360"/>
                <TextEquiv>
                    <Unicode>dum illud quod dicit Philosophus maxime de prima philosophia inquantum est de cognitione dei: quamuis in illo spe</Unicode>
                </TextEquiv>
            </TextLine>
            <TextLine id="r2l41" custom="readingOrder {index:38;}">
                <Coords points="450,2425 2195,2427 2195,2380 2078,2371 450,2371"/>
                <Baseline points="461,2415 547,2415 633,2415 719,2414 805,2414 891,2414 977,2414 1063,2414 1149,2414 1235,2415 1322,2415 1408,2415 1494,2415 1580,2415 1666,2415 1752,2415 1838,2415 1924,2415 2010,2415 2096,2414 2183,2414"/>
                <TextEquiv>
                    <Unicode>culo omnis quae ex scientia philosophica habetur non sit finis: immo ipsa ordinatur ad istam sicut ad finem:</Unicode>
                </TextEquiv>
            </TextLine>
            <TextLine id="r2l42" custom="readingOrder {index:39;}">
                <Coords points="459,2481 2163,2490 2182,2436 459,2440"/>
                <Baseline points="470,2469 555,2469 640,2468 725,2468 810,2468 895,2468 980,2468 1065,2468 1150,2468 1235,2468 1320,2469 1405,2469 1490,2469 1575,2469 1660,2469 1745,2469 1830,2469 1915,2469 2000,2468 2085,2468 2171,2466"/>
                <TextEquiv>
                    <Unicode>vt infra dicetur. ⁋ Ad quartum quod non omnis appetens scire cogitat de vltimo fine: Dicendum quod immo</Unicode>
                </TextEquiv>
            </TextLine>
            <TextLine id="r2l43" custom="readingOrder {index:40;}">
                <Coords points="453,2535 2194,2541 2149,2478 453,2475"/>
                <Baseline points="464,2523 554,2522 644,2522 735,2522 825,2522 916,2522 1006,2522 1097,2522 1187,2522 1278,2522 1368,2522 1459,2523 1549,2523 1640,2523 1730,2523 1821,2523 1911,2523 2002,2523 2092,2522 2183,2522"/>
                <TextEquiv>
                    <Unicode>iplicite: inquantum in quolibet appetibili alio est impressa ratio vltimi appetibilis: propter quam appetitur: sed </Unicode>
                </TextEquiv>
            </TextLine>
            <TextLine id="r2l44" custom="readingOrder {index:41;}">
                <Coords points="454,2607 2197,2588 2138,2529 454,2535"/>
                <Baseline points="464,2579 550,2577 636,2576 722,2576 808,2576 894,2574 980,2574 1066,2576 1152,2576 1238,2576 1325,2576 1411,2577 1497,2577 1583,2577 1669,2577 1755,2577 1841,2577 1927,2577 2013,2577 2099,2576 2186,2574"/>
                <TextEquiv>
                    <Unicode>inquantum ipsa inuenit defectum vlterius nititur: quousque perfecte in seipso vltimum appetibile reperiat.</Unicode>
                </TextEquiv>
            </TextLine>
            <TextLine id="r2l45" custom="readingOrder {index:42;}">
                <Coords points="1017,2691 1251,2662 1353,2683 1491,2658 1528,2686 1593,2683 1675,2663 1675,2601 1017,2607"/>
                <Baseline points="1028,2666 1059,2663 1091,2661 1123,2660 1155,2658 1187,2658 1218,2657 1250,2657 1282,2657 1314,2657 1346,2657 1377,2657 1409,2657 1441,2657 1473,2657 1505,2657 1536,2657 1568,2658 1600,2658 1632,2658 1664,2658"/>
                <TextEquiv>
                    <Unicode>⁋ Artic. V. De studio sciendi. </Unicode>
                </TextEquiv>
            </TextLine>
            <TextLine id="r2l46" custom="readingOrder {index:43;}">
                <Coords points="951,2747 2115,2756 2193,2732 2193,2675 1688,2649 1559,2688 1307,2663 1093,2698 950,2662"/>
                <Baseline points="962,2732 1023,2732 1084,2730 1145,2730 1206,2730 1267,2730 1328,2730 1389,2729 1450,2729 1511,2729 1572,2729 1633,2729 1694,2729 1755,2729 1816,2729 1877,2729 1938,2729 1999,2727 2060,2727 2121,2727 2183,2727"/>
                <TextEquiv>
                    <Unicode>Via appetitus sciendi frustra esset nisi homo vt scire pos-</Unicode>
                </TextEquiv>
            </TextLine>
            <TextLine id="r2l47" custom="readingOrder {index:44;}">
                <Coords points="951,2809 2146,2810 2192,2803 2192,2732 951,2746"/>
                <Baseline points="962,2787 1022,2787 1083,2787 1144,2787 1205,2787 1266,2787 1327,2787 1388,2787 1449,2787 1510,2787 1571,2787 1631,2787 1692,2787 1753,2787 1814,2786 1875,2786 1936,2786 1997,2786 2058,2786 2119,2786 2180,2786"/>
                <TextEquiv>
                    <Unicode>set studium &amp; diligentiam apponeret: ldeo postquam visum est de appeti-</Unicode>
                </TextEquiv>
            </TextLine>
            <TextLine id="r2l48" custom="readingOrder {index:45;}">
                <Coords points="950,2867 2130,2876 2193,2865 2193,2805 950,2809"/>
                <Baseline points="962,2841 1023,2841 1084,2841 1145,2841 1206,2841 1267,2841 1328,2841 1389,2841 1450,2841 1511,2841 1572,2841 1633,2840 1694,2840 1755,2840 1816,2840 1877,2840 1938,2840 1999,2840 2060,2840 2121,2840 2183,2838"/>
                <TextEquiv>
                    <Unicode>tu sciendi hominis: videndum est quale studium adhibere debet ho- </Unicode>
                </TextEquiv>
            </TextLine>
            <TextLine id="r2l49" custom="readingOrder {index:46;}">
                <Coords points="940,2905 1726,2911 1726,2866 1696,2855 941,2857"/>
                <Baseline points="951,2892 989,2894 1027,2894 1065,2894 1104,2894 1142,2894 1180,2894 1218,2894 1257,2894 1295,2894 1333,2894 1371,2894 1410,2894 1448,2894 1486,2894 1524,2895 1563,2895 1601,2895 1639,2895 1677,2895 1716,2895"/>
                <TextEquiv>
                    <Unicode>mo scientiae. Et circa hoc quaeruntur septem.</Unicode>
                </TextEquiv>
            </TextLine>
            <TextLine id="r2l50" custom="readingOrder {index:47;}">
                <Coords points="946,2965 1758,2970 1771,2900 1435,2922 946,2904"/>
                <Baseline points="956,2949 996,2949 1036,2948 1076,2948 1116,2948 1157,2948 1197,2948 1237,2948 1277,2948 1317,2948 1358,2948 1398,2948 1438,2949 1478,2949 1518,2949 1559,2949 1599,2949 1639,2949 1679,2949 1719,2948 1760,2948"/>
                <TextEquiv>
                    <Unicode>Primo: vtrum studendum est homini vt sciat.</Unicode>
                </TextEquiv>
            </TextLine>
            <TextLine id="r2l51" custom="readingOrder {index:48;}">
                <Coords points="942,3012 1892,3017 1938,3013 1938,2935 1842,2920 1767,2972 942,2971"/>
                <Baseline points="953,3005 1001,3003 1050,3003 1098,3003 1147,3003 1196,3002 1244,3002 1293,3002 1342,3002 1390,3002 1439,3002 1488,3003 1536,3003 1585,3003 1634,3003 1682,3003 1731,3002 1780,3002 1828,3002 1877,3001 1926,3000"/>
                <TextEquiv>
                    <Unicode>Secundo: vtrum studendum est homini vt omnia sciat.</Unicode>
                </TextEquiv>
            </TextLine>
            <TextLine id="r2l52" custom="readingOrder {index:49;}">
                <Coords points="939,3080 2067,3079 2157,3061 2157,2983 1809,3021 938,3013"/>
                <Baseline points="950,3057 1009,3057 1069,3056 1129,3056 1189,3056 1249,3056 1309,3056 1368,3056 1428,3056 1488,3056 1548,3054 1608,3054 1668,3054 1728,3054 1787,3054 1847,3054 1907,3054 1967,3054 2027,3054 2087,3053 2147,3053"/>
                <TextEquiv>
                    <Unicode>Tertio: vtrum studendum est homini vt sciat scibilia super scientias philosophicas.</Unicode>
                </TextEquiv>
            </TextLine>
            <TextLine id="r2l53" custom="readingOrder {index:50;}">
                <Coords points="946,3126 2178,3138 2150,3060 946,3074"/>
                <Baseline points="956,3111 1016,3111 1077,3110 1137,3110 1198,3110 1259,3110 1319,3109 1380,3108 1440,3108 1501,3108 1562,3108 1622,3108 1683,3108 1743,3108 1804,3108 1865,3108 1925,3108 1986,3108 2046,3108 2107,3107 2168,3107"/>
                <TextEquiv>
                    <Unicode>Quarto: vtrum studendum est homini vt sciat omnia contenta scientiis philosophicis</Unicode>
                </TextEquiv>
            </TextLine>
            <TextLine id="r2l54" custom="readingOrder {index:51;}">
                <Coords points="943,3179 2063,3200 2063,3143 2011,3120 943,3125"/>
                <Baseline points="954,3164 1008,3164 1063,3164 1118,3164 1173,3164 1228,3164 1283,3164 1338,3164 1393,3164 1448,3164 1503,3164 1557,3164 1612,3164 1667,3164 1722,3164 1777,3164 1832,3164 1887,3164 1942,3162 1997,3162 2052,3162"/>
                <TextEquiv>
                    <Unicode>Quinto: vtrum studendum est ei vt sciat singula eodem modo. </Unicode>
                </TextEquiv>
            </TextLine>
            <TextLine id="r2l55" custom="readingOrder {index:52;}">
                <Coords points="940,3228 1473,3225 1518,3246 1804,3226 1804,3183 1767,3170 1468,3168 1417,3195 940,3180"/>
                <Baseline points="951,3219 993,3218 1035,3218 1077,3218 1119,3218 1161,3218 1203,3218 1246,3218 1288,3218 1330,3218 1372,3218 1414,3218 1456,3218 1498,3218 1541,3218 1583,3218 1625,3218 1667,3216 1709,3216 1751,3216 1794,3216"/>
                <TextEquiv>
                    <Unicode>Sexto: vtrum studendum est ei scire propter se.</Unicode>
                </TextEquiv>
            </TextLine>
            <TextLine id="line_1587222999824_2541" custom="readingOrder {index:53;}">
                <Coords points="941,3309 2026,3313 2041,3196 1517,3247 941,3229"/>
                <Baseline points="951,3275 958,3275 1014,3275 1071,3273 1127,3273 1184,3273 1240,3273 1296,3273 1353,3272 1409,3272 1466,3272 1522,3272 1578,3272 1635,3272 1691,3272 1748,3272 1804,3272 1860,3272 1917,3272 1973,3273 2030,3273"/>
                <TextEquiv>
                    <Unicode>Septimo: vtrum homo studio suo terminum debet imponere.</Unicode>
                </TextEquiv>
            </TextLine>
            <TextEquiv>
                <Unicode>do quicquid homo appetit scire, illud appetit sub aliqua ratione veri: &amp; ideo necesse est quod illud ap 
petat tanquam vltimum verum quod est finis: aut tanquam verum tendens in vltimum verum vt in finem. quod si sit vl
timum: vt in eius cognitione sit status. Si vero sit ad vltimum: vt eius cognitio sit gradus &amp; via
ascendendi ad notitiam veri vltimi. Seper enim imperfectum in quo est alicuius perfectionis inchoatio, or
dinatur ad illud in quo est ipsa perfectio. Et ideo dicit Chrysosto. super illud Matth. Et ecce Cen-
turio. Scriptura infallibilis de deo, creatura est omnium rerum: quia nihil creatum est in mundo per
quod non manifestissime deus ostenditur. Et hoc quod tale est &amp; vltimum: vltimo est ab appetitu prosequendum,
&amp; primum mouens appetitum: per quod mouent omnia alia appetibilia ordinata ad ipsum tanquam cau
sae secundae: quae non mouerent nisi motae a primo mouente: &amp; non nisi in ordine ad operationem.
Vnde &amp; sicut appetitus principalius est illius quod est vltimum: quam alicuius aliorum: sic est alio-
rum per ordinem: semper enim est amplius &amp; principalius: quanto immediatius se habent, &amp; propin-
quius ad illud appetitiuum. ⁋ Et est aduertendum quod propter vltimum appetuntur alia quae sunt ad 
ipsum dupliciter: &amp; formaliter &amp; finaliter. Primo formaliter: quia non appetuntur alia: nisi quia in se
habent rationem &amp; formam vltimi quodam modo: licet imperfectam: vt omne verum rationem primi
veri: &amp; omne bonum rationem primi boni: quia omne aliud verum &amp; bonum est sicut quaedam impressio pri-
mi veri &amp; boni: per cuius rationem mouet appetitum &amp; intellectum. Et ideo finaliter secundo ap 
petuntur propter vltimum verum &amp; bonum: quia per ipsa tanquam per imperfecta proficiscitur appeti
tus quousque deueniatur ad vltimum: vt ad verum &amp; bonum perfectum habens in se perfectam ra
tionem veri &amp; boni simpliciter: &amp; omnem rationem cuiuslibet veri &amp; boni particularis. Et ideo pri-
mun verum in omni alio vero &amp; per omne aliud verum quasi vocat intellectum vt tendat ad sui no
titiam: &amp; primum bonum in omni alio bono: &amp; per ipsum quasi vocat affectum: vt tendat in sui frui
tionem &amp; amorem. Et ideo quousque intellectus perducatur in persectam notitiam summi veri: &amp;
affectus in fruitionem summi boni: nunquam potest humanus appetitus quiescere: sed illis duobus ade
ptis totus perficietur: &amp; nihil restabit appetendum: vt dictum est supra. ⁋ Ad primum in opposi-
tum quod vltimum verum non eget alio vt sciatur: Dicendum quod verum est quantum est in se: quia. est sum
me scibile. quantum tamen est ex parte nostra: qui non sufficimus statim illud capere, per gradus alio
rum verorum. debemus ad ipsum ascendere &amp; ideo appetere debemus alia scire propter illud. Vn
de Autinus viii. de Trinit. Consuetudo carnalis vera quae creata sunt: sentit vt potest: veritatem au- 
tem qua creata sunt non potest intueri. Nam si posset, nullo modo esset lux ista corporea manife-
stior. Et ideo sicut exeunti de carcere qui non posset solem aspicere, primo ostenderetur lumen candelae: de
inde lumen solis reflexum in medio: deinde radius solis in aere: vt postea fortificatus posset solem in 
seipso aspicere: sic nos debemus primo creatas veritates aspicere: &amp; per illas ad veritatem summam
ascendere: vt docet Augustinus i. soli. ⁋ Ad secundum, quod plurima scita vergunt in damnationem scientis: 
Dicendum quod hoc non est propter scire: quia etiam secundum philosophum scientia malorum bo-
na est: &amp; ideo etiam ad scientiam primi scibilis ordinatur: sed quod nocet hoc est per accidens: propter
scientis abusum, vel aliquid huiusmodi. ⁋ Ad tertium quod scientiae speculatiuae sunt propter se: Dicendum 
quod verum est generaliter sumendo eanum scilicet secundum quod includit speculationem summi scibilis secun-
dum illud quod dicit Philosophus maxime de prima philosophia inquantum est de cognitione dei: quamuis in illo spe
culo omnis quae ex scientia philosophica habetur non sit finis: immo ipsa ordinatur ad istam sicut ad finem:
vt infra dicetur. ⁋ Ad quartum quod non omnis appetens scire cogitat de vltimo fine: Dicendum quod immo
iplicite: inquantum in quolibet appetibili alio est impressa ratio vltimi appetibilis: propter quam appetitur: sed 
inquantum ipsa inuenit defectum vlterius nititur: quousque perfecte in seipso vltimum appetibile reperiat.
⁋ Artic. V. De studio sciendi. 
Via appetitus sciendi frustra esset nisi homo vt scire pos-
set studium &amp; diligentiam apponeret: ldeo postquam visum est de appeti-
tu sciendi hominis: videndum est quale studium adhibere debet ho- 
mo scientiae. Et circa hoc quaeruntur septem.
Primo: vtrum studendum est homini vt sciat.
Secundo: vtrum studendum est homini vt omnia sciat.
Tertio: vtrum studendum est homini vt sciat scibilia super scientias philosophicas.
Quarto: vtrum studendum est homini vt sciat omnia contenta scientiis philosophicis
Quinto: vtrum studendum est ei vt sciat singula eodem modo. 
Sexto: vtrum studendum est ei scire propter se.
Septimo: vtrum homo studio suo terminum debet imponere.</Unicode>
            </TextEquiv>
        </TextRegion>
    </Page>
</PcGts>
