2489 3776
272 308 2021 375 vbi dicit Glo. Propterea Deus etiam peruersorum dogmatum magistris concessit occupationem: ne mens
287 371 2021 426 eorum torpesceret otiosa. ⁋ Ad primum in oppositum: quod homo omni scientia est imperfectus: Dicendum
287 424 2021 491 quod imperfectum hominis in vita ista nec in creaturarum cognitione impleri potest vt supra dictum
280 477 2012 542 est: sed hoc impletum erit in futuro: quando secundum Grego. A. dialo. nihil erit quod non videbit: qui videntem
278 529 2006 586 omnia videbit. Quid solum continget eis qui hic solum ea quibus opus est scire quaerunt: & cuncta so
289 585 2006 652 brie inuestigant ad opus doctrinae fidei: & ad regulam fidei: cuius scientia magis est necessaria vt
289 638 2010 705 homo peruenire possit ad perfectionem humanae vitae in sciendo: quam omnis disciplina philosophica. ⁋ Ad se
280 690 2019 758 cundum quod in omni creatura conuenit summum bonum contemplari ad opus doctrinae fidei: dicendum
290 743 2000 814 quod verum est: hoc tamen non est possibile hominem in omnibus perscrutari, nec opus est amplius
285 805 1315 862 scrutari, quam scientiae fidei & pietatis satis est: vt infra dicetur.
616 843 2001 911 lrca tertium arguitur, quod non est homini studendum vt sciat scibilia super scientias
633 906 2001 973 philosophicas. Primo sic. Ecclesiastici. xiii. dicitur. Altiora te ne quaesieris: & for-
623 959 2006 1020 tiora te ne scrutatus fueris. illa quae sunt super scientias philosophicas sunt for-
634 1018 1999 1081 tiora & altiora homine: quia supra vires naturalis rationis. vt dictum est supra
627 1070 1999 1133 ergo &c. ⁋ Secundo sic. de notitia illorum quae fidei sunt & supra scientias philosophi-
610 1116 2002 1187 cas, dixit Christus in euangelio. Nolite cogitare, quomodo, aut quid loq. &c.
281 1176 2002 1235 Sed illud ad quod non est cogitandum vt cognoscatur: sed munus spiritus sancti expectandum, non est stu
271 1228 2003 1286 dio inuestigandum. ergo &c. ⁋ Contra est illud. i. Esd. vii. Esdras praeparauit cor suum: vt inuesti-
273 1281 2003 1348 garet legem domini, quid non erat nisi studio: lex autem domini erat de scibilibus supra scientias philosophi-
282 1335 2012 1405 cas: ergo &c. Et super illud Sapientiam. vi. Cogitare de illa sensus est consummatus. dicitur in Glos. In praesen-
269 1384 2012 1465 ti studendum est sapientiae: & secundum normam disciplinae viuendum. ⁋ Dicendum ad hoc secundum Augus.
279 1444 2009 1507 in principio de doctrina christiana quod error erat aliquorum: quod praecepta de modo studendi & inuestigandi obscu
280 1501 2005 1560 ra sacrae scripturae non erant necessaria: sed quod intellectus eorum diuino munere esset expectandus: &
264 1554 2012 1629 ita negabant quod esset homini studendum ad sciendum scibilia supra scientias philosophicas. Contra
280 1616 2006 1672 quos dicit Augustinus loquens suis. Fratres (inquit) moneamus omnes ne paruulos suos ita doceant. Im
274 1664 1999 1726 mo quod per hominem discendum est: sine superbia discant: neque tentemus eum cui credimus: ne talibus
278 1713 1999 1772 inimici versutiis decepti ad ipsum quoque audiendum euangelium atque discendum nolimus ire in ec-
267 1763 2004 1830 clesias, aut codicem legere. scilicet. studendo per nos, aut doctorem praedicantemque hominem audire: & expecte-
271 1823 1996 1888 mus rapi vsque ad tertium caelum: & ibi audire ineffabilia verba: aut ibi videre dominum lesum: & ab
271 1873 1999 1936 illo potius quam ab hominibus audire euangelium. Dicere ergo absolute quod talibus quae sunt super scientias
277 1924 2007 1997 philosophicas non est studendum, error est & tentare deum. Veruntamen sciendum quod triplex est mo
279 1989 2003 2046 dus cognoscendi res: quidam naturalis & modo naturali: quidam supnaturalis & modo superna-
270 2036 2002 2095 turali: quidam medius supernaturalis & modo naturali. Primus est quo cognoscuntur scienda in
273 2088 2003 2154 disciplinis philosophicis: quae sunt de rebus naturalibus: quarum notitia est naturalis: quia inuesti
260 2146 2005 2213 gatione naturalis rationis & modo naturali: qui a via sensus & experientiae capit ortum. Secundus
268 2193 1996 2263 est ille quo cognoscuntur clare & aperte quiditates caelestium spirituum dei & angelorum: qui sunt res super
274 2259 1999 2312 naturales: quorum notitia non est naturalis: quia non naturalis rationis inuestigatione: neque modo naturali:
266 2303 2004 2372 quia nec per illa quae accipiuntur a sensu: sed immediate & pure a diuino dono speciali. Vnde ad notitiam
276 2358 2000 2418 talem & talium scibilium super scientias philosophicas habendam non est studendum naturalis ratio
262 2414 2003 2478 nis inuestigatione: vt in vita ista acquiratur: quia studium ad hoc esset frustra & labor perditus: sed
268 2465 2003 2529 sic viuendum est in praesenti vita: vt in futura haberi promereatur, vel si deo placuerit ad horam con
278 2523 2008 2587 cedatur. Tertius modus est ille quo supernaturalia & diuina hic cognoscuntur per fidem: quorum no-
261 2570 2011 2638 titia est supnaturalis: quia per lumen infusum: modo tamen naturali: quia in aenigmate rerum sensibi
276 2622 2006 2686 lium. Non enim in istis complexa & articulos fidei credimus per lumen fidei: nisi prius terminos &
263 2674 2004 2743 incomplexa lumine rationis naturalis adminiculo sensus intelligamus. secundum quod dicit Augustinus 8 de trinitate
275 2730 1998 2794 Credimus dominum lesum Christum natum de virgine: quae Maria vocabatur: quid sit virgo, quid sit
274 2785 2004 2846 nasci, & quid sit nomen proprium non credimus: sed prorsus nouimus. & super illud, Da mihi intellectum. Glos.
262 2843 2007 2909 Nemo potest credere in deum nisi aliqua intelligat: tamen fide sanatur: vt ampliora intelligat. Circa
267 2891 2004 2952 talia ergo quae fide cognoscuntur de supnaturalibus principaliter quaestio exponenda est. De talibus
265 2946 1999 3016 ergo sciendis notandum, quod initia fidei accipimus diuino lumine: sicut initia primorum principiorum
276 3000 2006 3068 scientialium sumimus lumine naturalis rationis: & quod se habent prima credibilia fidei ad omnia posteriora cre
276 3053 2014 3121 dibilia: sicut & prima scibilia philosophica ad posteriora scibilia. Sicut ergo homo antequam nouerit pri
275 3111 2014 3175 ma principia scientiarum philosophicarum non potest addiscere neque caetera studio aliquo inuestigare: vt
272 3160 2012 3229 dictum est supra: Sic ad cognitionem illorum quae fidei sunt studere non potest antequam lumine fidei pri-
261 3207 2026 3297 ma principia credibilium cognouerit. Quibus cognitis ad duo inuestiganda studendum est. Primo: vt
