2408 3781
432 299 2177 379 ex primis credibilibus inuestigentur posteriora. sicut enim lumine naturalis rationis homo potest
432 365 2170 421 studendo inuestigare notitiam eorum quae in potentia cognita sunt in principiis scientialibus: sic
439 417 2170 474 lumine fidei potest inuestigare credibilia quae in potentia cognita sunt in primis principiis credibilium
439 468 2177 540 secundum quod Paulus nostram resurrectionem futuram probat credendam ex resurrectione Christi quam iam
439 525 2181 594 credimus factam. Et ideo dicit Orig. super Gene. in Hom. de arca, quod de aliquibus sacra scriptura ni
439 581 2177 637 hil retulit: sed solum traditio tenet, quia opportunum videtur super hoc habitum silentium: de quo
432 631 2181 691 sufficienter quaerere ratio docet. ⁋ Secundo autem studendum est eis quae sunt fidei: vt credita
434 687 2174 745 fiant intellecta. Secundum enim quod dicit Augustinus super loan. in princi. Sacra lectio ad hoc legitur &
443 748 2183 804 auditur, vt exponatur & intelligatur. hinc dicit in fine de Academi. lta sum affectus: vt quid sit ve
438 796 2176 860 rum non credendo solum, sed intelligendo apprehendere impatienter expecto. Non enim cum auditur &
443 846 2177 908 creditur, statim intelligitur: quia vt dicit Chrysosto. super illud Matth. i. Inuenta est in vtero habens:
439 901 2172 968 non aestimes te cum cuncta audieris continuo cuncta didicisse. Vt ergo quae fide sola tenemus intelli
451 957 2180 1016 gamus, studere debemus: non viribus solum naturalis rationis. Cum enim (vt de philosophis dicit Hu.
445 1010 2181 1079 super prolo. cae. Hier. ) post scientiam philosophicam nouissime theologiam perscrutatione inuisibilium
451 1062 2176 1129 quasi consummaturi sapientiam addiderunt, ibi corruere coeperunt in mendacia sigmentorum: & assumpserunt
450 1111 2184 1183 species visibilium simulacra diuinorum: vt inuisibilia viderent quae ea per videbantur: & euanuerunt cum transire
458 1171 2183 1228 vellent mente ea quae sola mente acceperunt. In hac ergo scientia sapientes mundi stulti facti sunt: quia
454 1222 2174 1279 solo naturali ductu, secundum elementa & speciem mundi incedentes exemplaria gratiae non habebant
453 1276 2178 1345 in quibus etsi species erat humilis manifestior praestatur demonstratio veritatis. Non ergo solis viri
445 1331 2185 1395 bus naturalis rationis ad sciendum supernaturalia studendum est: sed viribus naturalis rationis adiutae
454 1385 2185 1448 lumine supernaturali ad intelligendum illa. Vnde Chrysost. super illud. Petite & dabitur vobis. Deus
444 1439 2188 1502 ita nos disposuit esse, vt nec studentes nec laborantes circa scripturas quaeramus salutarem scien-
454 1484 2179 1560 tiam sine gratia dei, ne nobis imputemus quid scimus: nec tamen gratiam acquiramus nisi studueri-
451 1550 2186 1612 mus & laborauerimus circa scripturas: ne dei donum negligentibus detur. Gratia enim est adiuto
460 1603 2183 1666 rium infirmitatis nostrae. Adiutorium autem non dormientibus datur, sed festinantibus, & praeualen
454 1655 2174 1717 tibus. Sicut enim in bello non omnis qui pugnat vincit: nemo tamen vincere poterit nisi pugnaue
449 1713 2182 1765 rit: sic non omnes qui student & legunt acquirunt scientiam spiritualem. Nemo tamen acquirere po-
450 1760 2181 1827 test nisi studiosus fuerit ad legendum: assiduus ad audiendum. Vnde idem super illud. Nolite sanctum
463 1813 2186 1872 dare canibus. Non omnis potest ascendere in altitudinem sensuum: & illas inuenire mysteriorum abscon-
462 1865 2174 1935 ditas margaritas: nisi vir spiritualis qui habet exercitationem spiritualium narrationum dei. Tali er
456 1923 2172 1987 go gratia dei adiutus potest homo studere & proficere in spiritualibus, & hoc ideo: quia talium scien
450 1977 2186 2045 tia sub sensibilibus occultatur. Intelligere autem & maxime talia quae sunt supernaturalia quandam in-
457 2033 2179 2094 teriorem considerationem dicit eorum quae non statim intellectu capiuntur cum audiuntur. Dicitur enim intelli-
452 2080 2188 2157 gere quasi intus legere. id est enucleare quod latet: vt sub intentione & specie sensibili accepta a sensu latet
470 2140 2173 2197 veritas & quiditas rei: & sub signis figuralibus ipsa figurata: & sub eis quae tenentur vt credita ve
461 2198 2184 2262 ritas nota: & sub effectu causa. &c. huiusmodi. Vnde ista cognitio quae consistit in intelligendo, so
451 2243 2180 2313 lido cibo comparatur. Simplex autem notitia per fidem, comparatur lacti, secundum quod dicit Chrysosto.,
461 2296 2186 2367 super illud Matth. xxi. Ex ore infantium omnis prima instructio fide id est simplex doctrina lac dici-
459 2345 2188 2421 tur: quoniam sicut lac sine labore & opere dentium manducatur: & manducantem suauitate sua de
460 2399 2177 2477 lectat. Panis autem est perfectioris doctrina iustitiae: quam accipere non possunt nisi exercitati sensus cir
458 2465 2181 2529 ca res spirituales: quoniam qui audit necesse habet intra se tractatibus quibusdam discutere & meditari: quasi
472 2522 2184 2586 quibusdam dentibus spiritualibus molere. ldem super illud. Matth. xxii. Misit seruos suos vocare
464 2561 2180 2624 inuitatos. Sicut enim qui mittit in os fragmentum panis, primum molit ipsum dentibus: & ita mittit
463 2617 2181 2684 in stomachum: sic & cum audimus omne verbum: necesse est id meditari in ore sensus: & quasi qui-
463 2670 2184 2749 busdam dentibus id tractantibus molere: & videre quid est quod dicit: aut vnde dicit: aut propter
463 2723 2185 2796 quam rem dicit. Nam quemadmodum qualemcunque cibum nisi masticauerimus dentibus: non senti-
465 2790 2192 2849 mus saporem eius: ita & verbum quod custodimus nisi masticauerimus tractantes in nobis: non possu
458 2838 2189 2901 mus intelligere veritatem illius verbi. Nam & manna in aeremo figuram habens verbi, ideo dicitur man-
456 2897 2198 2967 na quod interpretatur quid est hoc, vt quotienscumque audiamus verbum: admoneat nos ipsum nomen require
455 2951 2180 3015 re, quid est hoc quod audimus. Nam quemadmodum non prodest cibus nisi cum fuerit masticatus: &
460 2996 2183 3066 in stomachum descenderit: sic non proficit ad salutem verbum nisi cum fuerit intellectum & memo-
470 3046 2189 3126 riae traditum. Qui autem sic manducat de spirituali conuiuio, impletur spiritu: dilatatur sensi-
465 3098 2188 3169 bus: nutritur in veritate: pinguescit in fide: & sic ingrediens ad interiora voluntatis dei & manens
463 3150 2195 3234 in eis acquirit sibi vitam aeternam. Qui autem ab hoc conuiuio verbi dei longe factus fuerit eua
462 3206 2177 3303 cuatur spiritu: angustatur sensibus: deficit a veritate: distillat a fide: & sic egrediens ab omnibus
