2454 3772
270 303 2015 405 ambulare: Dicendum quod verum est: studentibus in illis propter se: & ad immorandum & delectandum-
274 373 2005 447 aut ad libidinem aliquam. Retorquendo tamen illas ad meliorem vsum sacrae scilicet scripturae, vt infra
282 431 2014 515 dicetur, non est ita. Vnde Hieronymus super epistolam ad Titum. Geometria, arithmetica, & musi
275 487 2011 556 ca, habent in sua scientia veritatem: sed illa non est scientia pietatis: potest tamen proficere ad vi-
266 543 2002 613 tam, dum fuerit in meliores vsus assumpta. ⁋ Ad secundum quod propter studium aliarum scientia
270 595 2012 666 rum est homo corripiendus: Dicendum quod verum est: dum homo nimis eis vult immorari & delectari. pro
269 638 2005 725 pter quod erat correptus Hieronymus. Non autem est corripiendus qui studet in illis: vt vera in-
282 710 2009 781 uenta in illis ad meliorem vsum conuertat: & propter alias causas quae infra dicentur. Et ideo di-
273 746 2009 836 cit Augustinus ii. de doctrina christiana. In omnibus tenendum est ne quid nimis. ⁋ Ad tertium quod
277 809 2006 891 scientiae philosophicae ducunt in errorem: & non valent ad salutem: dicendum quod scientiae aut scri
261 856 2012 943 pta quae non valent ad salutem: sed ducunt in errorem: quia haeresim contra sacram doctrinam
271 921 1998 989 continent: sicut continent plurima scripta philosophorum: aut auctor eorum per ecclesiam repro
270 962 2000 1053 batus est & damnatus: aut non. Si sic, non debent admitti: neque studendum est in illis, quamuis aliqua
268 1025 2008 1101 vtilia contineant. vt. xvi. canones. extra, de sententia excom. Canones. & maxime cum damnatus est au-
261 1081 1999 1158 ctor ante mortem. Si enim damnatus fuerit post mortem, scripta obseruantur ratione bonae scien-
268 1133 2000 1212 tiae quam continent: licet aliqua habent erronea. vt scripta Origenis. vt. xvi. quaestione. vii. & maxime
268 1181 1997 1264 cum postmodum fuerint approbata in bene dictis: sicut erant scripta Origenis. secundum quod haec no-
263 1230 2001 1320 tantur. extra, de sententia excommunicationis. Fraternitatis. Si ergo error nec ante mortem aucto
264 1293 1989 1374 ris: nec post mortem fuerit damnatus: sicut errores philosophiae plurimi per sententiam Ecclesiae
267 1349 1986 1429 nunquam erant damnati: sententiae bonae talium tenendae sunt: & in scriptis eorum studere licet: nec vitan
264 1403 1998 1481 dae sunt propter vitium personarum: etiam si aliqua falsa contineant: sed propter illa falsa sunt ca-
267 1466 1986 1533 uenda. secundum quod dicit Augustinus. capit ido i,. quaestio. i. Dominus determinauit. Apostolus dixit:
271 1522 1985 1586 GCretenses malae bestiae, ventres pigri. Si ergo apostolus nescio cuius alienigenae testimonium: quia ve-
253 1570 1993 1631 rum comperit: etiam ipse attestatus est: cur nos apud quemcumque inuenerimus quod Christi est: & ve-
253 1628 2002 1706 rum est: etiam si ille apud quem inuenitur peruersus & fallax est: non discernimus propter vitism
260 1672 1425 1752 quod homo habet, veritatem, quam non suam sed Christi habet:
610 1748 1983 1866 Irca quintum arguitur, quod eodem modo studendum est homini ad inuestigan
602 1844 1988 1909 dum scientiam de vnoquoque. Primo sic. Illo modo studendum est homini ad in-
604 1900 1988 1972 uestigandum scientiam de quocumque, quo nata est sciri, quoniam vt dicit Augustinus secundo de
612 1947 1994 2020 doctrina christiana Scientiae verae non sunt ab hominibus institutae, sed animaduer-
601 2001 1984 2066 sae: & in rerum ratione & natura comparatae. sed vnus est modus & idem, quo
551 2065 1989 2119 vnumquodque natum est sciri, scilicet ex suis causis. secundum quod dicitur secundo
250 2100 1986 2180 Metaphysicae. Nos non scimus veritatem absque eo quod scimus causam eius. ergo &c. ⁋ Secundo sic.
253 2154 1991 2235 Quod inest homini a natura, idem est, & eodem modo se habet respectu cuiuslibet obiecti. vt patet de
257 2222 1980 2283 visu respectu colorum. sed modus sciendi ad inuestigandum scientiam nobis est innatus secundum
249 2258 1987 2342 Philosophum. i. Physi. Innata est nobis via a certioribus nobis & notioribus. ergo &c. ⁋ Contra est.
244 2320 1980 2398 quoniam si eodem modo studendum est ad inuestigandum scientiam in vnoquoque, ergo aequali perscrutatione.
246 2370 1975 2456 Hoc autem reprehendit Philosophus: cum dicit secundo Metaphysicae. Non oportet quaerere in quali
238 2419 1980 2495 bet scientia perscrutationem sicut in mathematicis. ergo &c. ⁋ Dicendum ad hoc: quod ponere, quod eodem mo
237 2482 1981 2553 do studendum est ad inuestigandum scientiam de vnoquoque, est summum impedimentum inuestigandi
235 2538 1977 2615 scientiam in pluribus scibilibus: ad quod habent reduci omnia impedimenta sciendi quae determinat
243 2582 1979 2664 Philosophus secundo Metaphysicae. Si enim idem esset modus inuestigandi omnem scientiam: cum
236 2649 1976 2712 modus inuestigandi sit idem cum modo sciendi: quia ex eisdem habet res sciri: & scientia eius in-
237 2696 1976 2774 uestigari: idem esset modus sciendi omnia quae sciuntur. & vlterius cum: ex modo sciendi habetur scien
247 2752 1985 2825 tiae certitudo: eadem & aequalis esset scientiae certitudo in omnibus quae sciuntur. Vnde cum impossi
244 2797 1978 2882 bile sit quod eadem sit & aequalis certitudo sciendi omnia, vt dictum est supra: impossibile est omni-
247 2865 1978 2923 no quod sit idem modus sciendi, siue idem modus scientiam inuestigandi in omnibus, siue idem mo-
232 2904 1977 2988 dus studendi vt scientia inuestigetur in omnibus: & hoc neque in notitia principiorum quando eam
238 2964 1969 3035 opus est declarare: neque in notitia conclusionum. lgnorantia igitur modi sciendi summum est impe-
244 3016 1976 3091 dimentum inuestigandae veritatis circa vnumquodque scibile: & econverso cognitio modi sciendi sum
235 3076 1967 3150 mun est promotiuum. Propter quod dicit Augustinus de vtilitate credendi. Non putabam latere veritatem: nisi
228 3128 1964 3207 quod in ea quaerendi modus lateret. ⁋ Ad cognoscendum igitur modos sciendi in scientiis, aduertendum est quod
235 3178 1976 3265 habet diuersificari modus sciendi sicut studendi ad inuestigandum scientiam, ex tribus. ex materia, ex proprieta
229 3228 1973 3325 te scientiae: & ex dispositione scientis. De primo dicit Boethiusid i. de trinitate. Vnumquodque vt intelligi atque capi potest
