2390 3766
439 303 2201 384 inspiciamus. Nam optime videtur illud dictum, eruditi est hominis vnumquodque vt ipsum est, ita de eo si
441 370 2194 440 dem capere tentare. Nam cum tres sint speculatiuae scientiae partes, naturalis est in motu & inabstracta: Ma
445 428 2203 496 thematica vero sine motu inabstracta: Theologia vero sine motu & abstracta. Et loquitur Boethius
441 485 2197 545 de abstractione reali. In naturalibus ergo rationabilitur: in mathematicis disciplinabilitur: in diuinis vero
445 534 2192 595 intellectualiter versari oportet. De duobus etiam primis dicit philosophus simul in principio Ethicorum.
437 587 2195 657 Non oportet certitudinem in omnibus similiter exquirere: sed in singulis secundum subiectam natu
445 646 2188 710 ram: & intantum, inquantum proprium est doctrinae. De tertio dicitur in principio physi. Innata est nobis
458 703 2196 760 via ex prioribus & notioribus nobis. Primo igitur studendum ad inuestigandum scientiam circa
450 746 2196 809 vnamquamque rem secundum naturam subiecti & materiae. secundum quod dicitur in principio Ethicorum. In vno
445 810 2196 871 quoque dicetur sufficienter, si secundum subiectam materiam manifestetur: disciplinati enim est intan-
434 860 2207 922 tum certitudinem inquirere secundum vnumquodque genus: inquantum rei natura recipit. Proximum
445 913 2209 972 enim & simile inconveniens videtur mathematicum persuadendo scientiam suam inuestigare: & rhetorem
441 965 2190 1035 demonstrando. & hoc intelligendo quando possibile est inuestiganti secundum materiae exigentiam procedere: sicut con
443 1030 2197 1085 tingit in moralibus & mathematicis. In moralibus enim, vt dicitur. i. Ethicoru. oportet grosse & siguraliter ve
443 1077 2201 1134 ritatem manifestare. & hoc propter incertitudinem materiae & variationem particularium circa quae sunt mora
439 1128 2200 1194 lia. In talibus enim, vt dicitur in principio Topi. habemus sufficientem methodum, quoniam similiter habemus vt
447 1178 2190 1248 in rhetorica & medicina: & huiusmodi scientiis coniecturalibus. hoc est ex contingentibus facere quae
452 1246 2205 1299 appetimus: & de nullo subtilem rationem assignare: sed aliquantulum siguraliter pertransire. In ma
453 1287 2191 1351 thematicis autem est econtrario. in illis enim propter materiae abstractionem a materia & transmuta-
449 1343 2192 1409 tione secundum intellectum oportet inuestigare veritatem secundum perscrutationem maximam: &
444 1394 2191 1455 demonstrationibus in primo genere certitudinis vt dicitur secundo metaphysicae. & hoc, quia in
447 1448 2183 1516 illis ea quae sunt priora & notiora simpliciter: sunt priora & notiora nobis. vt dicit commen. super
455 1508 2202 1574 principium physico. ⁋ Secundo autem est studendum ad inuestigandum scientiam propter proprie
444 1566 2200 1626 tatem doctrinae. Secundum quod de angulo gnomonis rector aedificiorum inquirit an sit rectus: inquan-
448 1614 2199 1681 tum valet ad suum opus regulandum: & hoc per experimentum & signa apparentia. Geometra ve
452 1668 2197 1736 ro inquirit idem vt cognoscat ipsum quale quid sit in se: non in ordinatione ad aliquod opus & per rationem
457 1727 2201 1784 & causam demonstratiuam. sicut dicitur primo Ethicorum. ⁋ Tertio est studendum ad inuestigandum
442 1780 2197 1847 scientiam in vnoquoque, secundum dispositionem inuestigantis: inchoando scilicet a prioribus & notio
453 1831 2191 1900 ribus sibi: & procedendo ad inuestigandum minus nota sibi: & si aliquando illa sunt magis nota
445 1889 2194 1950 in natura sua. vt contigit in scientia naturali & diuina. Naturalia enim sunt nobis occulta & incerta pro
448 1940 2201 2006 pter se: & propter materiam magis quam propter nos. Diuina econverso magis propter nos: quia sumus
445 1994 2183 2055 indispositi ad ipsa capienda, quam propter se. vt dicit commenta. super primum metaphysicae: & dictum
450 2049 2190 2119 est supra. Vnde errant qui in talibus maxime in diuinis exquisitam quaerunt perscrutationem: sed
442 2101 2188 2161 sufficere debet in eis manuductio nobis proportionalis: quia in diuinis secundum exigentiam mate-
451 2156 2191 2219 riae in perscrutando procedere non possumus propter illorum excellentiam: & animarum nostrarum in-
445 2211 2185 2268 firmitatem. vt dicit Auien. is. metaphysicae suae. secundum etiam quod dicit Plato in Timaeo. tractaturus de
457 2257 2199 2331 caelestibus & diuinis. Praedico (inquit) nunc iam Socrates: si dum de natura vniuersae rei disputa-
444 2316 2193 2371 tur: minime inconcussas inexpugnabilesque rationes afferre valuerimus, ne mireris, quin potius
457 2372 2187 2430 illud intuere: si consentaneas affectiones afferam. Memento enim tam me qui loquor, quam vos qui iu
457 2421 2195 2496 dicatis, homines fore: atque in rebus ita sublimibus mediocrem explanationem magni cuiusdam es
448 2478 2192 2533 se onus laboris. Et contingit iste modus inuestigandi veritatem iuxta nostram possibilitatem: non
447 2533 2181 2588 solum circa totas scientias: sed circa principia scientiarum, quarum cognitio cum non fuerit ma-
453 2586 2189 2643 nifesta nobis, inuestiganda est diuersimode: secundum quod nobis poterit manifestari. Licet enim. ma
453 2640 2189 2698 nifestissima sint in sua natura: nobis tamen aliquando possunt esse occulta. secundum quod dicit Phi
453 2695 2182 2758 losophus. vi. Metaphysicae. Omnis scientia habet principia: aut secundum finem certitudinis, aut se-
448 2750 2181 2815 cundum perscrutationem simplicem. Et secundum quod ibi dicit antiqua translatio quaedam habent
448 2812 2184 2868 principia certiora: quaedam simpliciora. & intendit vt dicit commen. simpliciora illa quae non sunt valde certa: &
460 2853 2187 2927 ideo oportet ea quandoque notificare: non tamen vno & eodem modo: sed secundum quod facilius nobis possunt
447 2909 2185 2966 innotescere. Quia vt dicitur primo Ethicorum. quaedam contemplantur inductione. vt illa: Si ab aequalibus aequalia
462 2964 2180 3031 demas quae remanent sunt aequalia. & si aequalibus aequalia addas, tota sunt aequalia, quaedam vero contemplantur
445 3017 2185 3080 sensu. vt elementorum qualitates, calidum, frigidum, humidum, siccun, quaedam vero consuetudine qua
446 3068 2186 3131 dam, vt quae sunt virtutum moralium. alia vero experientia: vt vires medicinarum: alia vero aliter,
454 3126 2192 3187 vt potentiae naturales rerum per suos effectus. Secundum hunc igitur modum diuersimode tentandum
450 3179 2186 3243 est nobis: studendo singulorum notitiam inuestigare: secundum quod innata sunt cognosci, vel in se, vel
440 3229 2181 3324 secundum proprietatem scientiae. Maxime autem secundum dispositionem possibilitatis niae: & hoc vt non extra
