<?xml version="1.0" encoding="UTF-8" standalone="yes"?>
<PcGts xmlns="http://schema.primaresearch.org/PAGE/gts/pagecontent/2013-07-15" xmlns:xsi="http://www.w3.org/2001/XMLSchema-instance" xsi:schemaLocation="http://schema.primaresearch.org/PAGE/gts/pagecontent/2013-07-15 http://schema.primaresearch.org/PAGE/gts/pagecontent/2013-07-15/pagecontent.xsd">
    <Metadata>
        <Creator>prov=University of Rostock/Institute of Mathematics/CITlab|PLANET AI GmbH/Gundram Leifert/gundram.leifert@planet-ai.de:name=Badius1520-m1(htr_id=24007)::::v=2.6.6
prov=University of Rostock/Institute of Mathematics/CITlab|PLANET AI GmbH/Tobias Gruening/tobias.gruening@planet-ai.de:name=de.uros.citlab.module.baseline2polygon.B2PSeamMultiOriented:v=2.6.6
prov=University of Rostock/Institute of Mathematics/CITlab|PLANET AI GmbH/Tobias Gruening/tobias.gruening@planet-ai.de:name=/net_tf/LA73_249_0mod360.pb:de.uros.citlab.segmentation.CITlab_LA_ML:v=2.6.6
Transkribus</Creator>
        <Created>2020-04-14T19:21:55.629+02:00</Created>
        <LastChange>2020-05-21T03:11:13.872+02:00</LastChange>
        <TranskribusMetadata docId="369632" pageId="14425112" pageNr="21" tsid="29444940" status="DONE" userId="25065" imgUrl="https://files.transkribus.eu/Get?id=YFIDXIMDYJYJYQVYNROWQOEO&amp;fileType=view" xmlUrl="https://files.transkribus.eu/Get?id=QAPLFNUVIWYIFSWLGWJIWLHW" imageId="10388344"/>
    </Metadata>
    <Page imageFilename="20.jpg" imageWidth="2438" imageHeight="3768">
        <ReadingOrder>
            <OrderedGroup id="ro_1590187969349" caption="Regions reading order">
                <RegionRefIndexed index="0" regionRef="TextRegion_1587008960047_1461"/>
            </OrderedGroup>
        </ReadingOrder>
        <TextRegion orientation="0.0" id="TextRegion_1587008960047_1461" custom="readingOrder {index:0;}">
            <Coords points="210,314 1946,330 1953,3267 210,3267"/>
            <TextLine id="r1l4" custom="readingOrder {index:0;}">
                <Coords points="207,375 1958,397 1928,321 1814,309 687,331 208,284"/>
                <Baseline points="219,362 305,363 391,366 478,368 564,369 651,371 737,371 823,372 910,372 996,372 1083,372 1169,372 1255,372 1342,373 1428,374 1515,374 1601,374 1687,374 1774,375 1860,375 1947,377"/>
                <TextEquiv>
                    <Unicode>in absurdissimos errores apud intellectum sophisticis rationibus decepti inciderunt. Sicut Zeno, qui </Unicode>
                </TextEquiv>
            </TextLine>
            <TextLine id="r1l5" custom="readingOrder {index:1;}">
                <Coords points="207,436 1945,441 1921,387 208,375"/>
                <Baseline points="219,416 304,418 390,420 476,422 562,423 648,425 733,426 819,426 905,426 991,428 1077,428 1162,428 1248,428 1334,428 1420,426 1506,428 1591,428 1677,428 1763,428 1849,429 1935,429"/>
                <TextEquiv>
                    <Unicode>dixit quod nihil contingit moueri, &amp; quicumque dixit quod moto vno mouentur omnia. Vnde semper oportet</Unicode>
                </TextEquiv>
            </TextLine>
            <TextLine id="r1l6" custom="readingOrder {index:2;}">
                <Coords points="207,487 1945,489 1926,437 208,440"/>
                <Baseline points="219,468 304,471 390,473 476,475 562,476 648,477 733,479 819,479 905,479 991,479 1077,479 1162,479 1248,479 1334,479 1420,479 1506,479 1591,479 1677,480 1763,480 1849,481 1935,482"/>
                <TextEquiv>
                    <Unicode>credere sensui particulari non impedito, nisi alius sensus dignior in eodem alio tempore, vel in alio eodem</Unicode>
                </TextEquiv>
            </TextLine>
            <TextLine id="r1l7" custom="readingOrder {index:3;}">
                <Coords points="198,537 1945,543 1945,489 199,487"/>
                <Baseline points="210,522 296,525 382,527 468,528 555,530 641,530 727,531 813,531 900,532 986,533 1072,533 1158,533 1245,533 1331,533 1417,533 1503,533 1590,533 1676,533 1762,533 1848,534 1935,534"/>
                <TextEquiv>
                    <Unicode>tempore contradicat, vel virtus aliqua superior percipiens sensus impedimentum. Non enim sensus equae bene</Unicode>
                </TextEquiv>
            </TextLine>
            <TextLine id="r1l8" custom="readingOrder {index:4;}">
                <Coords points="212,589 1930,609 1917,542 212,533"/>
                <Baseline points="222,576 306,578 391,579 476,581 561,582 646,583 731,584 816,584 901,584 986,585 1071,585 1155,585 1240,585 1325,585 1410,585 1495,585 1580,585 1665,585 1750,585 1835,585 1920,587"/>
                <TextEquiv>
                    <Unicode>dispositi sunt in omnibus vel in eodem diuersis temporibus, &amp; ideo non aequaliter iudicio eorum credendum est</Unicode>
                </TextEquiv>
            </TextLine>
            <TextLine id="r1l9" custom="readingOrder {index:5;}">
                <Coords points="205,645 1932,654 1932,609 1830,593 205,595"/>
                <Baseline points="216,630 301,632 386,634 471,635 556,636 642,638 727,638 812,638 897,639 982,639 1068,639 1153,639 1238,639 1323,639 1408,639 1494,639 1579,639 1664,639 1749,640 1834,641 1920,641"/>
                <TextEquiv>
                    <Unicode>vt patet in sano &amp; aegro. Magis enim credendum est gustui sani quam aegri, &amp; ei qui videt aliquid de proprie</Unicode>
                </TextEquiv>
            </TextLine>
            <TextLine id="r1l10" custom="readingOrder {index:6;}">
                <Coords points="205,701 1929,700 1929,650 205,645"/>
                <Baseline points="216,683 301,684 386,686 471,688 556,689 641,690 726,691 812,692 897,692 982,692 1067,692 1152,692 1237,692 1322,692 1408,692 1493,692 1578,692 1663,692 1748,692 1833,693 1919,693"/>
                <TextEquiv>
                    <Unicode>quam qui videt de longe: &amp; ei qui videt aliquid per medium vniforme quam ei qui videt per medium non vni-</Unicode>
                </TextEquiv>
            </TextLine>
            <TextLine id="r1l11" custom="readingOrder {index:7;}">
                <Coords points="205,749 1936,765 1936,700 205,701"/>
                <Baseline points="216,735 301,737 387,740 472,741 558,743 643,743 729,744 814,744 900,744 985,746 1071,746 1156,744 1242,744 1327,744 1413,744 1498,744 1584,744 1669,744 1755,744 1840,746 1926,746"/>
                <TextEquiv>
                    <Unicode>forme, &amp; sic de caeteris huiusmodi dispositionibus. ⁋ Ad tertium quod idem saepius apparet diuersimode eidem</Unicode>
                </TextEquiv>
            </TextLine>
            <TextLine id="r1l12" custom="readingOrder {index:8;}">
                <Coords points="209,803 1938,824 1938,766 1804,753 209,751"/>
                <Baseline points="219,789 304,791 389,792 475,794 560,795 645,796 731,797 816,797 901,797 987,798 1072,798 1157,798 1243,798 1328,798 1413,797 1499,797 1584,798 1669,798 1755,798 1840,798 1926,800"/>
                <TextEquiv>
                    <Unicode>vel diuersis: Dicendum quod non sequitur ex hoc quod nulli sensui credendum est: quia vt dictum est in quo </Unicode>
                </TextEquiv>
            </TextLine>
            <TextLine id="r1l13" custom="readingOrder {index:9;}">
                <Coords points="206,857 1946,873 1946,828 1844,808 206,805"/>
                <Baseline points="216,840 306,843 396,846 487,848 577,849 668,849 758,849 849,851 939,851 1030,851 1120,851 1211,851 1301,851 1392,851 1482,851 1573,851 1663,851 1754,852 1844,852 1935,854"/>
                <TextEquiv>
                    <Unicode>vnus fallitur alter frequenter verum dicit: vel in quo idem fallitur in vna dispositione: verum dicit in alia. &amp; sic pa</Unicode>
                </TextEquiv>
            </TextLine>
            <TextLine id="r1l14" custom="readingOrder {index:10;}">
                <Coords points="208,911 1942,930 1942,865 209,861"/>
                <Baseline points="219,894 304,896 390,899 475,900 561,902 647,902 732,903 818,903 904,903 989,903 1075,903 1161,903 1246,903 1332,902 1418,902 1503,902 1589,903 1675,903 1760,905 1846,905 1932,906"/>
                <TextEquiv>
                    <Unicode>tet quo deficiebat ratio Democriti. Licet ei sensibilia habent diuersam dispositionem apud sensum, aliquid tamen</Unicode>
                </TextEquiv>
            </TextLine>
            <TextLine id="r1l15" custom="readingOrder {index:11;}">
                <Coords points="206,960 1944,978 1944,926 1754,912 206,913"/>
                <Baseline points="216,948 301,950 387,953 473,954 559,954 645,956 730,956 816,957 902,957 988,957 1074,957 1159,957 1245,957 1331,957 1417,957 1503,957 1588,957 1674,957 1760,957 1846,959 1932,959"/>
                <TextEquiv>
                    <Unicode>determinate percipitur per sensum non deceptum in hora in quae non decipitur. Et non solum differunt sensationes pe</Unicode>
                </TextEquiv>
            </TextLine>
            <TextLine id="r1l16" custom="readingOrder {index:12;}">
                <Coords points="208,1012 1922,1021 1922,978 1768,964 208,965"/>
                <Baseline points="218,1002 302,1004 387,1005 471,1007 556,1008 641,1008 725,1010 810,1010 895,1010 979,1010 1064,1011 1149,1011 1233,1011 1318,1011 1403,1011 1487,1011 1572,1011 1657,1011 1741,1011 1826,1011 1911,1011"/>
                <TextEquiv>
                    <Unicode>nes paucitatem &amp; multitudinem sensibilium, sed secundum dignitatem maiorem &amp; minorem sensuum in sentiendo. </Unicode>
                </TextEquiv>
            </TextLine>
            <TextLine id="r1l17" custom="readingOrder {index:13;}">
                <Coords points="206,1071 1926,1073 1913,1021 206,1021"/>
                <Baseline points="216,1055 301,1058 386,1059 471,1060 556,1061 641,1062 726,1062 811,1064 896,1064 981,1064 1066,1064 1151,1064 1236,1064 1321,1064 1406,1064 1491,1064 1576,1064 1661,1064 1746,1064 1831,1064 1916,1065"/>
                <TextEquiv>
                    <Unicode>Similiter patet defectus rationis Aca. Non ei verum est dictum eorum quod nihil percipitur determinate per signa, &amp; quod non</Unicode>
                </TextEquiv>
            </TextLine>
            <TextLine id="r1l18" custom="readingOrder {index:14;}">
                <Coords points="217,1120 1929,1131 1903,1073 218,1066"/>
                <Baseline points="228,1107 312,1110 397,1112 481,1113 566,1115 650,1115 735,1116 819,1116 904,1116 988,1116 1073,1116 1158,1116 1242,1116 1327,1116 1411,1116 1496,1116 1580,1116 1665,1115 1749,1116 1834,1116 1919,1116"/>
                <TextEquiv>
                    <Unicode>verificant de re: immo signa quae sunt propria sensibilia alicuius sensus, id quod sunt ostendunt sen</Unicode>
                </TextEquiv>
            </TextLine>
            <TextLine id="r1l19" custom="readingOrder {index:15;}">
                <Coords points="204,1174 1935,1185 1935,1127 204,1120"/>
                <Baseline points="216,1164 301,1165 386,1166 472,1167 557,1167 643,1169 728,1169 814,1169 899,1169 985,1169 1070,1170 1155,1170 1241,1170 1326,1170 1412,1170 1497,1170 1583,1170 1668,1170 1754,1170 1839,1170 1925,1170"/>
                <TextEquiv>
                    <Unicode>sui proprio non decepto nec impedito, &amp; in determinatam notitiam veritatis rei possunt intellectum in- </Unicode>
                </TextEquiv>
            </TextLine>
            <TextLine id="r1l20" custom="readingOrder {index:16;}">
                <Coords points="209,1241 1827,1245 1927,1230 1927,1174 209,1178"/>
                <Baseline points="219,1217 303,1218 388,1220 473,1220 558,1221 643,1221 728,1223 812,1223 897,1223 982,1223 1067,1223 1152,1223 1237,1223 1322,1223 1406,1223 1491,1223 1576,1223 1661,1223 1746,1223 1831,1223 1916,1224"/>
                <TextEquiv>
                    <Unicode>ducere. Vnde &amp; ipsimet solliciti erant in inquirendo veritatem per huiusmodi signa magis quam alii: li-</Unicode>
                </TextEquiv>
            </TextLine>
            <TextLine id="r1l21" custom="readingOrder {index:17;}">
                <Coords points="203,1280 1939,1300 1939,1229 203,1234"/>
                <Baseline points="215,1271 300,1271 386,1272 471,1274 557,1274 643,1274 728,1275 814,1275 900,1275 985,1275 1071,1275 1157,1275 1242,1275 1328,1275 1414,1275 1499,1275 1585,1275 1671,1275 1756,1275 1842,1275 1928,1275"/>
                <TextEquiv>
                    <Unicode>cet aestimatio eorum esset quod veritatem numquam possent inuenire: &amp; erat aestimatio eorum similis in hoc ei quod </Unicode>
                </TextEquiv>
            </TextLine>
            <TextLine id="r1l22" custom="readingOrder {index:18;}">
                <Coords points="208,1340 1939,1342 1842,1284 208,1282"/>
                <Baseline points="219,1325 304,1325 390,1326 475,1328 561,1328 646,1328 732,1329 817,1329 903,1329 988,1329 1074,1329 1159,1329 1245,1329 1330,1329 1416,1329 1501,1329 1587,1328 1672,1328 1758,1328 1843,1328 1929,1328"/>
                <TextEquiv>
                    <Unicode>currere aliquem ad apprehendendum aliquid quod nunquam apprehendet. Sicut improperat eis Philosophus iii. Meta</Unicode>
                </TextEquiv>
            </TextLine>
            <TextLine id="r1l23" custom="readingOrder {index:19;}">
                <Coords points="207,1399 1910,1402 1928,1339 207,1347"/>
                <Baseline points="218,1379 302,1380 387,1380 472,1380 557,1380 642,1382 727,1382 812,1382 897,1382 982,1382 1067,1383 1151,1383 1236,1383 1321,1383 1406,1383 1491,1383 1576,1383 1661,1382 1746,1382 1831,1382 1916,1382"/>
                <TextEquiv>
                    <Unicode>physicae. Caetera vero pertinentia ad eorum opinionem amplius declarabuntur in quaestione proxima sequen</Unicode>
                </TextEquiv>
            </TextLine>
            <TextLine id="r1l24" custom="readingOrder {index:20;}">
                <Coords points="223,1440 1939,1446 1892,1388 223,1399"/>
                <Baseline points="234,1430 318,1431 403,1433 488,1433 573,1434 657,1434 742,1436 827,1436 912,1436 996,1436 1081,1436 1166,1436 1251,1436 1335,1436 1420,1436 1505,1436 1590,1436 1674,1436 1759,1436 1844,1436 1929,1436"/>
                <TextEquiv>
                    <Unicode>ti. Per idem patet falsum esse quod assumpsit Amphratagus quod res sequuntur sensuum apparentias, quoniam sen</Unicode>
                </TextEquiv>
            </TextLine>
            <TextLine id="r1l25" custom="readingOrder {index:21;}">
                <Coords points="223,1494 1922,1500 1922,1442 223,1440"/>
                <Baseline points="234,1482 317,1484 401,1485 485,1487 569,1488 653,1488 737,1490 820,1490 904,1490 988,1490 1072,1490 1156,1490 1240,1490 1324,1488 1407,1488 1491,1488 1575,1488 1659,1488 1743,1488 1827,1487 1911,1487"/>
                <TextEquiv>
                    <Unicode>sus siue verus siue deceptus non potest sumi nisi a re: quia sensus est virtus passiua. Vnde &amp; quamuis</Unicode>
                </TextEquiv>
            </TextLine>
            <TextLine id="r1l26" custom="readingOrder {index:22;}">
                <Coords points="207,1554 1925,1551 1910,1497 207,1496"/>
                <Baseline points="218,1538 302,1538 387,1539 472,1539 557,1539 642,1541 726,1541 811,1541 896,1541 981,1542 1066,1542 1150,1542 1235,1542 1320,1542 1405,1542 1490,1542 1574,1542 1659,1542 1744,1541 1829,1541 1914,1541"/>
                <TextEquiv>
                    <Unicode>idem diuersimode apparet eidem vel diuersis, hoc non est nisi propter deceptionem vel impedi-</Unicode>
                </TextEquiv>
            </TextLine>
            <TextLine id="r1l27" custom="readingOrder {index:23;}">
                <Coords points="213,1602 1936,1609 1936,1548 213,1554"/>
                <Baseline points="224,1590 309,1592 394,1592 479,1593 564,1593 649,1595 734,1595 819,1595 904,1595 989,1595 1074,1596 1159,1595 1244,1595 1329,1595 1414,1595 1499,1595 1584,1595 1669,1593 1754,1593 1839,1592 1925,1592"/>
                <TextEquiv>
                    <Unicode>mentum alicuius sensus cui non oportet credere in hoc: nec tamen propter hoc dicendum est quod nulli</Unicode>
                </TextEquiv>
            </TextLine>
            <TextLine id="r1l28" custom="readingOrder {index:24;}">
                <Coords points="220,1656 1936,1654 1882,1602 220,1599"/>
                <Baseline points="231,1646 315,1646 400,1646 485,1647 570,1647 654,1647 739,1647 824,1647 909,1647 993,1649 1078,1649 1163,1649 1248,1649 1332,1647 1417,1647 1502,1647 1587,1647 1671,1647 1756,1647 1841,1646 1926,1646"/>
                <TextEquiv>
                    <Unicode>sensui credendum est. Sensui enim non decepto omnino oportet credere: &amp; quis sit talis maxime habet</Unicode>
                </TextEquiv>
            </TextLine>
            <TextLine id="r1l29" custom="readingOrder {index:25;}">
                <Coords points="209,1710 1802,1725 1928,1710 1928,1656 209,1658"/>
                <Baseline points="221,1697 305,1697 390,1698 475,1699 560,1700 645,1700 729,1701 814,1701 899,1701 984,1701 1069,1701 1153,1701 1238,1701 1323,1701 1408,1701 1493,1701 1577,1701 1662,1701 1747,1700 1832,1700 1917,1700"/>
                <TextEquiv>
                    <Unicode>iudicare intellectus ex pluribus experimentationibus praehabitis circa illa in quibus sensus potest decipi vel</Unicode>
                </TextEquiv>
            </TextLine>
            <TextLine id="r1l30" custom="readingOrder {index:26;}">
                <Coords points="215,1768 1931,1763 1931,1709 1874,1707 215,1705"/>
                <Baseline points="225,1751 309,1752 394,1752 479,1754 564,1754 648,1754 733,1754 818,1754 903,1755 987,1755 1072,1755 1157,1755 1242,1755 1326,1755 1411,1754 1496,1754 1581,1754 1665,1754 1750,1754 1835,1754 1920,1754"/>
                <TextEquiv>
                    <Unicode>impediri. ⁋ Ad quartum quod omnia sensibilia sunt in continua transmutatione: dicendum quod Heraclitiani</Unicode>
                </TextEquiv>
            </TextLine>
            <TextLine id="r1l31" custom="readingOrder {index:27;}">
                <Coords points="211,1818 1927,1825 1910,1760 211,1768"/>
                <Baseline points="222,1803 306,1805 391,1805 476,1806 561,1806 645,1806 730,1808 815,1808 900,1808 984,1808 1069,1808 1154,1808 1239,1808 1323,1808 1408,1808 1493,1808 1578,1808 1662,1808 1747,1808 1832,1806 1917,1806"/>
                <TextEquiv>
                    <Unicode>quorum illa fuit ratio solum sensibilia credebant esse entia: &amp; erat error omnium philosophantium,</Unicode>
                </TextEquiv>
            </TextLine>
            <TextLine id="r1l32" custom="readingOrder {index:28;}">
                <Coords points="224,1872 1936,1870 1854,1812 224,1822"/>
                <Baseline points="234,1857 318,1857 403,1859 487,1859 572,1860 657,1860 741,1860 826,1862 910,1862 995,1862 1080,1862 1164,1862 1249,1862 1333,1860 1418,1860 1503,1860 1587,1860 1672,1859 1756,1859 1841,1859 1926,1859"/>
                <TextEquiv>
                    <Unicode>vsque ad tempora ltalicorum, qui vnanimiter negabant scientiam esse propter mutabilitatem rerum sensi-</Unicode>
                </TextEquiv>
            </TextLine>
            <TextLine id="r1l33" custom="readingOrder {index:29;}">
                <Coords points="207,1925 1936,1924 1904,1866 207,1863"/>
                <Baseline points="218,1910 303,1911 388,1911 474,1913 559,1913 644,1913 730,1913 815,1913 900,1913 986,1913 1071,1913 1156,1913 1242,1913 1327,1913 1412,1911 1498,1911 1583,1911 1668,1911 1754,1911 1839,1910 1925,1910"/>
                <TextEquiv>
                    <Unicode>bilium naturalium. Quorum errorem percipientes posteriores philosophi ponebant scientiam esse, &amp; ali-</Unicode>
                </TextEquiv>
            </TextLine>
            <TextLine id="r1l34" custom="readingOrder {index:30;}">
                <Coords points="222,1979 1934,1989 1934,1913 222,1923"/>
                <Baseline points="233,1964 317,1964 402,1965 486,1965 571,1965 655,1965 740,1965 824,1965 909,1965 993,1965 1078,1964 1162,1964 1247,1964 1331,1964 1416,1964 1500,1963 1585,1962 1669,1962 1754,1962 1838,1962 1923,1962"/>
                <TextEquiv>
                    <Unicode>quid posse sciri in rebus sensibilibus naturalibus. Sed in modo sciendi &amp; acquirendi scientiam diuersi-</Unicode>
                </TextEquiv>
            </TextLine>
            <TextLine id="r1l35" custom="readingOrder {index:31;}">
                <Coords points="206,2033 1938,2020 1788,1969 206,1973"/>
                <Baseline points="218,2018 303,2018 388,2018 474,2018 559,2019 645,2019 730,2018 815,2018 901,2018 986,2018 1072,2018 1157,2016 1242,2016 1328,2016 1413,2016 1499,2015 1584,2015 1669,2015 1755,2015 1840,2015 1926,2015"/>
                <TextEquiv>
                    <Unicode>ficati sunt. Pythagoras enim primus ltalicorum credens cum praecedentibus quod de rebus naturalibus pro</Unicode>
                </TextEquiv>
            </TextLine>
            <TextLine id="r1l36" custom="readingOrder {index:32;}">
                <Coords points="216,2091 1852,2091 1936,2076 1936,2024 216,2033"/>
                <Baseline points="227,2070 311,2072 396,2072 481,2072 566,2072 651,2072 736,2072 821,2072 906,2072 991,2070 1076,2070 1160,2069 1245,2069 1330,2069 1415,2067 1500,2067 1585,2067 1670,2067 1755,2067 1840,2067 1925,2067"/>
                <TextEquiv>
                    <Unicode>pter earum transmutationem ex eis ipsis non posset haberi scientia: vt tamen saluaret aliquo modo scientiam</Unicode>
                </TextEquiv>
            </TextLine>
            <TextLine id="r1l37" custom="readingOrder {index:33;}">
                <Coords points="203,2139 1846,2145 1930,2134 1930,2078 203,2096"/>
                <Baseline points="215,2126 300,2126 385,2126 470,2126 556,2126 641,2126 726,2126 811,2124 897,2124 982,2124 1067,2123 1152,2123 1238,2122 1323,2121 1408,2121 1493,2121 1579,2121 1664,2121 1749,2121 1834,2121 1920,2121"/>
                <TextEquiv>
                    <Unicode>rerum naturalium, mathematica induxit in naturalibus, ponendo ipsa principia &amp; causas rerum naturalium</Unicode>
                </TextEquiv>
            </TextLine>
            <TextLine id="r1l38" custom="readingOrder {index:34;}">
                <Coords points="208,2191 1790,2197 1928,2186 1928,2134 208,2135"/>
                <Baseline points="218,2177 307,2178 396,2178 486,2178 575,2178 665,2178 754,2178 843,2178 933,2177 1022,2177 1112,2175 1201,2175 1291,2175 1380,2174 1469,2174 1559,2174 1648,2174 1738,2174 1827,2175 1917,2175"/>
                <TextEquiv>
                    <Unicode>tam in esse quam in cognitione: eo quod per abstractionem suam a materia sensibili &amp; transmutabili quodam</Unicode>
                </TextEquiv>
            </TextLine>
            <TextLine id="r1l39" custom="readingOrder {index:35;}">
                <Coords points="216,2238 1930,2242 1915,2184 216,2189"/>
                <Baseline points="227,2229 311,2231 396,2231 480,2231 565,2231 650,2231 734,2231 819,2231 903,2231 988,2229 1073,2229 1157,2229 1242,2228 1326,2228 1411,2228 1496,2228 1580,2226 1665,2226 1749,2228 1834,2228 1919,2228"/>
                <TextEquiv>
                    <Unicode>modo sunt intransmutabilia. Plato autem posterior Pythagora videns mathematica secundum rem inesse</Unicode>
                </TextEquiv>
            </TextLine>
            <TextLine id="r1l40" custom="readingOrder {index:36;}">
                <Coords points="207,2297 1928,2286 1914,2236 207,2254"/>
                <Baseline points="218,2283 302,2283 387,2283 472,2283 557,2283 642,2283 727,2283 812,2283 897,2282 982,2282 1067,2282 1151,2282 1236,2282 1321,2280 1406,2280 1491,2280 1576,2280 1661,2280 1746,2280 1831,2279 1916,2279"/>
                <TextEquiv>
                    <Unicode>naturalibus, &amp; ideo realiter mutari cum naturalibus quantumcumque abstrahantur ab eis: nec per mathemati-</Unicode>
                </TextEquiv>
            </TextLine>
            <TextLine id="r1l41" custom="readingOrder {index:37;}">
                <Coords points="211,2357 1799,2359 1933,2341 1933,2289 211,2295"/>
                <Baseline points="221,2337 306,2337 391,2337 476,2337 561,2337 646,2337 731,2336 816,2336 901,2336 986,2334 1071,2334 1156,2334 1241,2334 1326,2333 1411,2333 1496,2333 1581,2333 1666,2333 1751,2333 1836,2333 1922,2333"/>
                <TextEquiv>
                    <Unicode>ca de naturalibus fixam posse haberi scientiam: posuit formas ideales causas &amp; principia rerum naturalium</Unicode>
                </TextEquiv>
            </TextLine>
            <TextLine id="r1l42" custom="readingOrder {index:38;}">
                <Coords points="223,2404 1710,2408 1907,2401 1928,2345 223,2350"/>
                <Baseline points="233,2390 317,2391 401,2391 485,2391 569,2391 654,2390 738,2390 822,2390 906,2390 990,2388 1075,2388 1159,2387 1243,2387 1327,2387 1411,2385 1496,2385 1580,2385 1664,2385 1748,2385 1832,2385 1917,2385"/>
                <TextEquiv>
                    <Unicode>tam in esse quam in cognitione, &amp; omnino separatas ab eis &amp; absque omni transmutatione: vt sic per illas de trans</Unicode>
                </TextEquiv>
            </TextLine>
            <TextLine id="r1l43" custom="readingOrder {index:39;}">
                <Coords points="208,2459 1902,2462 1937,2394 208,2409"/>
                <Baseline points="218,2444 303,2444 388,2444 474,2444 559,2444 645,2444 730,2444 815,2442 901,2442 986,2441 1072,2441 1157,2441 1242,2439 1328,2439 1413,2439 1499,2438 1584,2438 1669,2438 1755,2438 1840,2439 1926,2439"/>
                <TextEquiv>
                    <Unicode>mutabilibus intransmutabilis possit esse scientia. ⁋ Aristoteles autem videns quod res nec habet esse nec</Unicode>
                </TextEquiv>
            </TextLine>
            <TextLine id="r1l44" custom="readingOrder {index:40;}">
                <Coords points="208,2510 1889,2510 1930,2460 207,2459"/>
                <Baseline points="218,2498 303,2498 388,2498 473,2498 558,2496 643,2496 728,2496 813,2495 898,2495 983,2495 1068,2494 1153,2493 1238,2493 1323,2493 1408,2492 1493,2492 1578,2492 1663,2492 1748,2492 1833,2492 1919,2492"/>
                <TextEquiv>
                    <Unicode>cognosci nisi per id quod est in re: &amp; quod singularium propter eorum transmutationem non posset esse scien</Unicode>
                </TextEquiv>
            </TextLine>
            <TextLine id="r1l45" custom="readingOrder {index:41;}">
                <Coords points="211,2562 1910,2564 1936,2501 211,2513"/>
                <Baseline points="221,2550 306,2550 391,2550 476,2550 561,2549 647,2549 732,2549 817,2549 902,2547 987,2547 1073,2547 1158,2547 1243,2547 1328,2546 1413,2546 1499,2546 1584,2546 1669,2544 1754,2544 1839,2544 1925,2544"/>
                <TextEquiv>
                    <Unicode>tia ex seipsis, posuit vniuersalia generae. scilicet &amp; species abstrahi per intellectum a singularibus, in quibus habent</Unicode>
                </TextEquiv>
            </TextLine>
            <TextLine id="r1l46" custom="readingOrder {index:42;}">
                <Coords points="209,2610 1901,2617 1938,2561 209,2573"/>
                <Baseline points="219,2604 304,2604 389,2604 475,2603 560,2603 646,2603 731,2601 817,2601 902,2601 988,2601 1073,2600 1158,2600 1244,2600 1329,2600 1415,2598 1500,2598 1586,2598 1671,2598 1757,2597 1842,2597 1928,2595"/>
                <TextEquiv>
                    <Unicode>esse secundum veritatem. Vniuersale enim est vnum in multis &amp; de multis, quae licet vt in singularibus sunt</Unicode>
                </TextEquiv>
            </TextLine>
            <TextLine id="r1l47" custom="readingOrder {index:43;}">
                <Coords points="213,2664 1936,2659 1869,2605 213,2612"/>
                <Baseline points="224,2657 309,2657 394,2657 479,2655 564,2655 649,2655 734,2655 819,2654 904,2654 989,2654 1074,2654 1159,2652 1244,2652 1329,2651 1414,2651 1499,2651 1584,2650 1669,2649 1754,2649 1839,2648 1925,2648"/>
                <TextEquiv>
                    <Unicode>sunt transmutabilia: vt tamen sunt in intellectu: sunt intransmutabilia. &amp; secundum hoc de rebus naturalibus</Unicode>
                </TextEquiv>
            </TextLine>
            <TextLine id="r1l48" custom="readingOrder {index:44;}">
                <Coords points="199,2720 1926,2712 1826,2656 199,2664"/>
                <Baseline points="210,2709 295,2709 380,2709 465,2709 551,2709 636,2709 721,2709 807,2708 892,2708 977,2708 1063,2706 1148,2706 1233,2706 1318,2705 1404,2705 1489,2705 1574,2703 1660,2703 1745,2703 1830,2702 1916,2702"/>
                <TextEquiv>
                    <Unicode>sensibilibus, particularibus, transmutabilibus per eorum vniuersalia existentia apud intellectum posuit fixam habe</Unicode>
                </TextEquiv>
            </TextLine>
            <TextLine id="r1l49" custom="readingOrder {index:45;}">
                <Coords points="207,2774 1934,2780 1934,2711 207,2718"/>
                <Baseline points="218,2763 303,2763 388,2763 473,2763 558,2763 644,2762 729,2762 814,2762 899,2760 984,2760 1070,2760 1155,2759 1240,2759 1325,2757 1410,2757 1496,2757 1581,2757 1666,2756 1751,2756 1836,2756 1922,2756"/>
                <TextEquiv>
                    <Unicode>ri scientiam. Augustinus autem philosophia Platonis imbutus siqua inuenit in ea fidei accommoda in scriptis</Unicode>
                </TextEquiv>
            </TextLine>
            <TextLine id="r1l50" custom="readingOrder {index:46;}">
                <Coords points="208,2828 1926,2825 1896,2762 208,2774"/>
                <Baseline points="219,2817 303,2817 388,2816 473,2816 558,2816 643,2814 728,2814 812,2814 897,2813 982,2813 1067,2813 1152,2811 1237,2811 1322,2811 1406,2810 1491,2810 1576,2810 1661,2810 1746,2808 1831,2808 1916,2808"/>
                <TextEquiv>
                    <Unicode>suis assumpsit, quae vero inuenit fidei aduersa, quantum potuit in melius interptatus est. Et ideo cum vt dicit in </Unicode>
                </TextEquiv>
            </TextLine>
            <TextLine id="r1l51" custom="readingOrder {index:47;}">
                <Coords points="214,2880 1921,2878 1888,2816 214,2828"/>
                <Baseline points="224,2870 308,2870 392,2870 476,2870 561,2868 645,2868 729,2868 814,2868 898,2867 982,2867 1067,2867 1151,2865 1235,2865 1319,2864 1404,2864 1488,2864 1572,2862 1657,2862 1741,2862 1825,2861 1910,2861"/>
                <TextEquiv>
                    <Unicode>l. lxxxiii, q. xliiii, q. sacrilegium videbatur esse opinari ideas rerum poni extra diuinam mentem, quas ipsa intue</Unicode>
                </TextEquiv>
            </TextLine>
            <TextLine id="r1l52" custom="readingOrder {index:48;}">
                <Coords points="209,2938 1940,2945 1940,2874 208,2882"/>
                <Baseline points="219,2922 304,2922 389,2922 475,2921 560,2921 646,2921 731,2921 817,2921 902,2919 988,2919 1073,2919 1158,2918 1244,2918 1329,2918 1415,2916 1500,2916 1586,2916 1671,2916 1757,2915 1842,2915 1928,2915"/>
                <TextEquiv>
                    <Unicode>retur ad constituendum quae constituebat: quod tamen Aristo. Platoni imposuit: dixit Platonem eas posuisse in diui</Unicode>
                </TextEquiv>
            </TextLine>
            <TextLine id="r1l53" custom="readingOrder {index:49;}">
                <Coords points="210,2984 1935,2984 1883,2923 210,2932"/>
                <Baseline points="221,2975 306,2975 391,2973 476,2973 561,2973 647,2973 732,2973 817,2973 902,2973 987,2972 1073,2972 1158,2972 1243,2972 1328,2972 1413,2972 1499,2970 1584,2970 1669,2969 1754,2969 1839,2967 1925,2966"/>
                <TextEquiv>
                    <Unicode>na intelligentia &amp; ibi subsistere: secundum quod dicit. viii. de ci. dei. c. iiii. Quid in eis Plato senserit. id est vbi finem omnium </Unicode>
                </TextEquiv>
            </TextLine>
            <TextLine id="r1l54" custom="readingOrder {index:50;}">
                <Coords points="211,3042 1936,3034 1910,2978 211,2984"/>
                <Baseline points="221,3029 306,3027 391,3027 476,3027 561,3027 647,3027 732,3027 817,3026 902,3026 987,3026 1073,3026 1158,3024 1243,3024 1328,3024 1413,3023 1499,3023 1584,3023 1669,3021 1754,3021 1839,3020 1925,3020"/>
                <TextEquiv>
                    <Unicode>actionum, vbi causam omnium naturarm, vbi lumen omnium rationum esse cognouerit vel crediderit, temere affir</Unicode>
                </TextEquiv>
            </TextLine>
            <TextLine id="r1l55" custom="readingOrder {index:51;}">
                <Coords points="201,3094 1930,3083 1888,3029 200,3038"/>
                <Baseline points="212,3080 297,3080 382,3080 468,3080 553,3080 638,3080 724,3078 809,3078 894,3078 980,3078 1065,3078 1150,3078 1236,3077 1321,3077 1406,3077 1492,3077 1577,3075 1662,3075 1748,3074 1833,3074 1919,3072"/>
                <TextEquiv>
                    <Unicode>mandum esse non arbitror. fortassis enim quam prae caeteris Platonem fama celebriore laudant, aliquid tale de deo sen</Unicode>
                </TextEquiv>
            </TextLine>
            <TextLine id="r1l56" custom="readingOrder {index:52;}">
                <Coords points="207,3148 1919,3149 1934,3082 207,3094"/>
                <Baseline points="218,3134 303,3134 388,3132 473,3132 558,3132 644,3132 729,3132 814,3132 899,3131 984,3131 1070,3131 1155,3131 1240,3131 1325,3131 1410,3129 1496,3129 1581,3128 1666,3128 1751,3126 1836,3125 1922,3123"/>
                <TextEquiv>
                    <Unicode>tiunt vt in illo inueniatur &amp; causa subsistendi, &amp; ratio intelligendi, &amp; ordo viuendi. Vnde Augustinus sanius interpretans di</Unicode>
                </TextEquiv>
            </TextLine>
            <TextLine id="r1l57" custom="readingOrder {index:53;}">
                <Coords points="205,3204 1900,3201 1930,3140 205,3150"/>
                <Baseline points="215,3188 300,3188 385,3186 470,3186 555,3186 641,3186 726,3186 811,3185 896,3185 981,3185 1067,3185 1152,3185 1237,3185 1322,3183 1407,3183 1493,3183 1578,3182 1663,3182 1748,3180 1833,3179 1919,3177"/>
                <TextEquiv>
                    <Unicode>cta Platonis quam Aristo. ponit principia certae scientiae &amp; cognitionis veritatis consistere in regulis siue ra</Unicode>
                </TextEquiv>
            </TextLine>
            <TextLine id="r1l58" custom="readingOrder {index:54;}">
                <Coords points="202,3276 1735,3234 1951,3274 1933,3186 202,3204"/>
                <Baseline points="212,3245 298,3243 384,3242 471,3240 557,3240 644,3239 730,3239 816,3239 903,3239 989,3239 1076,3239 1162,3239 1248,3239 1335,3239 1421,3239 1508,3239 1594,3237 1680,3236 1767,3236 1853,3233 1940,3231"/>
                <TextEquiv>
                    <Unicode>tionibus aeternis incommutabilibus existentibus in deo: quarum participatione per intellectualem cognitionem</Unicode>
                </TextEquiv>
            </TextLine>
            <TextEquiv>
                <Unicode>in absurdissimos errores apud intellectum sophisticis rationibus decepti inciderunt. Sicut Zeno, qui 
dixit quod nihil contingit moueri, &amp; quicumque dixit quod moto vno mouentur omnia. Vnde semper oportet
credere sensui particulari non impedito, nisi alius sensus dignior in eodem alio tempore, vel in alio eodem
tempore contradicat, vel virtus aliqua superior percipiens sensus impedimentum. Non enim sensus equae bene
dispositi sunt in omnibus vel in eodem diuersis temporibus, &amp; ideo non aequaliter iudicio eorum credendum est
vt patet in sano &amp; aegro. Magis enim credendum est gustui sani quam aegri, &amp; ei qui videt aliquid de proprie
quam qui videt de longe: &amp; ei qui videt aliquid per medium vniforme quam ei qui videt per medium non vni-
forme, &amp; sic de caeteris huiusmodi dispositionibus. ⁋ Ad tertium quod idem saepius apparet diuersimode eidem
vel diuersis: Dicendum quod non sequitur ex hoc quod nulli sensui credendum est: quia vt dictum est in quo 
vnus fallitur alter frequenter verum dicit: vel in quo idem fallitur in vna dispositione: verum dicit in alia. &amp; sic pa
tet quo deficiebat ratio Democriti. Licet ei sensibilia habent diuersam dispositionem apud sensum, aliquid tamen
determinate percipitur per sensum non deceptum in hora in quae non decipitur. Et non solum differunt sensationes pe
nes paucitatem &amp; multitudinem sensibilium, sed secundum dignitatem maiorem &amp; minorem sensuum in sentiendo. 
Similiter patet defectus rationis Aca. Non ei verum est dictum eorum quod nihil percipitur determinate per signa, &amp; quod non
verificant de re: immo signa quae sunt propria sensibilia alicuius sensus, id quod sunt ostendunt sen
sui proprio non decepto nec impedito, &amp; in determinatam notitiam veritatis rei possunt intellectum in- 
ducere. Vnde &amp; ipsimet solliciti erant in inquirendo veritatem per huiusmodi signa magis quam alii: li-
cet aestimatio eorum esset quod veritatem numquam possent inuenire: &amp; erat aestimatio eorum similis in hoc ei quod 
currere aliquem ad apprehendendum aliquid quod nunquam apprehendet. Sicut improperat eis Philosophus iii. Meta
physicae. Caetera vero pertinentia ad eorum opinionem amplius declarabuntur in quaestione proxima sequen
ti. Per idem patet falsum esse quod assumpsit Amphratagus quod res sequuntur sensuum apparentias, quoniam sen
sus siue verus siue deceptus non potest sumi nisi a re: quia sensus est virtus passiua. Vnde &amp; quamuis
idem diuersimode apparet eidem vel diuersis, hoc non est nisi propter deceptionem vel impedi-
mentum alicuius sensus cui non oportet credere in hoc: nec tamen propter hoc dicendum est quod nulli
sensui credendum est. Sensui enim non decepto omnino oportet credere: &amp; quis sit talis maxime habet
iudicare intellectus ex pluribus experimentationibus praehabitis circa illa in quibus sensus potest decipi vel
impediri. ⁋ Ad quartum quod omnia sensibilia sunt in continua transmutatione: dicendum quod Heraclitiani
quorum illa fuit ratio solum sensibilia credebant esse entia: &amp; erat error omnium philosophantium,
vsque ad tempora ltalicorum, qui vnanimiter negabant scientiam esse propter mutabilitatem rerum sensi-
bilium naturalium. Quorum errorem percipientes posteriores philosophi ponebant scientiam esse, &amp; ali-
quid posse sciri in rebus sensibilibus naturalibus. Sed in modo sciendi &amp; acquirendi scientiam diuersi-
ficati sunt. Pythagoras enim primus ltalicorum credens cum praecedentibus quod de rebus naturalibus pro
pter earum transmutationem ex eis ipsis non posset haberi scientia: vt tamen saluaret aliquo modo scientiam
rerum naturalium, mathematica induxit in naturalibus, ponendo ipsa principia &amp; causas rerum naturalium
tam in esse quam in cognitione: eo quod per abstractionem suam a materia sensibili &amp; transmutabili quodam
modo sunt intransmutabilia. Plato autem posterior Pythagora videns mathematica secundum rem inesse
naturalibus, &amp; ideo realiter mutari cum naturalibus quantumcumque abstrahantur ab eis: nec per mathemati-
ca de naturalibus fixam posse haberi scientiam: posuit formas ideales causas &amp; principia rerum naturalium
tam in esse quam in cognitione, &amp; omnino separatas ab eis &amp; absque omni transmutatione: vt sic per illas de trans
mutabilibus intransmutabilis possit esse scientia. ⁋ Aristoteles autem videns quod res nec habet esse nec
cognosci nisi per id quod est in re: &amp; quod singularium propter eorum transmutationem non posset esse scien
tia ex seipsis, posuit vniuersalia generae. scilicet &amp; species abstrahi per intellectum a singularibus, in quibus habent
esse secundum veritatem. Vniuersale enim est vnum in multis &amp; de multis, quae licet vt in singularibus sunt
sunt transmutabilia: vt tamen sunt in intellectu: sunt intransmutabilia. &amp; secundum hoc de rebus naturalibus
sensibilibus, particularibus, transmutabilibus per eorum vniuersalia existentia apud intellectum posuit fixam habe
ri scientiam. Augustinus autem philosophia Platonis imbutus siqua inuenit in ea fidei accommoda in scriptis
suis assumpsit, quae vero inuenit fidei aduersa, quantum potuit in melius interptatus est. Et ideo cum vt dicit in 
l. lxxxiii, q. xliiii, q. sacrilegium videbatur esse opinari ideas rerum poni extra diuinam mentem, quas ipsa intue
retur ad constituendum quae constituebat: quod tamen Aristo. Platoni imposuit: dixit Platonem eas posuisse in diui
na intelligentia &amp; ibi subsistere: secundum quod dicit. viii. de ci. dei. c. iiii. Quid in eis Plato senserit. id est vbi finem omnium 
actionum, vbi causam omnium naturarm, vbi lumen omnium rationum esse cognouerit vel crediderit, temere affir
mandum esse non arbitror. fortassis enim quam prae caeteris Platonem fama celebriore laudant, aliquid tale de deo sen
tiunt vt in illo inueniatur &amp; causa subsistendi, &amp; ratio intelligendi, &amp; ordo viuendi. Vnde Augustinus sanius interpretans di
cta Platonis quam Aristo. ponit principia certae scientiae &amp; cognitionis veritatis consistere in regulis siue ra
tionibus aeternis incommutabilibus existentibus in deo: quarum participatione per intellectualem cognitionem</Unicode>
            </TextEquiv>
        </TextRegion>
    </Page>
</PcGts>
