2451 3772
279 329 2010 412 plurima fiant opera: & multiplicetur super nos inquisitio eius, quod excedit opus negocii. vt dicitur. i. Ethicoi.
273 400 2012 462 ⁋ Ad primum in oppositum, quod vnumquodque natum est sciri ex suis causis: Dicendum quod verum est in
281 448 2000 506 rebus habentibus causas. Hoc dico propter scientias quae sunt de primis principiis cuiuslibet entis
286 506 2008 563 quae carent causis. Quia tamen in rebus habentibus causas: illae nobis frequenter sunt incognitae: opor
283 563 2007 621 tet praestituere nobis ordinem econtrario his quae sunt a principio: & sic melius proficere. sicut in
282 606 1997 674 his quae addiscimus, vt dicitur. i. Metaphy. Et quia nobis in diuersis diuersimode via est ad principia &
279 666 2001 724 caulas: ideo diuersus studendi modus est in diuersis scientiis: sicut & inuestigandi & addiscendi eas:
270 719 1996 788 nec solum propter nos: sed etiam propter proprietatem materiae & conditionem scientiae quandoque
281 772 1983 839 vt dictum est. ⁋ Ad secundum quod inest nobis a natura procedere a notioribus nobis: Dicendum quo
275 827 1988 887 iste modus semper debet esse principalis: sed tamen in diuersis diuersimode ex nobis notioribus mi
271 887 2004 944 nus nota inuestigantur, vt in moralibus ab iis quae frequenter homines agunt, in naturalibus ab
263 932 1996 992 effectibus qui apparent: & sic diuersimode in diuersis, vt dictum est circa declarationem principiorum.
264 989 1995 1054 & illa diuersitas frequenter accidit propter materiae proprietatem: & propter scientiae conditionem,
265 1033 557 1103 vt dictum est.
601 1064 1988 1155 lrca sextum arguitur, quod studendum est homini scire propter se. Primo sic. Studendum est homi
593 1146 2000 1216 ni per se propter intellectus perfectionem: & ignorantiae amotionem. sed ipso scire in
600 1203 1994 1268 tellectus perficitur: & ignorantia amouetur. ergo &c. ⁋ Secundo sic. Omnis actio or
599 1253 1996 1318 dinata ad aliquid vt ad finem vltimum, est ad illud propter ipsum finis vltimus studii hu-
591 1303 2004 1373 mani: cum studere sit actus proprius rationis, est ipsum scire: quia est vltimum in quod
585 1368 1987 1428 lmpotest ratio vt ratio est. ergo &c. ⁋ Tertio sic. ad illud studendum est propter se
573 1416 2005 1467 quod studens desiderat propter se: & propter quod acquirendum studere intendit: sci-
274 1467 2009 1534 re est huiusmodi. secundum quod dicit Philosophous. i. Metaphysicae. Scire (inquit) desiderans, propter se ma-
267 1521 2000 1588 xime scientiam desiderabit. haec autem maxime scientis est. Vnde & comnmen. addit. d.t quod Philosophi propter
277 1579 2001 1635 id quod est scire & intelligere, philosophati sunt:i & non commodi alicuius causa: & quod ideo sapientia philosophica
273 1634 1999 1699 libera est: quia est suiipsius gratia. ⁋ In contrarium est illud apostoli. i. Cor. xiii. Si habuero prophe-
268 1681 2002 1745 tiam. Glos. Futurorum notitiam. Et nouerim mysteria omnia. Glos. Occulta no. & vete. test. Et nouerim
275 1736 1990 1805 omnem scientiam. Glos. Diuinam & humanam. Charitatem autem non habuero, nihil sum. Glos. Nihil mihi pro
267 1792 1988 1854 dest ad vitam. sed ad tale non est studendum propter se. ergo &c. ⁋ Ad intellectum huius quaestionis in prin-
277 1851 1992 1911 cipio est hic aduertendum: quod cum quaeritur an studendum sit homini vt sciat propter se. i. propter
279 1902 2003 1965 ipsum scire, interrogatio potest intelligi dupliciter. vno modo, vt li propter dicat circunstantiam cau-
266 1952 1990 2008 sae formalis. alio modo vt dicat circunstantiam causae finalis. Si causae formalis: cum scientia de se for-
269 2004 2001 2066 maliter sit bona & delectabilis & desiderabilis, vt merito propter eam studeat homoi. secundum quod dicit
267 2061 2000 2119 Tullius de Academi. Nihil est humanae menti veritate dulcius. hoc modo concedi potest quod studen-
275 2114 1986 2176 dum est homini scire propter se scilicet formaliter: sed hoc non excludit quin studendum sit propter aliud
268 2164 1992 2231 finaliter. secundum quod virtutes & propter se sunt expetendae: tanquam in se bonae & delectabiles formaliter:
266 2222 1997 2282 & propter aliud, quia propter felicitatem finaliter. Secundum etiam quod amicos dicimur diligere propter
278 2275 1984 2338 se: etsi nobis nihil boni inde contingeret: etsi in India essent: vt vult Philosophus. Si vero interroga-
261 2327 1987 2387 tio intelligatur vt li propter notet circunstantiam causae finalis: vt scilicet scire ponatur finis vltimus
267 2379 1997 2437 studentis: non ad aliquod aliud vlterius ordinandus: dicunt aliqui, quod quantum est ex parte ipsius sci-
274 2435 1989 2497 re: ipsi non est studendum propter se in statu vitae praesentis. Cuius rationem assignant. Quoniam status vi
267 2487 2004 2554 tae praesentis est status meriti: & meritum non procedit ex intellectu, sed ex affectu: nec ex scire: sed
266 2542 2003 2601 ex agere: nec ex lectione: sed ex deuotione. Seruus enim sciens voluntatem domini sui & non faciens, va-
263 2597 2006 2659 pulabit multis. & vt dicit laco. melius est viam domini non agnoscere quam post agnitam retroire. In
271 2648 2003 2717 statu ergo huius vitae dicunt quod non est homini omnino studendum vt sciat propter se, statum sci
274 2707 1996 2769 licet faciendo in scire: sed vt sciendo cognoscat quid agere: & ad quid tendere debeat. Dicunt igitur
277 2754 1996 2821 quod qualitercumque est in patria caelesti, siue visio futura perfectior sit quam amor, siue fruitio, an econverso: in
274 2810 1996 2877 via tamen merendi hic proculdubio actio praeferenda est cognitioni. Melius enim est (vt dicunt)
274 2863 2000 2919 facere & non scire quam scire & non facere. Quare cum actus studii non respiciat nisi modum acquirem
264 2918 2001 2972 di scientiam: via rationalis deductionis procedendo a noto ad ignotum, vt per notum cognoscatur ignotum: qui
269 2968 1995 3032 locum non habebit in patria: vbi cognitiones nostrae discursiuae a noto ad ignotum non erunt: sed
264 3019 2007 3086 solum locum habet hic in via: dicunt absolute dicendum, quod non est studendum homini finaliter vt sciat
277 3076 1996 3145 propter se, id est propter ipsum scire, ibi stando. Hoc enim est vanitas vanitatum: & fuit vanitas
270 3133 2005 3200 philosophorum: quoniam cum cognouissent deum. secundum quod dicit apsus Boi. it Quod notum est dei manifestum
268 3184 2011 3251 est illis. Glos. Quod de deo est cognoscibile ductu rationis: notum est illis. Et tamen non sicut deum eum glo
253 3231 2003 3318 rificauerunt. Glos. Bene viuendo & colendo. Euanuerunt in cogitationibus suis: putantes se aliquid esse cum
