2450 3771
433 296 2188 378 aliae res inferiores ex puris naturalibus possint in aliquam operationem naturae suae correspondentem
438 367 2184 428 & proportionalem, inconueniens est hoc denegare animae rationali: vt licet non possit ex puris
438 419 2182 484 naturalibus in eminentem operationem naturam suam excedentem, quin possit in aliquam operationem
430 474 2182 529 naturae suae convenientem & proportionalem. Multum enim est inconveniens vt deus animam humanam fecerit in-
451 526 2182 591 ter res naturales, & sibi non praeparauerit instrumenta naturalia quibus poterit in operationem ali
454 580 2191 650 quam naturalem sibi debitam, cum illa praeparauerit aliis rebus inferioribus. Multo enim minus deus quam
447 630 2184 695 natura aliquid operatur frustra, aut deficit alicui rei in sibi necessariis. Operatio autem animae huma
454 688 2187 743 nae propria naturalis non est alia quam scire aut cognoscere. absolute ergo concedere oportet quod homo
451 750 2195 809 per suam animam absque omni speciali diuina illustratione potest aliqua scire aut cognoscere, &
438 798 2182 857 hoc ex puris naturalibus. Contrarium enim dicere multum derogat dignitati animae & humanae na-
449 846 2195 916 turae. Dico autem ex puris uaturalibus non excludendo generalem influentiam primi intelligentis, quod
446 901 2186 966 est primum agens in omni actione intellectuali & cognitiua. Sicut primum mouens mouet in omni
449 956 2182 1015 motu cuiuslibet rei naturalis, nec impedit illa influentia generalis adiuuans ad cognoscendum, quin co
460 1010 2188 1078 gnitio illa dicatur fieri ex puris naturalibus. Quia enim homo in cognoscendo quaecumque cognoscit natu
448 1072 2185 1130 raliter, habet sibi assistentem illam influentiam: idcirco dicendum est quod ad cognoscendum omnia alia poste
451 1115 2197 1176 riora ad quae per illam attingit, ex puris naturalibus attingit. Si ergo large accipiamus scire ad omnem
442 1168 2196 1222 certam notitiam rei, vt comprehendat etiam cognitionem sensitiuam, sicut dictum est in quaestione praece-
457 1221 2197 1282 denti. Quantum est ex parte sensus & cognitionis sensitiuae, patet quod simpliciter & absolute dicendum
457 1278 2199 1337 est quod contingit aliquid scire & cognoscere certa cognitione sensitiua vt ostensum est in quaestione
460 1333 2184 1398 praecedenti, & hoc ex puris naturalibus: quod pertinet ad istam quaestionem: & hoc ideo quoniam sensibilia
456 1386 2185 1446 sensuum: pura quadam naturali necessitate immutant sensus, & per illa etiam necessitate naturali immu-
453 1435 2188 1504 tant sensus tam exteriores quam interiores omnia sensibilia posteriora. ⁋ Quantum autem est ex parte intelle
448 1493 2192 1556 ctus & cognitionis intellectiuae, cuius cognoscere dicitur proprie scire, distinguendum est, quamquam enim se
460 1551 2191 1607 cundum Aug. lxxxiiisitae quad nihil sciatur nisi verum: aliud tamen est scire de creatura id quid verum est in ea,
453 1599 2188 1659 & aliud est scire eius veritatem vt alia sit cognitio qua cognoscitur res: alia qua cognoscitur ve-
460 1651 2191 1707 ritas eius. Omnis enim virtus cognoscitiua per suam notitiam apprehendens rem sicuti habet esse
456 1704 2198 1771 in se extra cognoscentem: apprehendit quod verum est in ea. Sed non per hoc apprehendit eius veri
456 1760 2189 1823 tatem. Sensus enim etiam in brutis bene apprehendit de re quod verum est in ea, vt verum hominem-
476 1817 2200 1880 verum lignum, verum lapidem, & maxime proprium obiectum circa quid de necessitate est verus. Sed
459 1868 2196 1933 tamen nullius rei veritatem apprehendit siue cognoscit: propter quod de nullo potest iudicare quid
466 1922 2199 1988 sit in rei veritate, vt de homine quod sit verus homo, vel de colore quod sit verus color. Cognitione igitur intelle
469 1971 2191 2030 ctiua de re creata potest haberi duplex cognitio. Vna qua praecise sci siue cognoscitur simplici in-
462 2027 2193 2084 telligentia id quod res est. Alia qua scitur & cognoscitur intelligentia componente & diuidente veritas ipsius rei.
470 2078 2194 2137 in prima cognitione intellectus noster omnino sequitur sensum, nec est aliquod conceptum in intellectu, quod non
461 2132 2192 2185 erat prius in sensu. Et ideo talis intellectus inquantum huiusmodi bene potest esse verus concipiendo siue cogno
459 2185 2188 2252 scendo rem sicuti est, quemadmodum & sensus quem sequitur, licet non concipiat vel intelligat ipsam
456 2240 2186 2307 veritatem rei certo iudicio percipiendo de ipsa quid sit, vt quod sit verus homo vel verus color. Cuius
450 2302 2186 2360 duplex est ratio, vna ex parte ipsius intellectus, alia vero ex parte intelligibili. Ex parte intellectus
457 2359 2184 2415 ratio est, quia intellectus veritatem non concipit simplici intelligentia: sed solum compositione &
450 2401 2185 2460 diuisione. vt Philosophus vult. vi. Metaph. & vt inferius habebit declarari. Vnde sicut sensus dicitur
470 2455 2185 2524 verus comprehendendo rem sicuti est, non autem comprehendendo eius veritatem: Sic & simplex intelli
469 2511 2180 2573 gentia sequens sensum verum vera dicitur, comprehendendo rem sicuti est, non autem comprehendendo
468 2566 2192 2630 eius veritatem. Ex parte autem intelligibilis ratio est, quod alia est intentio rei qua est id quod est: & alia
472 2619 2192 2684 qua dicitur vera: licet simul sunt in quacunque re & convertuntur sibi inuicem: quia omne ens est verum
470 2668 2199 2741 & econntrario. Vt enim dicit prima propositio de causis, prima rerum creatarum est esse, & ideo pri-
468 2720 2193 2792 ma intentio comprehensibilis per intellectum est ratio entis: quam contingit intelligere absque eo quod
481 2775 2179 2833 vlla alia intentio circa ens intelligatur: quia nullam aliarum includit in se, & ipsa in omnibus aliis
470 2830 2188 2891 includitur. Quamquam enim intentio entis non intelligitur nisi sub ratione veri quod est per se obiectum intelle-
470 2888 2199 2949 ctus: non tamen verum in eo quod est ratio intelligendi ens, est obiectum intellectus sicut est ens. Ra
464 2936 2182 2998 tio enim veri est ratio intelligibilitatis in quocunque: obiectum tamen est verum ens, vel verum bonum,
480 2990 2185 3048 & sic de aliis rerum intentionibus. Vnde quia intentio entis in omnibus aliis rerum intentioni
472 3041 2185 3103 bus includitur tam vniuersalibus quam particularibus, quod enim non est ens nihil est: ldeo vult commentator
476 3093 2181 3169 super primam propositionem de causis quod esse vehementioris est adherentiae cum re quam aliae inten
478 3150 2179 3207 tiones quae sunt in ea. Post intentionem autem entis proximiores sunt in re illae intentiones vni-
481 3202 2199 3274 uersales, quae sunt vnum verum & bonum, & hoc diuersimode & secundum ordinem. quoniam quaeli
