2381 3772
466 316 2200 400 mune est creatori & creaturae: quia est posterioris naturae. Sicut & posterioris naturae est ipsa crea-
469 393 2199 455 tura: quae est pars quaedam a qua abstrahitur intentio entis simpliciter. Et hoc modo deus est id
466 438 2214 505 quod prius per intellectum supernaturaliter concipitur, quam intentio entis simpliciter: & ipse deus, vt in
466 498 2207 561 fra videbitur, est vera ratio concipiendi tale ens simpliciter. Et sic patet suppositum supra, quomodo ista
461 553 2204 620 scientia ratione sui subiecti vniuersalis habet dici super omnem scientiam philosophicam & metaphy
474 608 2207 664 sicam. ⁋ Ad tertium quod ista scientia supponit suum subiectum scilicet deum esse a metaphysica: quia hoc
478 659 2204 717 ibi probatur: Dicendum secundum iam dicta, quod deum esse inquantum habet rationem causae, vt a
470 716 2200 781 quo iam aliquid est causatum in effectu, hoc modo probatur deum esse in metaphysica: & secun-
468 772 2211 830 dum istam rationem cadit deus sub scientia philosophica sicut pars subiecti: & secundum istam
465 818 2202 885 rationem praecisam non cadit vt subiectum sub ista scientia. Deum autem esse cognoscitur secundum id quod
470 874 2214 928 est in se: & secundum rationem qua est causatiuum omnium, etiam antequam creaturam produxerit.
475 922 2203 987 hoc modo cadit vt subiectum in hac scientia: & hoc modo non potest probari esse ex scientia philoso
476 979 2213 1047 phica: quia nec sic omnino cognoscibilis est ex scientia philosophica. Et ideo haec scientia non sumit
475 1040 2214 1102 aut supponit subiectum suum a prima philosophia: sed magis a diuina auctoritate: qua dicitur
474 1089 2200 1151 Deutero. vi. Audi Israel: dominus deus tuus, deus vnus est. Immo vt aliquid amplius dicamus
480 1139 2208 1208 prima philosophia & omnis philosophica scientia potius suum subiectum sumit & supponit ab ista scien
476 1196 2209 1259 tia. Ista enim scientia vt dictum est considerat de deo secundum id quid est in se: & vt omnium est
471 1245 2201 1318 causatiuum etiam antequam fierent. considerat etiam omnia causata ab ipso inquantum in se habent es-
474 1299 2204 1360 figiem quandam diuini esse. Aliae vero scientiae considerant res causatas a deo secundum quidita
477 1354 2218 1415 tes & essentias earum, in quibus effigies diuini esse fundatur: & ipsum deum inquantum actu
470 1409 2214 1466 est causa illorum. Et ideo sicut a metaphysica omnes aliae scientiae philosophicae sumunt & suppo-
471 1464 2208 1527 nunt sua subiecta: quia ipsa considerat vt subiectum suum ens simpliciter secundum commu-
483 1511 2205 1570 nem rationem entis: quaelibet autem alia scientia considerat aliquod particulare ens secundum ali
477 1568 2207 1635 quam particularem rationem entis: sub ratione entis simpliciter contentam, vt dicitur quarto me-
481 1620 2207 1680 taphysicae: consimiliter quia ista scientia considerat vt subiectum suum deum ipsum secundum se:
472 1676 2211 1738 & omnia alia inquantum habent in se diuini esse effigiem, ex qua habent rationem entis quod sunt
478 1723 2211 1787 quiditas & natura alicuius praedicamenti, vt infra dicetur: quae omnis scientia philosophica considerat
483 1779 2204 1848 secundum suas quiditates naturas & essentias, quae sunt sicut particularis ratio in ipsis sub ratio-
493 1831 2206 1900 ne diuini esse in ipsis, omnis alia scientia competenter dicenda est sumere & supponere subiectum
489 1886 2209 1960 suum ab ista: & sic omnino contrario modo se habet res quam supponatur in argumento. ⁋ Ad quar-
493 1939 2208 2006 tum: quod prima philosophia est potior scientiarum: Dicendum quod verum est inter scientias philo-
480 1993 2211 2055 sophicas ad quas Philosophus in dicto suo respectum habuit: non autem respectu huiuis, ad quam
474 2047 2206 2098 non aduertit: aut ad illam suam scientiam, si verum dixit, comparari non intendit: quia ista potior est omni-
490 2096 2205 2152 bus scientiis philosophicis vt in praedeterminatis patuit, & in sequenti quaestione patebit. ⁋ Ad qun
481 2149 2211 2218 tum quod ista scientia non potest esse iudex & regula aliarum: & ideo non est principalis: Dicendum
484 2206 2204 2271 secundum praedicta, quod in veritate ista scientia iudex est aliarum & regula. Et quod assumitur in ar-
492 2259 2210 2322 gumento: quod per ea quae sunt fidei iudicari non possunt illa quae sunt aliarum scientiarum neque re-
477 2310 2214 2383 gulari: quia alio modo cognoscuntur haec & illa: Dicendum quod hoc non impedit: quoniam scientia superior
482 2369 2213 2431 principalis non iudicat neque probat ea quae negantur in scientia inferiori, nisi secundum suum modum non se
470 2419 2205 2484 cundum modum scientiae inferioris: sicut primus Philosophus in prima philosophia reprobat er-
476 2478 2213 2539 rorem dicentem quod ens est vnum per diuisionem vnius & entis, quae pertinent ad considerationem
470 2525 2205 2596 metaphysici non naturalis. ⁋ Ad sextum: quod huius scientiae non est noscere illa quae sunt alia-
471 2579 2210 2638 rum scientiarum: quare neque iudicare: Dicendum ad hoc: quod sicut dupliciter est iudicare aliquid esse
475 2630 2197 2691 rectum: vno modo ex natura propria recti in se considerata, prospiciendo an medium exeat ab ex
474 2683 2211 2754 tremis: Alio modo ex applicatione ad regulam rectam, de qua non dubitatur quod recta sit: Primum dif
478 2738 2210 2793 ficile multum est: & solum artificis in scientia speciali: Secundum vero facile & cuiuslibet qui va-
481 2791 2209 2853 let aspicere regulam: Consimiliter iudicium quo ad veritatem & falsitatem eorum quae tangun-
481 2845 2215 2912 tur in scientia, dupliciter fit, quia veritas & falsitas eorum quae tanguntur in scientia: aut redun-
474 2895 2207 2954 dant in prima principia scientiae superioris vt appareant illis conuenire vel contrariari: aut non
477 2960 2214 3018 Si primo modo, tunc scientia superior principalis habet iudicare quasi per regulam rectam pri-
483 3008 2205 3064 morum principiorum de eis quae tractantur in scientia inferiori, vera approbando tanquam suis princi
480 3058 2199 3120 cipiis conuenientia, & falsa reprobando tanquam suis principiis repugnantia. Si secundo modo:
472 3112 2213 3187 tunc scientia propria solum habet iudicare quae vera & quae falsa tanguntur in ea ex propria na-
