<?xml version="1.0" encoding="UTF-8" standalone="yes"?>
<PcGts xmlns="http://schema.primaresearch.org/PAGE/gts/pagecontent/2013-07-15" xmlns:xsi="http://www.w3.org/2001/XMLSchema-instance" xsi:schemaLocation="http://schema.primaresearch.org/PAGE/gts/pagecontent/2013-07-15 http://schema.primaresearch.org/PAGE/gts/pagecontent/2013-07-15/pagecontent.xsd">
    <Metadata>
        <Creator>prov=University of Rostock/Institute of Mathematics/CITlab|PLANET AI GmbH/Gundram Leifert/gundram.leifert@planet-ai.de:name=Badius1520-m2(htr_id=24043)::::v=2.6.6
prov=University of Rostock/Institute of Mathematics/CITlab|PLANET AI GmbH/Tobias Gruening/tobias.gruening@planet-ai.de:name=de.uros.citlab.module.baseline2polygon.B2PSeamMultiOriented:v=2.6.6
prov=University of Rostock/Institute of Mathematics/CITlab|PLANET AI GmbH/Tobias Gruening/tobias.gruening@planet-ai.de:name=/net_tf/LA73_249_0mod360.pb:de.uros.citlab.segmentation.CITlab_LA_ML:v=2.6.6
Transkribus</Creator>
        <Created>2020-04-14T19:22:17.621+02:00</Created>
        <LastChange>2020-05-22T14:54:11.580+02:00</LastChange>
        <TranskribusMetadata docId="369632" pageId="14425262" pageNr="130" tsid="29496299" status="IN_PROGRESS" userId="25065" imgUrl="https://files.transkribus.eu/Get?id=DAXQGZFUJQDEOBRWVCQCUXNB&amp;fileType=view" xmlUrl="https://files.transkribus.eu/Get?id=DLJAUMUQRXRPSVOAIJGHSMSH" imageId="10388494"/>
    </Metadata>
    <Page imageFilename="129.jpg" imageWidth="2371" imageHeight="3768">
        <ReadingOrder>
            <OrderedGroup id="ro_1590187983663" caption="Regions reading order">
                <RegionRefIndexed index="0" regionRef="TextRegion_1587225017259_3470"/>
            </OrderedGroup>
        </ReadingOrder>
        <TextRegion orientation="0.0" id="TextRegion_1587225017259_3470" custom="readingOrder {index:0;}">
            <Coords points="467,298 2202,298 2202,3280 467,3280"/>
            <TextLine id="r2l2" custom="readingOrder {index:0;}">
                <Coords points="456,379 2153,377 2200,295 456,306"/>
                <Baseline points="467,365 553,364 639,362 725,362 811,360 897,359 983,359 1069,357 1155,357 1241,357 1328,357 1414,356 1500,356 1586,356 1672,356 1758,357 1844,357 1930,357 2016,357 2102,357 2189,357"/>
                <TextEquiv>
                    <Unicode>ne nostra vbi vera est sapientia, videatur antiquior: nullaque gens de antiquitate suae sapientiae se vlla</Unicode>
                </TextEquiv>
            </TextLine>
            <TextLine id="r2l3" custom="readingOrder {index:1;}">
                <Coords points="471,438 2151,432 2196,373 471,384"/>
                <Baseline points="482,419 567,417 652,416 737,414 822,413 908,413 993,411 1078,411 1163,411 1248,411 1334,410 1419,410 1504,410 1589,410 1674,410 1760,410 1845,410 1930,411 2015,411 2100,411 2186,410"/>
                <TextEquiv>
                    <Unicode>vanitate iactauerit: quando nec aegyptus inuenitur: quae solet falso &amp; inaniter de suarum doctrina-</Unicode>
                </TextEquiv>
            </TextLine>
            <TextLine id="r2l4" custom="readingOrder {index:2;}">
                <Coords points="469,487 2182,484 2199,418 469,437"/>
                <Baseline points="479,473 564,471 650,470 735,470 821,468 906,467 992,467 1077,467 1163,465 1248,465 1334,465 1419,465 1505,464 1590,464 1676,464 1761,464 1847,464 1932,465 2018,465 2103,465 2189,465"/>
                <TextEquiv>
                    <Unicode>rum antiquitate gloriari: qualicumque sapientia sua prophetarum nostrorum praeuenisse sapientiam.</Unicode>
                </TextEquiv>
            </TextLine>
            <TextLine id="r2l5" custom="readingOrder {index:3;}">
                <Coords points="468,545 2150,542 2199,481 467,487"/>
                <Baseline points="479,528 564,527 650,525 735,524 821,522 906,521 992,521 1077,519 1163,519 1248,519 1334,518 1419,518 1505,518 1590,518 1676,518 1761,518 1847,518 1932,519 2018,519 2103,519 2189,519"/>
                <TextEquiv>
                    <Unicode>⁋ Loquendo autem de prioritate originis: ista scientia omnes alias praecedit: quia cum hoc quod tem</Unicode>
                </TextEquiv>
            </TextLine>
            <TextLine id="r2l6" custom="readingOrder {index:4;}">
                <Coords points="463,597 2199,591 2199,531 463,545"/>
                <Baseline points="473,581 558,579 644,578 730,576 816,575 902,575 987,574 1073,573 1159,573 1245,573 1331,573 1416,572 1502,572 1588,572 1674,573 1760,573 1845,573 1931,573 2017,573 2103,572 2189,572"/>
                <TextEquiv>
                    <Unicode>pore omnes praeterit: omnes etiam ortum trahunt ab ea. secundum quod dicit Cassiod. super Psal. Omnis</Unicode>
                </TextEquiv>
            </TextLine>
            <TextLine id="r2l7" custom="readingOrder {index:5;}">
                <Coords points="473,647 2100,647 2201,593 473,595"/>
                <Baseline points="485,633 570,632 655,630 740,630 825,629 911,628 996,627 1081,627 1166,627 1251,627 1337,626 1422,626 1507,626 1592,626 1677,626 1763,627 1848,627 1933,627 2018,627 2103,626 2189,626"/>
                <TextEquiv>
                    <Unicode>splendor rhetoricae eloquentiae: omnes modi poeticae locutionis: quaelibet varietas deorae pronunciatio</Unicode>
                </TextEquiv>
            </TextLine>
            <TextLine id="r2l8" custom="readingOrder {index:6;}">
                <Coords points="470,701 2098,700 2205,695 2205,635 469,649"/>
                <Baseline points="480,687 565,686 651,684 737,684 823,683 908,681 994,681 1080,680 1166,680 1251,680 1337,680 1423,680 1509,680 1594,680 1680,680 1766,680 1852,680 1937,680 2023,680 2109,680 2195,680"/>
                <TextEquiv>
                    <Unicode>nis, a diuinis scripturis sumpsit exordium. Et secundum hoc ista scientia dicitur prima tanquam primum princi</Unicode>
                </TextEquiv>
            </TextLine>
            <TextLine id="r2l9" custom="readingOrder {index:7;}">
                <Coords points="472,761 2169,756 2197,693 472,701"/>
                <Baseline points="482,741 567,740 652,739 737,738 823,737 908,737 993,735 1078,735 1164,735 1249,734 1334,734 1419,734 1505,734 1590,734 1675,734 1760,734 1846,734 1931,734 2016,735 2101,735 2187,735"/>
                <TextEquiv>
                    <Unicode>pium in genere scientiarum: a qua omnes aliae emanant: &amp; inquam omnes habent reduci. Loquendo au</Unicode>
                </TextEquiv>
            </TextLine>
            <TextLine id="r2l10" custom="readingOrder {index:8;}">
                <Coords points="476,811 2113,812 2208,754 476,761"/>
                <Baseline points="486,795 571,794 657,792 742,791 828,791 914,789 999,789 1085,789 1170,788 1256,788 1342,788 1427,788 1513,788 1598,788 1684,788 1770,788 1855,788 1941,788 2026,788 2112,788 2198,788"/>
                <TextEquiv>
                    <Unicode>tem de prioritate dignitatis, ista prior est: quia omnibus dignior: &amp; hoc omnibus modis dignita-</Unicode>
                </TextEquiv>
            </TextLine>
            <TextLine id="r2l11" custom="readingOrder {index:9;}">
                <Coords points="478,858 2108,864 2209,851 2209,795 477,800"/>
                <Baseline points="488,846 573,845 659,845 744,843 830,843 915,842 1001,842 1086,842 1172,842 1257,840 1343,840 1428,840 1514,840 1599,840 1685,840 1770,840 1856,842 1941,842 2027,842 2112,842 2198,843"/>
                <TextEquiv>
                    <Unicode>tis: qui in scientiis habent inueniri. vt sicut in deo qui est subiectum theologiae inuenitur quicquod est</Unicode>
                </TextEquiv>
            </TextLine>
            <TextLine id="r2l12" custom="readingOrder {index:10;}">
                <Coords points="475,911 2173,915 2207,855 475,860"/>
                <Baseline points="485,900 570,900 656,899 741,898 827,897 912,897 998,896 1083,896 1169,896 1254,894 1340,894 1426,894 1511,894 1597,894 1682,894 1768,893 1853,893 1939,893 2024,893 2110,894 2196,894"/>
                <TextEquiv>
                    <Unicode>nobilitatis &amp; dignitatis in omnibus aliis rebus: sic in scientia de eo inuenitur quicquid est nobili-</Unicode>
                </TextEquiv>
            </TextLine>
            <TextLine id="r2l13" custom="readingOrder {index:11;}">
                <Coords points="468,976 2200,973 2168,904 468,907"/>
                <Baseline points="479,954 564,954 650,953 735,951 821,951 906,950 992,950 1077,950 1163,950 1248,950 1334,948 1420,948 1505,948 1591,948 1676,948 1762,948 1847,948 1933,948 2018,948 2104,948 2190,948"/>
                <TextEquiv>
                    <Unicode>tatis &amp; dignitatis in qualibet alia scientia. Nobilitas enim &amp; dignitas scientiae sequitur nobilita-</Unicode>
                </TextEquiv>
            </TextLine>
            <TextLine id="r2l14" custom="readingOrder {index:12;}">
                <Coords points="474,1020 2206,1024 2206,966 474,974"/>
                <Baseline points="485,1007 570,1007 656,1007 741,1005 827,1005 912,1005 998,1004 1083,1004 1169,1004 1254,1004 1340,1002 1425,1002 1511,1002 1596,1002 1682,1002 1767,1002 1853,1002 1938,1002 2024,1004 2109,1004 2195,1004"/>
                <TextEquiv>
                    <Unicode>tem &amp; dignitatem subiecti. vt habetur in principio de anima, &amp; in vi. Metaphysicae. Est autem ista</Unicode>
                </TextEquiv>
            </TextLine>
            <TextLine id="r2l15" custom="readingOrder {index:13;}">
                <Coords points="465,1065 2201,1067 2145,1011 465,1020"/>
                <Baseline points="476,1059 561,1059 647,1059 732,1059 818,1059 904,1058 989,1058 1075,1058 1161,1056 1246,1056 1332,1056 1418,1056 1503,1056 1589,1055 1675,1055 1760,1056 1846,1056 1932,1056 2017,1058 2103,1058 2189,1059"/>
                <TextEquiv>
                    <Unicode>scientia omnibus aliis dignior. Primo veritatis certitudine. Secundo auctoritatis magnitudine. Ter</Unicode>
                </TextEquiv>
            </TextLine>
            <TextLine id="r2l16" custom="readingOrder {index:14;}">
                <Coords points="478,1130 2160,1136 2207,1067 478,1078"/>
                <Baseline points="489,1113 574,1113 659,1113 745,1112 830,1112 915,1112 1001,1111 1086,1110 1171,1110 1257,1110 1342,1109 1427,1109 1513,1109 1598,1109 1683,1109 1769,1109 1854,1109 1939,1110 2025,1110 2110,1112 2196,1112"/>
                <TextEquiv>
                    <Unicode>tio subiecti nobilitate. Quarto finis vtilitate. Quinto eloquii foecunditate. Sexto perfectionis integri</Unicode>
                </TextEquiv>
            </TextLine>
            <TextLine id="r2l17" custom="readingOrder {index:15;}">
                <Coords points="475,1182 2194,1190 2209,1124 475,1130"/>
                <Baseline points="485,1169 570,1167 656,1167 742,1166 827,1166 913,1165 999,1164 1084,1164 1170,1164 1256,1163 1342,1163 1427,1163 1513,1163 1599,1163 1684,1163 1770,1163 1856,1164 1941,1164 2027,1166 2113,1166 2199,1167"/>
                <TextEquiv>
                    <Unicode>tatem. De veritatis certitudine super alias habitum est supra. de qua etiam dicit Augustinus libo de praed. gra</Unicode>
                </TextEquiv>
            </TextLine>
            <TextLine id="r2l18" custom="readingOrder {index:16;}">
                <Coords points="480,1231 2206,1234 2177,1174 480,1179"/>
                <Baseline points="491,1221 576,1221 661,1220 746,1220 831,1220 917,1218 1002,1218 1087,1218 1172,1218 1257,1217 1343,1217 1428,1217 1513,1217 1598,1217 1683,1217 1769,1217 1854,1217 1939,1218 2024,1218 2109,1218 2195,1218"/>
                <TextEquiv>
                    <Unicode>tiae. In sacrarum voluminibus literarum lector inconcussa fide tenere debet nusquam deesse veritatem:</Unicode>
                </TextEquiv>
            </TextLine>
            <TextLine id="r2l19" custom="readingOrder {index:17;}">
                <Coords points="475,1296 2200,1281 2104,1229 475,1236"/>
                <Baseline points="486,1277 571,1275 656,1274 741,1272 826,1272 912,1271 997,1271 1082,1271 1167,1271 1252,1271 1338,1271 1423,1271 1508,1271 1593,1271 1678,1271 1764,1271 1849,1272 1934,1272 2019,1272 2104,1272 2190,1272"/>
                <TextEquiv>
                    <Unicode>etsi pro magnitudine rei non facile intellectus occurrit. ldem de videndo deum. Neque fieri vllo mo- </Unicode>
                </TextEquiv>
            </TextLine>
            <TextLine id="r2l20" custom="readingOrder {index:18;}">
                <Coords points="483,1339 2213,1340 2213,1293 2129,1282 483,1292"/>
                <Baseline points="494,1329 579,1328 664,1328 750,1326 835,1326 921,1326 1006,1325 1091,1325 1177,1325 1262,1325 1348,1325 1433,1325 1518,1325 1604,1325 1689,1326 1775,1326 1860,1326 1945,1326 2031,1326 2116,1326 2202,1326"/>
                <TextEquiv>
                    <Unicode>do potest: vt haec sacrarum literarum auctoritas ex aliqua parte mentiatur. Et ad Hierony. Tantummo- </Unicode>
                </TextEquiv>
            </TextLine>
            <TextLine id="r2l21" custom="readingOrder {index:19;}">
                <Coords points="490,1393 2209,1396 2181,1334 490,1339"/>
                <Baseline points="500,1383 584,1382 669,1382 754,1380 839,1380 924,1379 1009,1379 1094,1379 1179,1379 1264,1379 1349,1379 1433,1379 1518,1379 1603,1379 1688,1380 1773,1380 1858,1380 1943,1380 2028,1380 2113,1380 2198,1379"/>
                <TextEquiv>
                    <Unicode>do scripturis canonicis hanc debeo seruitutem: quas solas ita sequar, vt conscriptores earum ni-</Unicode>
                </TextEquiv>
            </TextLine>
            <TextLine id="r2l22" custom="readingOrder {index:20;}">
                <Coords points="473,1447 2207,1447 2144,1387 473,1395"/>
                <Baseline points="483,1436 568,1436 654,1436 739,1436 825,1434 911,1434 996,1434 1082,1434 1168,1434 1253,1434 1339,1434 1425,1434 1510,1434 1596,1434 1682,1434 1767,1434 1853,1434 1939,1434 2024,1434 2110,1434 2196,1434"/>
                <TextEquiv>
                    <Unicode>hil in eis omnino errare, nihil fallaciter posuisse non dubitem. Si enim ad sacras scripturas admissa</Unicode>
                </TextEquiv>
            </TextLine>
            <TextLine id="r2l23" custom="readingOrder {index:21;}">
                <Coords points="486,1501 2209,1505 2209,1447 2130,1440 486,1445"/>
                <Baseline points="497,1490 582,1490 667,1490 752,1490 837,1490 922,1488 1007,1488 1092,1488 1177,1488 1262,1488 1348,1488 1433,1488 1518,1488 1603,1488 1688,1488 1773,1488 1858,1488 1943,1488 2028,1488 2113,1488 2199,1488"/>
                <TextEquiv>
                    <Unicode>fuerint vel officiosa mendacia: quae tandem de scripturis illis sententia proferetur, cuius pondere</Unicode>
                </TextEquiv>
            </TextLine>
            <TextLine id="r2l24" custom="readingOrder {index:22;}">
                <Coords points="479,1559 2207,1551 2207,1504 2127,1495 479,1501"/>
                <Baseline points="491,1544 576,1544 661,1544 746,1542 831,1542 917,1542 1002,1542 1087,1542 1172,1542 1257,1542 1343,1542 1428,1542 1513,1542 1598,1542 1683,1542 1769,1542 1854,1542 1939,1542 2024,1542 2109,1542 2195,1542"/>
                <TextEquiv>
                    <Unicode>contentiosae falsitatis obtenebretur improbitas: Auctoritatis magnitudine dignior est ista scientia cae</Unicode>
                </TextEquiv>
            </TextLine>
            <TextLine id="r2l25" custom="readingOrder {index:23;}">
                <Coords points="481,1612 2137,1621 2208,1612 2208,1550 480,1559"/>
                <Baseline points="491,1599 576,1598 661,1598 747,1598 832,1598 917,1596 1003,1596 1088,1596 1173,1596 1259,1596 1344,1595 1429,1595 1515,1595 1600,1595 1685,1595 1771,1595 1856,1595 1941,1596 2027,1596 2112,1596 2198,1598"/>
                <TextEquiv>
                    <Unicode>teris dupliciter. Primo, ex magnitudine auctoritatis suae in se, ex efficientis testificatione. Secundo exmagni</Unicode>
                </TextEquiv>
            </TextLine>
            <TextLine id="r2l26" custom="readingOrder {index:24;}">
                <Coords points="476,1667 2210,1662 2115,1604 476,1609"/>
                <Baseline points="486,1650 571,1650 657,1650 742,1650 828,1650 914,1650 999,1650 1085,1650 1171,1650 1256,1649 1342,1649 1428,1649 1513,1649 1599,1649 1685,1649 1770,1649 1856,1649 1942,1650 2027,1650 2113,1650 2199,1652"/>
                <TextEquiv>
                    <Unicode>tudine auctoritatis suae super alias, ex regiminis potestate. De secunda eius auctoritate habitum est supra</Unicode>
                </TextEquiv>
            </TextLine>
            <TextLine id="r2l27" custom="readingOrder {index:25;}">
                <Coords points="487,1719 2210,1729 2171,1658 487,1661"/>
                <Baseline points="498,1706 583,1704 668,1704 753,1704 838,1703 923,1703 1008,1703 1093,1703 1178,1703 1263,1703 1348,1703 1433,1703 1518,1703 1603,1703 1688,1703 1773,1703 1858,1704 1943,1704 2028,1704 2113,1704 2199,1704"/>
                <TextEquiv>
                    <Unicode>sufficienter, loquendo de eius vniuersalitate, subalternatione, &amp; principalitate. De prima vero auctorita</Unicode>
                </TextEquiv>
            </TextLine>
            <TextLine id="r2l28" custom="readingOrder {index:26;}">
                <Coords points="475,1782 2206,1770 2144,1714 475,1715"/>
                <Baseline points="486,1757 571,1757 657,1757 742,1757 828,1757 913,1757 999,1757 1084,1757 1170,1757 1255,1757 1341,1757 1426,1757 1512,1757 1597,1757 1683,1758 1768,1758 1854,1758 1939,1758 2025,1758 2110,1758 2196,1758"/>
                <TextEquiv>
                    <Unicode>te eius dicit Augu. xi. de ciui. dei. Hic scilicet dei filius) prius per prophetas, deinde per seipsum, postea</Unicode>
                </TextEquiv>
            </TextLine>
            <TextLine id="r2l29" custom="readingOrder {index:27;}">
                <Coords points="487,1831 2205,1825 2205,1773 2145,1769 487,1773"/>
                <Baseline points="497,1812 581,1811 666,1811 751,1811 836,1810 921,1809 1006,1809 1091,1809 1176,1811 1261,1811 1346,1811 1430,1811 1515,1811 1600,1811 1685,1812 1770,1812 1855,1812 1940,1812 2025,1812 2110,1812 2195,1812"/>
                <TextEquiv>
                    <Unicode>per apostolos: quantum satis esse iudicauit loquutus, scripturam condidit, quae theologia nuncupa</Unicode>
                </TextEquiv>
            </TextLine>
            <TextLine id="r2l30" custom="readingOrder {index:28;}">
                <Coords points="487,1881 2158,1889 2210,1827 487,1831"/>
                <Baseline points="498,1865 583,1865 668,1865 753,1863 838,1863 923,1863 1008,1865 1093,1865 1178,1865 1263,1865 1348,1865 1433,1865 1518,1865 1603,1865 1688,1866 1773,1866 1858,1866 1943,1866 2028,1866 2113,1865 2199,1865"/>
                <TextEquiv>
                    <Unicode>tur eminentissimae auctoritatis. &amp; ibidem in principio. Sacra scriptura non fortuitis motibus ani-</Unicode>
                </TextEquiv>
            </TextLine>
            <TextLine id="r2l31" custom="readingOrder {index:29;}">
                <Coords points="475,1937 2211,1929 2181,1875 475,1883"/>
                <Baseline points="486,1919 571,1919 657,1919 742,1919 828,1919 914,1919 999,1919 1085,1919 1171,1919 1256,1919 1342,1919 1428,1919 1513,1919 1599,1919 1685,1919 1770,1919 1856,1920 1942,1920 2027,1920 2113,1920 2199,1920"/>
                <TextEquiv>
                    <Unicode>morum: sed plane summae dispositione prouidentiae super omnes omnium gentium literas omnia</Unicode>
                </TextEquiv>
            </TextLine>
            <TextLine id="r2l32" custom="readingOrder {index:30;}">
                <Coords points="482,1984 2209,1993 2190,1927 482,1928"/>
                <Baseline points="492,1973 577,1971 662,1971 748,1971 833,1971 918,1971 1004,1971 1089,1971 1174,1971 1260,1971 1345,1971 1430,1971 1516,1971 1601,1971 1686,1971 1772,1973 1857,1973 1942,1973 2028,1973 2113,1974 2199,1974"/>
                <TextEquiv>
                    <Unicode>sibi genera humanorum ingeniorum diuina excedens auctoritate subiecit. Hinc dicit in fine secundi</Unicode>
                </TextEquiv>
            </TextLine>
            <TextLine id="r2l33" custom="readingOrder {index:31;}">
                <Coords points="482,2045 2210,2047 2171,1980 482,1985"/>
                <Baseline points="492,2027 577,2025 662,2025 748,2025 833,2025 918,2024 1004,2024 1089,2024 1174,2025 1260,2025 1345,2025 1430,2025 1516,2025 1601,2027 1686,2027 1772,2027 1857,2027 1942,2028 2028,2028 2113,2028 2199,2028"/>
                <TextEquiv>
                    <Unicode>super Gene. Maior est huius scientiae auctoritas, quam omnis humani ingenii perspicacitas. &amp; contra Ma</Unicode>
                </TextEquiv>
            </TextLine>
            <TextLine id="r2l34" custom="readingOrder {index:32;}">
                <Coords points="474,2092 2203,2087 2117,2033 474,2041"/>
                <Baseline points="485,2079 570,2079 655,2078 741,2078 826,2078 911,2078 997,2078 1082,2078 1167,2078 1253,2079 1338,2079 1423,2079 1509,2079 1594,2079 1679,2079 1765,2081 1850,2081 1935,2081 2021,2081 2106,2081 2192,2082"/>
                <TextEquiv>
                    <Unicode>nichaeos. Quantum distat de Christi aduentu: inter praedicationem angelorum: &amp; confusionem demo- </Unicode>
                </TextEquiv>
            </TextLine>
            <TextLine id="r2l35" custom="readingOrder {index:33;}">
                <Coords points="488,2144 2108,2159 2209,2146 2209,2094 488,2097"/>
                <Baseline points="498,2132 583,2132 668,2132 753,2132 838,2132 923,2132 1008,2132 1093,2132 1178,2132 1263,2132 1348,2132 1433,2132 1518,2133 1603,2133 1688,2133 1773,2133 1858,2135 1943,2135 2028,2135 2113,2136 2199,2136"/>
                <TextEquiv>
                    <Unicode>num: tantum est inter auctoritatem prophetarum: &amp; curiositatem literarum secularium. &amp; lib. ii.</Unicode>
                </TextEquiv>
            </TextLine>
            <TextLine id="r2l36" custom="readingOrder {index:34;}">
                <Coords points="478,2198 2203,2208 2186,2143 478,2144"/>
                <Baseline points="488,2186 573,2186 658,2186 743,2186 829,2186 914,2186 999,2186 1084,2186 1170,2186 1255,2186 1340,2186 1425,2186 1511,2187 1596,2187 1681,2187 1766,2187 1852,2187 1937,2189 2022,2189 2107,2189 2193,2190"/>
                <TextEquiv>
                    <Unicode>de ordine. Auctoritas partim diuina est, partim humana: sed vera, summa, firma ea est: quae diui-</Unicode>
                </TextEquiv>
            </TextLine>
            <TextLine id="r2l37" custom="readingOrder {index:35;}">
                <Coords points="491,2248 2201,2253 2132,2197 491,2203"/>
                <Baseline points="501,2240 585,2238 669,2238 754,2238 838,2238 923,2240 1007,2240 1091,2240 1176,2240 1260,2240 1345,2240 1429,2240 1513,2240 1598,2241 1682,2241 1767,2241 1851,2241 1935,2243 2020,2243 2104,2243 2189,2244"/>
                <TextEquiv>
                    <Unicode>na nominatur. humana autem auctoritas plerumque fallit. De subiecti nobilitate dicit Auicen. primo</Unicode>
                </TextEquiv>
            </TextLine>
            <TextLine id="r2l38" custom="readingOrder {index:36;}">
                <Coords points="484,2303 2205,2317 2205,2249 484,2249"/>
                <Baseline points="495,2294 580,2294 665,2294 750,2294 835,2294 920,2294 1005,2294 1090,2294 1175,2294 1260,2294 1345,2294 1430,2294 1515,2295 1600,2295 1685,2295 1770,2295 1855,2295 1940,2297 2025,2297 2110,2297 2195,2298"/>
                <TextEquiv>
                    <Unicode>Metaphysicae suae. Sapientia illa est nobilior caeteris qua apprehenditur nobilius scitum. Nobilius</Unicode>
                </TextEquiv>
            </TextLine>
            <TextLine id="r2l39" custom="readingOrder {index:37;}">
                <Coords points="478,2368 2154,2371 2205,2311 478,2312"/>
                <Baseline points="488,2348 573,2348 658,2348 744,2348 829,2348 914,2348 1000,2348 1085,2348 1170,2348 1256,2348 1341,2348 1426,2348 1512,2349 1597,2349 1682,2349 1768,2349 1853,2349 1938,2351 2024,2351 2109,2351 2195,2351"/>
                <TextEquiv>
                    <Unicode>autem scitum deus est, &amp; causae proximae post eum. De quibus principalissime inter omnes scien-</Unicode>
                </TextEquiv>
            </TextLine>
            <TextLine id="r2l40" custom="readingOrder {index:38;}">
                <Coords points="485,2413 2206,2426 2206,2372 2103,2357 485,2366"/>
                <Baseline points="495,2400 580,2400 665,2400 750,2400 835,2400 920,2400 1005,2402 1090,2402 1175,2402 1260,2402 1345,2402 1430,2402 1515,2402 1600,2403 1685,2403 1770,2403 1855,2403 1940,2403 2025,2403 2110,2403 2196,2405"/>
                <TextEquiv>
                    <Unicode>tias haec scientia determinat, vt habitum est supra, &amp; infra dicetur. Vnde &amp; causa subiecti sui dicitur</Unicode>
                </TextEquiv>
            </TextLine>
            <TextLine id="r2l41" custom="readingOrder {index:39;}">
                <Coords points="478,2473 2201,2468 2154,2409 478,2409"/>
                <Baseline points="489,2456 574,2456 659,2454 744,2454 829,2454 914,2454 999,2454 1084,2454 1169,2454 1254,2454 1339,2454 1424,2454 1509,2456 1594,2456 1679,2456 1764,2456 1849,2456 1934,2457 2019,2457 2104,2457 2190,2457"/>
                <TextEquiv>
                    <Unicode>haec scientia diuina, vt competenter conueniat ei illud Philosophi. Scientia nobilis debet esse nobilis</Unicode>
                </TextEquiv>
            </TextLine>
            <TextLine id="r2l42" custom="readingOrder {index:40;}">
                <Coords points="484,2525 2190,2535 2207,2466 484,2476"/>
                <Baseline points="495,2508 580,2508 665,2508 750,2510 835,2510 920,2510 1005,2510 1090,2510 1175,2510 1260,2510 1345,2510 1430,2510 1515,2510 1600,2510 1685,2510 1770,2510 1855,2511 1940,2511 2025,2511 2110,2513 2196,2514"/>
                <TextEquiv>
                    <Unicode>generis. Aliae vero scientiae sunt valde bonae: sed ista est melior omnibus scientiis. Bonorum enim &amp;</Unicode>
                </TextEquiv>
            </TextLine>
            <TextLine id="r2l43" custom="readingOrder {index:41;}">
                <Coords points="475,2579 2205,2571 2140,2524 475,2526"/>
                <Baseline points="486,2562 571,2562 656,2562 742,2562 827,2562 912,2562 998,2562 1083,2564 1168,2564 1254,2564 1339,2564 1424,2564 1510,2564 1595,2564 1680,2565 1766,2565 1851,2565 1936,2565 2022,2565 2107,2567 2193,2567"/>
                <TextEquiv>
                    <Unicode>honorabilium omnem scientiam opinantes, vt dicitur in principio de anima, aut propter certitu-</Unicode>
                </TextEquiv>
            </TextLine>
            <TextLine id="r2l44" custom="readingOrder {index:42;}">
                <Coords points="482,2627 2214,2640 2179,2573 482,2579"/>
                <Baseline points="492,2616 577,2616 663,2616 748,2616 834,2616 919,2616 1005,2616 1090,2616 1176,2616 1261,2616 1347,2618 1432,2618 1518,2618 1603,2618 1689,2618 1774,2619 1860,2619 1945,2619 2031,2619 2116,2619 2202,2621"/>
                <TextEquiv>
                    <Unicode>dinem, aut quia meliorum &amp; mirabiliorum est, propter vtraque haec, hanc diuinam scientiam in pri-</Unicode>
                </TextEquiv>
            </TextLine>
            <TextLine id="r2l45" custom="readingOrder {index:43;}">
                <Coords points="489,2681 2212,2695 2167,2628 489,2627"/>
                <Baseline points="501,2670 586,2670 671,2670 756,2670 841,2670 926,2670 1011,2670 1096,2670 1181,2670 1266,2670 1351,2670 1436,2670 1521,2671 1606,2672 1691,2672 1776,2672 1861,2673 1946,2673 2031,2675 2116,2675 2202,2675"/>
                <TextEquiv>
                    <Unicode>mis ponamus: &amp; maxime ex hoc quod de solo deo vt de subiecto considerat. Quod dico propter metaphy</Unicode>
                </TextEquiv>
            </TextLine>
            <TextLine id="r2l46" custom="readingOrder {index:44;}">
                <Coords points="476,2739 2206,2738 2206,2694 1973,2679 477,2685"/>
                <Baseline points="488,2724 573,2723 658,2723 744,2723 829,2723 915,2723 1000,2723 1085,2723 1171,2724 1256,2724 1342,2724 1427,2724 1512,2726 1598,2726 1683,2726 1769,2726 1854,2727 1939,2727 2025,2727 2110,2727 2196,2726"/>
                <TextEquiv>
                    <Unicode>sicam: quae de ente in communi considerat: cuius cognitio ex hoc vilior est: licet de deo sub ente con-</Unicode>
                </TextEquiv>
            </TextLine>
            <TextLine id="r2l47" custom="readingOrder {index:45;}">
                <Coords points="481,2787 2210,2787 2118,2732 481,2739"/>
                <Baseline points="492,2777 577,2777 662,2777 748,2777 833,2777 918,2777 1004,2777 1089,2777 1174,2777 1260,2778 1345,2778 1430,2778 1516,2780 1601,2780 1686,2780 1772,2781 1857,2781 1942,2781 2028,2781 2113,2783 2199,2783"/>
                <TextEquiv>
                    <Unicode>sideret. vt infra videbitur loquendo de subiecto huius scientiae. De finis vtilitate dicit Augustinus ii. de</Unicode>
                </TextEquiv>
            </TextLine>
            <TextLine id="r2l48" custom="readingOrder {index:46;}">
                <Coords points="479,2842 2198,2847 2198,2787 479,2788"/>
                <Baseline points="489,2831 573,2831 658,2831 743,2831 828,2831 913,2831 998,2831 1082,2831 1167,2831 1252,2832 1337,2832 1422,2832 1507,2832 1592,2834 1676,2834 1761,2834 1846,2834 1931,2834 2016,2834 2101,2835 2186,2835"/>
                <TextEquiv>
                    <Unicode>doctrina christiana. Quanto minor est auri &amp;c. vt habitum est supra. Et ideo dicitur Prouerb. xix. Vbi</Unicode>
                </TextEquiv>
            </TextLine>
            <TextLine id="r2l49" custom="readingOrder {index:47;}">
                <Coords points="476,2892 2158,2914 2208,2853 476,2843"/>
                <Baseline points="486,2882 571,2883 657,2883 742,2883 828,2883 913,2883 999,2883 1084,2885 1170,2885 1255,2885 1341,2885 1426,2885 1512,2886 1597,2886 1683,2886 1768,2886 1854,2888 1939,2888 2025,2888 2110,2888 2196,2889"/>
                <TextEquiv>
                    <Unicode>non est scientia animae: non est bonum. &amp; Sapieieam. xiii. Vani sunt omnes homines: quibus non subest scientia dei. </Unicode>
                </TextEquiv>
            </TextLine>
            <TextLine id="r2l50" custom="readingOrder {index:48;}">
                <Coords points="473,2952 2194,2955 2194,2910 2087,2896 474,2892"/>
                <Baseline points="485,2937 569,2937 654,2937 739,2937 824,2937 909,2937 994,2939 1079,2939 1164,2939 1249,2939 1334,2940 1418,2940 1503,2940 1588,2940 1673,2942 1758,2942 1843,2942 1928,2942 2013,2942 2098,2942 2183,2942"/>
                <TextEquiv>
                    <Unicode>De eloquii foecunditate dicit Greg. in prolog. morali. Sacra scriptura omnes scientias locutionis suae mo</Unicode>
                </TextEquiv>
            </TextLine>
            <TextLine id="r2l51" custom="readingOrder {index:49;}">
                <Coords points="481,3006 2198,3018 2176,2949 481,2948"/>
                <Baseline points="491,2991 575,2990 660,2990 745,2990 830,2990 915,2991 999,2991 1084,2991 1169,2991 1254,2993 1339,2993 1423,2994 1508,2994 1593,2994 1678,2994 1763,2996 1847,2996 1932,2996 2017,2996 2102,2994 2187,2994"/>
                <TextEquiv>
                    <Unicode>re transcendit: quia in vno eodemque sermone dum notat textum, prodit mysterium. sicut mysteriis</Unicode>
                </TextEquiv>
            </TextLine>
            <TextLine id="r2l52" custom="readingOrder {index:50;}">
                <Coords points="475,3065 2200,3053 1925,3003 475,3009"/>
                <Baseline points="485,3044 570,3044 655,3044 740,3044 826,3044 911,3045 996,3045 1081,3045 1167,3045 1252,3047 1337,3047 1422,3048 1508,3048 1593,3048 1678,3048 1763,3050 1849,3050 1934,3050 2019,3050 2104,3050 2190,3050"/>
                <TextEquiv>
                    <Unicode>prudentes exercet, sic plerunque superficie simplices refouet. Habet in publico vnde paruulos nu-</Unicode>
                </TextEquiv>
            </TextLine>
            <TextLine id="r2l53" custom="readingOrder {index:51;}">
                <Coords points="475,3116 2131,3126 2205,3109 2205,3051 475,3065"/>
                <Baseline points="486,3098 571,3098 656,3098 742,3098 827,3098 912,3098 998,3098 1083,3099 1168,3099 1254,3101 1339,3101 1424,3102 1510,3102 1595,3102 1680,3104 1766,3104 1851,3104 1936,3104 2022,3104 2107,3102 2193,3102"/>
                <TextEquiv>
                    <Unicode>triat: seruat in secreto vnde mentes sublimium in admiratione suspendat, quasi quidam fiuuius est</Unicode>
                </TextEquiv>
            </TextLine>
            <TextLine id="r2l54" custom="readingOrder {index:52;}">
                <Coords points="484,3166 2183,3181 2207,3110 484,3112"/>
                <Baseline points="495,3152 580,3153 665,3153 750,3153 835,3153 920,3153 1005,3153 1090,3155 1175,3155 1260,3155 1345,3155 1430,3156 1515,3156 1600,3156 1685,3156 1770,3156 1855,3158 1940,3158 2025,3158 2110,3158 2196,3158"/>
                <TextEquiv>
                    <Unicode>(vt ita dixerim) planus &amp; altus: in quo &amp; agnus ambulet &amp; elephas natet. vt secundum Augu. al-</Unicode>
                </TextEquiv>
            </TextLine>
            <TextLine id="r2l55" custom="readingOrder {index:53;}">
                <Coords points="475,3222 2209,3218 2037,3161 476,3164"/>
                <Baseline points="486,3204 571,3204 657,3206 742,3206 828,3206 914,3207 999,3207 1085,3207 1170,3209 1256,3209 1342,3210 1427,3210 1513,3212 1598,3212 1684,3212 1770,3212 1855,3212 1941,3212 2026,3212 2112,3210 2198,3210"/>
                <TextEquiv>
                    <Unicode>titudine superbos irrideat: profunditate attentos terreat: veritate magnos pascat: affabilitate par-</Unicode>
                </TextEquiv>
            </TextLine>
            <TextLine id="r2l56" custom="readingOrder {index:54;}">
                <Coords points="472,3291 2210,3307 2211,3219 472,3222"/>
                <Baseline points="483,3261 568,3261 654,3261 740,3261 826,3262 912,3263 997,3263 1083,3264 1169,3264 1255,3264 1341,3266 1426,3266 1512,3266 1598,3267 1684,3267 1770,3267 1855,3267 1941,3267 2027,3267 2113,3267 2199,3267"/>
                <TextEquiv>
                    <Unicode>uulos nutriat. De eius perfectione super alias, satis habitum est supra. Loquendo de prioritate ordi</Unicode>
                </TextEquiv>
            </TextLine>
            <TextEquiv>
                <Unicode>ne nostra vbi vera est sapientia, videatur antiquior: nullaque gens de antiquitate suae sapientiae se vlla
vanitate iactauerit: quando nec aegyptus inuenitur: quae solet falso &amp; inaniter de suarum doctrina-
rum antiquitate gloriari: qualicumque sapientia sua prophetarum nostrorum praeuenisse sapientiam.
⁋ Loquendo autem de prioritate originis: ista scientia omnes alias praecedit: quia cum hoc quod tem
pore omnes praeterit: omnes etiam ortum trahunt ab ea. secundum quod dicit Cassiod. super Psal. Omnis
splendor rhetoricae eloquentiae: omnes modi poeticae locutionis: quaelibet varietas deorae pronunciatio
nis, a diuinis scripturis sumpsit exordium. Et secundum hoc ista scientia dicitur prima tanquam primum princi
pium in genere scientiarum: a qua omnes aliae emanant: &amp; inquam omnes habent reduci. Loquendo au
tem de prioritate dignitatis, ista prior est: quia omnibus dignior: &amp; hoc omnibus modis dignita-
tis: qui in scientiis habent inueniri. vt sicut in deo qui est subiectum theologiae inuenitur quicquod est
nobilitatis &amp; dignitatis in omnibus aliis rebus: sic in scientia de eo inuenitur quicquid est nobili-
tatis &amp; dignitatis in qualibet alia scientia. Nobilitas enim &amp; dignitas scientiae sequitur nobilita-
tem &amp; dignitatem subiecti. vt habetur in principio de anima, &amp; in vi. Metaphysicae. Est autem ista
scientia omnibus aliis dignior. Primo veritatis certitudine. Secundo auctoritatis magnitudine. Ter
tio subiecti nobilitate. Quarto finis vtilitate. Quinto eloquii foecunditate. Sexto perfectionis integri
tatem. De veritatis certitudine super alias habitum est supra. de qua etiam dicit Augustinus libo de praed. gra
tiae. In sacrarum voluminibus literarum lector inconcussa fide tenere debet nusquam deesse veritatem:
etsi pro magnitudine rei non facile intellectus occurrit. ldem de videndo deum. Neque fieri vllo mo- 
do potest: vt haec sacrarum literarum auctoritas ex aliqua parte mentiatur. Et ad Hierony. Tantummo- 
do scripturis canonicis hanc debeo seruitutem: quas solas ita sequar, vt conscriptores earum ni-
hil in eis omnino errare, nihil fallaciter posuisse non dubitem. Si enim ad sacras scripturas admissa
fuerint vel officiosa mendacia: quae tandem de scripturis illis sententia proferetur, cuius pondere
contentiosae falsitatis obtenebretur improbitas: Auctoritatis magnitudine dignior est ista scientia cae
teris dupliciter. Primo, ex magnitudine auctoritatis suae in se, ex efficientis testificatione. Secundo exmagni
tudine auctoritatis suae super alias, ex regiminis potestate. De secunda eius auctoritate habitum est supra
sufficienter, loquendo de eius vniuersalitate, subalternatione, &amp; principalitate. De prima vero auctorita
te eius dicit Augu. xi. de ciui. dei. Hic scilicet dei filius) prius per prophetas, deinde per seipsum, postea
per apostolos: quantum satis esse iudicauit loquutus, scripturam condidit, quae theologia nuncupa
tur eminentissimae auctoritatis. &amp; ibidem in principio. Sacra scriptura non fortuitis motibus ani-
morum: sed plane summae dispositione prouidentiae super omnes omnium gentium literas omnia
sibi genera humanorum ingeniorum diuina excedens auctoritate subiecit. Hinc dicit in fine secundi
super Gene. Maior est huius scientiae auctoritas, quam omnis humani ingenii perspicacitas. &amp; contra Ma
nichaeos. Quantum distat de Christi aduentu: inter praedicationem angelorum: &amp; confusionem demo- 
num: tantum est inter auctoritatem prophetarum: &amp; curiositatem literarum secularium. &amp; lib. ii.
de ordine. Auctoritas partim diuina est, partim humana: sed vera, summa, firma ea est: quae diui-
na nominatur. humana autem auctoritas plerumque fallit. De subiecti nobilitate dicit Auicen. primo
Metaphysicae suae. Sapientia illa est nobilior caeteris qua apprehenditur nobilius scitum. Nobilius
autem scitum deus est, &amp; causae proximae post eum. De quibus principalissime inter omnes scien-
tias haec scientia determinat, vt habitum est supra, &amp; infra dicetur. Vnde &amp; causa subiecti sui dicitur
haec scientia diuina, vt competenter conueniat ei illud Philosophi. Scientia nobilis debet esse nobilis
generis. Aliae vero scientiae sunt valde bonae: sed ista est melior omnibus scientiis. Bonorum enim &amp;
honorabilium omnem scientiam opinantes, vt dicitur in principio de anima, aut propter certitu-
dinem, aut quia meliorum &amp; mirabiliorum est, propter vtraque haec, hanc diuinam scientiam in pri-
mis ponamus: &amp; maxime ex hoc quod de solo deo vt de subiecto considerat. Quod dico propter metaphy
sicam: quae de ente in communi considerat: cuius cognitio ex hoc vilior est: licet de deo sub ente con-
sideret. vt infra videbitur loquendo de subiecto huius scientiae. De finis vtilitate dicit Augustinus ii. de
doctrina christiana. Quanto minor est auri &amp;c. vt habitum est supra. Et ideo dicitur Prouerb. xix. Vbi
non est scientia animae: non est bonum. &amp; Sapieieam. xiii. Vani sunt omnes homines: quibus non subest scientia dei. 
De eloquii foecunditate dicit Greg. in prolog. morali. Sacra scriptura omnes scientias locutionis suae mo
re transcendit: quia in vno eodemque sermone dum notat textum, prodit mysterium. sicut mysteriis
prudentes exercet, sic plerunque superficie simplices refouet. Habet in publico vnde paruulos nu-
triat: seruat in secreto vnde mentes sublimium in admiratione suspendat, quasi quidam fiuuius est
(vt ita dixerim) planus &amp; altus: in quo &amp; agnus ambulet &amp; elephas natet. vt secundum Augu. al-
titudine superbos irrideat: profunditate attentos terreat: veritate magnos pascat: affabilitate par-
uulos nutriat. De eius perfectione super alias, satis habitum est supra. Loquendo de prioritate ordi</Unicode>
            </TextEquiv>
        </TextRegion>
    </Page>
</PcGts>
