2428 3758
443 267 2193 359 ciales rerum notitias vel natura insitas vel experientia collectas de eis quae non vidimus cogitamus
444 342 2182 417 Vnde per vniuersalem notitiam quam in nobis habemus acquisitam de diuersis speciebus animalis, cogno
447 386 2179 468 scimus de qualibet re quae nobis occurtit an sit animal an non: & per specialem notitiam asini cogno
438 457 2188 516 scimus de quolibet quod nobis occurrit an sit asinus an non. ⁋ Sed quod per tale exemplar acquisitum in no
445 504 2186 579 bis habeatur certa omnino & infallibilis notitia veritatis, hoc omnino est impossibile triplici ratione
445 563 2186 630 quarum prima sumitur ex parte rei de qua exemplar huiusmodi abstractum est. Secunda ex parte animae
440 620 2186 684 in qua huiusmodi exemplar susceptum est. Tertia ex parte ipsius exemplaris quod a re in anima susceptum
448 666 2176 724 est. Prima ratio est quod exemplar tale eo quod abstractum est a re transmutabili, necesse habet aliquam
441 718 2189 790 rationem transmutabilis. Vnde quia res naturales magis sunt transmutabiles quam mathematicae: ideo posuit
442 775 2191 836 Philosophus maiorem haberi certitudinem scientiae de rebus mathematicis quam de naturalibus per species
450 832 2176 898 earum vniversales: & hoc non nisi propter specierum ipsarum existentium apud animam transmutabilitatem. Vnde hanc cau
448 878 2180 944 sam incertitudinis scientiae rerum naturalium ex sensibilibus acceptam Augustinus partractans. lxxxiii, quod quid ix.
442 942 2192 1005 dicit quod a sensibus corporis non est expetenda syncera veritas: & quod saluberrime admonemur a
442 997 2177 1058 uerti ab hoc mundo: & ad deum id e. veritatem quae intelligitur & in interiori mente capitur: quae semper
452 1042 2188 1101 manet & eiusdem naturae est, tota alacritate converti. Secunda ratio est quod anima humana quia mu
449 1098 2186 1152 tabilis est & erroris passiua, per nihil quod mutabilitatis aequalis vel maioris est cum ipsa potest rectificari ne
436 1151 2186 1216 obliquetur per errorem & in rectitudine veritatis persistat. igitur omne exemplar quod recipit a rebus naturali
446 1198 2189 1271 bus, cum sit inferioris gradus naturae quam ipsa, necessario aequalis vel maioris mutabilitatis est cum
452 1252 2182 1317 ipsa. Non ergo potest eam rectificare vt persistat in infallibili veritate: & est ratio Augustinus de vera re-
451 1307 2185 1366 li. pre bantis per hoc immutabilem veritatem per quam anima habet certam scientiam, esse super animam d.
449 1360 2186 1418 Lex omnium artium cum sit omnino immutabilis: mens vero humana cui talem legem videre conces
443 1412 2178 1483 sum est mutabilitatem pati possit erroris: satis apparet super mentem nostram esse legem quae veri
447 1466 2188 1539 tas dicitur: quae sola sufficit ad rectificandum mentem commutabilem & obliquabilem in infallibili co
441 1524 2180 1587 gnitione de qua non habet mens iudicare: sed per illam de omni alio. de omni enim eo quod est inferius
449 1580 2184 1645 mente, habet mens potius iudicare quam per illud iudicare de alio. secundum quod determinat ibidem. Tertia ratio
447 1631 2179 1699 est quod huiusmodi exemplar cum sit intentio & species sensibilis rei abstracta a phantasmate similitudinem habet
450 1685 2182 1745 cum falso sicut cum vero. lta quod quantum est ex parte sua internosci non potest, per easdem enim imagines
444 1728 2176 1807 sensibilium in somno & in furore iudicamus imagines esse res ipsas: & in vigilia sani iudicamus de
445 1789 2175 1849 ipsis rebus. Veritas autem syncera non percipitur nisi discernendo eam a falso. igitur per tale exem-
444 1847 2179 1904 plar impossibile est certam haberi scientiam & certam notitiam veritatis: & ideo si debeat certa scien
442 1903 2177 1966 tia haberi veritatis oportet mentem auertere a sensibus & sensibilibus & ab omni intentione quantum
437 1949 2183 2008 cumque vniuersali & abstracta a sensibilibus ad incommutabilem veritatem supra mentem existentem, quae non
445 1999 2180 2075 habet imaginem falsi a qua discerni non potest, vt dicit Augustinus lxxxiii, quod quid ix. vbi pertractat istam
449 2062 2168 2129 rationem. ⁋ Sic ergo patet quod duplex est veritas & duplex modus sciendi veritatem: quos innuit Au
444 2109 2170 2177 gust. retractans illud quod dixit id est solis. Deus qui nisi mundos verum scire voluisti. d. Potest responderi mul
437 2168 2178 2234 tos etiam immundos multa scire vera: neque enim definitum est hic quid sit verum quod nisi mundi scire pos
445 2211 2180 2294 sunt & quid sit scire. Patet etiam quod certam scientiam & infallibilem veritatem si contingat hominem cognosce
445 2271 2179 2335 re, hoc non contingit ei aspiciendo ad exemplar abstractum a re per sensus quantumcumque sit depura-
445 2328 2179 2395 tum & vniuersale factum. Propter quod primi Academici sententiam Platonis imitantes (iidem quippe sunt
439 2381 2169 2453 Academici qui Platonici, vt dicit Augustinus in epistola ad Dioscorum) negabant aliquid sciri omni-
441 2432 2178 2495 no contra Stoicos: qui solum ponebant sensibilia in mundo: & hoc intelligendo de notitia veritatis syn-
451 2484 2179 2548 cerae, ponendo omnem notitiam veritatis syncerae de quacumque re haberi non posse nisi aspiciendo ad exemplar
442 2536 2181 2602 secundum. Qui tamen bene discernebant quod aliqualis notitia veritatis posset percipi per sensus & me
436 2587 2174 2667 diantibus sensibus per intellectum: quam tamen putabant non mereri scientiam dici. secundum quod dicit
435 2654 2183 2722 Augustinus iii. de Academica Sunt qui omnia ista quae corporis sensus attingit opinionem posse gignere con
436 2692 2178 2774 fitentur: scientiam vero negant: quam volunt intelligentia contineri remotamque a sensibus in men
440 2757 2183 2829 te viuere. Cum enim vt dicit in l. ii. eis nihil turpius visum est quam opinari: & nihil percipi posse conclu
438 2798 2181 2868 serunt: vt nihil sapiens vnquam approbaret: sed illud quod probabile & verisimile appareret sequeretur.
449 2854 2164 2928 Vnde non distinxerunt de certa notitia qua percipitur id quid est verum in re siue per sensum siue per
446 2906 2172 2990 intellectum, a notitia qua scitur veritas ipsius rei, neque etiam de hac distinxerunt quod quaedam est
442 2960 2179 3028 veritat: notitia liquida & syncera: alia vero phantastica per phantasmata & imagines rerum obumbrata.
442 3019 2183 3090 Sed vt videbatur ex eorum verbis simpliciter aliquid sciri posse negabant. Et ideo posteriores Academi
436 3070 2171 3150 ci verba potesnis illorum tenentes, sed mentem ipsorum ignorantes omnem scientiam & veritatis
438 3129 2173 3192 perceptionem penitus negabant non solum quo ad perceptionem intellectus de notitia quae per-
434 3186 2180 3272 tinet ad sapientiam, & derebus pertinentibus ad philosophiam: sed etiam quo ad perceptionem
