2445 3756
231 288 1960 360 mi debent cum opus est. Horum trium distinctionem tangit Augustinus in suo dicto cum ait. Non
237 350 1973 416 quicquid sciri ab homine potest in rebus: vbi plurimum superuacuae vanitatis. ecce secundum. Et
240 405 1953 463 noxiae curiositatis. ecce primum. Huic scientiae tribuendum: sed illud tantummodo quo fides saluberri-
233 456 1960 512 ma, quae ad veram beatitudinem ducit: gignitur, nutritur, defenditur, roboratur. ecce tertium. Scien
237 510 1962 564 dum tamen quod non sunt aliqua ita vana, si tamen vera, si huic scientiae sint proficua: quin ad hanc
243 562 1970 632 scientiam sint assumenda: quia tunc non sunt vana. nihil enim est in creaturis quin per similitudi-
243 609 1400 694 nem aliquam in diuinam cognitionem ducat. vt infra videbitur.
571 681 1960 772 lrca. xii. arguitur quod omnes aliae scientiae aequalem vsum habent ad istam. Primo
560 755 1956 836 sic. Haec scientia alias assumit in vsum suum: inquantum in finem suum ordi-
584 816 1958 883 nantur. omnes aequaliter in finem eius ordinantur: quia vt in finem vltimum.
568 876 1962 936 ergo &c. ⁋ Secundo sic. haec scientia alias scientias assumit in vsum suum, ratio
569 928 1967 992 ne veritatum quas continent. sed aequalis est veritas omnium verorum: quia
557 966 1967 1038 veritas est rectitudo quaedam. ergo &c. ⁋ Contra est secundum praedicta: quia
564 1038 1966 1100 non assumit illa quae sunt aliarum scientiarum, nisi ad vsum suum sint vtilia. sed
239 1090 1970 1165 non sunt omnia aequaliter vtilia ad hanc scientiam: vt determinat Augustinus secundo de doctri.
242 1140 604 1212 christiana. ergo &c.
243 1180 1970 1265 ⁋ Dicendum ad hoc quod illa quae aequalem vsum habent ad aliquid: necesse est quod ad
241 1259 1961 1326 illud se habeant eodem ordine secundum idem & eodem modo: quia in istis consistit comparatio
242 1305 1971 1375 nis aequalitas. Nunc autem comparando alias scientias ad istam secundum vsum suum: neque eo-
252 1366 1964 1421 dem ordine, neque secundum idem, neque eodem modo se habent ad eam. Idcirco dicendum quod non
249 1424 1967 1483 aequalem vsum habent aliae scientiae ad istam. Primo quidem non ordinantur aliae scientiae in vsum
242 1472 1969 1532 istius eodem ordine: quoniam quaedam ordinantur ad istam mediatius: quaedam immediatius. Cum
238 1528 1960 1597 enim vt dicit Hug. in prolo. cae. Hierarchiae, Philosophia omnis in tres partes secatur: Prima est logica, sub
237 1581 1964 1644 qua comprehendit omnes scientias sermocinales: quae non docent cognoscere res sed modos scien
247 1632 1958 1694 di alia: de quibus dicit Philosophus: Quaedam non volumus scire propter se: sed vt per haec alia co
237 1693 1957 1756 gnoscamus. & ideo sunt aliis priores: secundum quod dicit Boethius. Necesse est prius ostendere quis
236 1752 1958 1809 modus sit possibilis ad veritatem propositam manifestandam. Secunda est ethica: quae formam vir-
237 1803 1963 1853 tutum disponit: & est in secundo ordine: quia mentem habitibus virtutum ad percipiendum re-
237 1844 1964 1908 rum veritates serenat. secundum quod dicit Augustinus iiii. de ciui. dei. ca. iii. Socrates primo vniuersam philo
241 1895 1954 1966 sophiam ad corrigendos, componendosque mores fexisse memoratur: cum ante illum omnes ma-
239 1960 1968 2019 gis physicis perscrutandis operam impendebant. Nolebat enim immundas terrenis occupationi-
248 2010 1962 2074 bus animas se in diuina conari: quae non putabat nisi munda mente posse comprehendi: ideoque
242 2070 1954 2134 primo purgandae vitae censebat instandum: vt depressis libidinibus ornatus animus naturali vigo
250 2125 1968 2179 re in aeterna se extolleret. Tertia vero est Theorica: quae sola verum in eo quod est & non est scruta
243 2167 1965 2232 ri elegit. Huius vt dicit Hug. tres sunt partes. Prima Metaphysica. Secunda physica. Tertia theologia
244 2218 1957 2286 in quibus contemplatio veritatis quibusdam quasi contemplationum gradibus ad summum con-
245 2269 1961 2336 scendit. Prima enim speculatur visibiles inuisibilium rerum formas. Secunda inuisibiles rerum visibi-
235 2322 1975 2393 lium causas. Tertia contemplatur inuisibilium substantiarum inuisibiles naturas. Et est in istis qua
243 2375 1957 2449 si progressio quaedam & profectus mentis ad cognoscendum verum. per visibiles enim inuisibilium formas
237 2428 1966 2507 peruenitur ad inuisibiles visibilium causas: & per inuisibiles visibilium causas ascenditur ad inui
246 2480 1956 2559 sibilium substantiarum cognoscendum naturas: vbi est summa veritatis perfectio: qua nihil altius esse
238 2541 1956 2617 potest animo contemplanti. Non ergo eodem ordine aliae scientiae vsum habent ad istam: sed quae
248 2599 1966 2662 dam mediatius: quaedam vero immediatius. Immediatius enim ad istam ordinantur scientiae phyae
237 2640 1962 2711 sicae. id est naturales communiter dictae continentes sub se metaphysicam: post illas mathematicae: & post
243 2706 1974 2774 mathematicas morales, & post morales sermocinales. Secundo etiam modo non ordinantur aliae scien
238 2749 1960 2824 tiae in vsum istius aeque principaliter scilicet secundum idem. Cum enim vt dicit Augustinus iiii. de civitate dei.
235 2799 1964 2883 cap. iiii. studium sapientiae in actione & contemplatione versatur: & actio consistit in amore bo-
237 2857 1970 2931 ni, & contemplatio in speculatione veri: ad partem theologiae, quae in actione consistit, plus valet mo
238 2925 1962 2982 ralis philosophia: ad partem vero eius quae in contemplatione consistit, plus valet tota philosophia residua
237 2968 1968 3042 Tertio similiter modo non ordinantur omnes scientiae in vsum huius scientiae eodem modo. Cum enim
235 3022 1961 3087 ad perfectum modum tractandi sacram scripturam duo sunt necessaria. scilicet modus inueniendi quae intelligen-
242 3070 1969 3148 da sunt: & modus proferendi quae sunt intellecta: vt dicit Augustinus i de doctrina christiana quantum ad mo-
239 3121 1973 3197 dum proferendi duo sunt necessaria: orationis congruentia, & orationis decentia. Quantum ad primum
235 3174 1968 3266 vtilis est grammatica: vt modos locutionis nos doceat: in quibus vsus nobis deficit. & sic necessaria
