2410 3769
154 304 1883 388 distans a se: quia amore imperfecto. In futuro autem se penitus immerger eidem amore perfe-
159 374 1883 440 cto: vt sibi intime coniuncto & vnito. Primum ergo bonum non est finis huius scientiae, nisi fi-
163 435 1887 502 nis sub fine: sed secundum: ad quod ordinatur primum vt in finem vltimum. & ex hoc habet ista scien
155 480 1889 551 tia quod perfectissime sit speculatiua: & nomen sapientiae sibi appropriet: vt dicatur sapientia a sapo
158 538 1885 601 re: quia non solum illuminat intellectum in cognitione veri: sed vlterius inflammat affectum in
152 596 1891 662 fruitionem boni: bono se vniendo, non se ad aliquod bonum operandum vlterius extendendo . Sic
148 655 1885 713 enim continet quicquid est perfectionis in omni habitu tam speculatiuo quam practico: quia finem
157 698 1892 759 omnis veri in cognitione, & finem omnis boni in affectione. Et ideo respectu istius scientiae nul-
159 754 1886 821 la alia potest dici sapientia: sed ista respectu omnium aliarum: secundum quod supra determinatum
162 819 1886 873 est. Vnde & quia huius scientiae speculatio: sicut & vitae futurae, perficitur in affectione dilectio-
162 864 1879 923 nis & fruitionis, dicitur a quibusdam quod ista scientia debet dici potius affectiua quam speculati-
154 911 1889 978 ua: sed non est ita. Denominatio enim scientiae debet esse a fine suo intra, in quo stat ipsa cognitio
157 961 1891 1030 intra limites suos. Nunc autem illud quod est in affectione sequens huius scientiae speculationem
148 1029 1893 1089 finis extra se est: sed ipsa speculatio quae stat in cognitione veri in intellectu, est finis eius intra
150 1080 1887 1149 se: vt scientia est. & ideo simpliciter & absolute verius debet dici speculatiua quam practica aut affectiua.
452 1186 1876 1242 Irca quartum arguitur: quod haec scientia literis non erat conscribenda. Primo sic.
448 1230 1876 1315 in Cognitio quae solo diuino munere habetur, literis non est conscribenda: quia
439 1289 1876 1358 lliteris non conscribitur scientia: nisi vt a nobis addiscatur. Vnde apostolus.
494 1338 1882 1414 Quaecumque scripta sunt ad nostram doctrinam scripta sunt. Scientia ista est hu-
484 1394 1893 1461 iusmodi: quia est notitia fidei: quae solo diuino lumine habetur: cum excedit limi
456 1455 1893 1510 tes naturae. &. i. Io. ii. Vnctio docet de omnibus. ergo &c. ⁋ Secundo sic. Illa scien
460 1497 1886 1564 tia non est literis: conscribenda: quae habetur ex dictamine legis naturae: scien
156 1549 1891 1619 tia ista est huiusmodi: quia non continet nisi praecepta legis naturae: vt in principio Decre. & Deutur.
152 1615 1896 1675 xxx. Mandatum quod ego praecipio tibi non est supra te: neque procul positum: sed iuxta te est in ore
159 1658 1894 1726 tuo & in corde tuo. Quod exponens apostolus. Ronimn. x. dicit. Hoc est verbum fidei quod praedicamus.
158 1724 1891 1785 ergo &c. ⁋ Tertio sic. Si esset literis conscribenda: hoc non esset nisi in vsum hominum. Cum ergo
165 1766 1883 1843 apud deum non est acceptio personarum, omnibus quicunque fuerunt erat conscribenda. hoc au
159 1824 1887 1893 tem factum non fuit: quia non fuit conscripta ante Moysen. ergo &c. ⁋ Ad oppositum argui-
160 1875 1888 1941 tur Primo sic. In omni cognitione quam non habemus a natura indigemus scriptura: quia de
160 1929 1899 2002 facili labitur a memoria: quae per literam reuocatur, quare cum haec scientia non inest nobis a na
168 1984 889 2046 tura, indigemus ea in scripto. ergo &c.
162 2055 1878 2155 ⁋ Dicendum ad hoc: quod in sacra scriptura & sunt leges viuendi, & decreta creden-
168 2144 1884 2207 di. Est enim sacra scriptura ad hoc: vt per eam perficiamur in fide & moribus: licet moralis per
167 2200 1893 2260 fectio ad fidei perfectionem ordinetur: vt dictum est supra. Nunc autem principium cognoscen-
160 2241 1890 2315 di ea quae morum sunt, in lege naturae nobis naturaliter inditum est: quae est seminarium impres
169 2301 1893 2366 sum ad omnem notitiam operandorum intellectui practico: sicut supra dictum est seminarium impres-
161 2348 1892 2428 sum esse ad omnem notitiam speculandorum via rationis intellectui speculatiuo. Principium vero
163 2419 1891 2478 cognoscendi decreta credendorum ex nobis non est: sed per gratiam fidei fidelibus infusum. Qua-
170 2457 1903 2529 re cum secundum quod manifestum est, de se scriptura quaecumque non est nobis necessaria: nisi quia principium
166 2513 1895 2592 cognoscendi ab intra, non est principium sufficiens ad indicandum & conseruandum in prom-
166 2573 1903 2646 ptu notitiam eorum quae nobis sunt necessaria pro tempore illo: in quo sufficere potuit princi-
183 2632 1905 2700 pium intra tam innatum quam infusum ad indicandum notitiam credendorum & agendorum, &
170 2679 1894 2745 ad notitiam eorundem conseruandum: haec scientia literis conscribenda non fuit: sed solum con
164 2725 1895 2793 scribenda ab illo tempore quo principium illud intra non potuit sufficere: &tab illo tempore con-
171 2782 1897 2847 scripta fuit: secundum quod dicit Cas. in coll. patrum. colli. viii. Deus (inquit) creans hominem natura
166 2837 1900 2905 liter ei scientiam legis inseruit: quae si fuisset ab homine obseruata ac custodita, non vtique neces-
176 2879 1900 2955 sarium fuisset aliam dare quam literis promulgaret. Erat enim supersluum exterius offerri in re
180 2937 1900 3019 medium quod adhuc interius vigebat insertum. Quam primus ille homo potuit euidenter attin-
171 2991 1900 3075 gere, suisque posteris cum certa ratione transmittere. Vnde super illud Exod. xxxiii. Proiecit de
178 3053 1893 3118 manu tabulas & confregit. dicit Orige. in Homi. Significatur quod domins primum hominem ratione &
179 3103 1899 3174 ingenio decorauit: cor sapiens & intelligens dedit: vt sine difficultate & errore scire & implere
177 3152 1908 3226 posset. Hoc ergo faciendo quasi tabulas quasdam scripsit & dolauit: sed eas confregit homo cum dia
176 3210 1911 3293 bolo acquieuit. lubetur ergo iterum tabulas dolare ad recipiendum praecepta dei. i. latitudinem
