2411 3772
155 296 1894 403 post peccati exuberantiam illud necesse solum erat fieri: vt dictum est: & hoc ad memoriam
162 381 1885 448 & ad faciliorem notitiam. Sicut ergo ab ipso Adam notitia legis naturalis diffundi potuit per
153 440 1884 507 posteros quousque per peccatum fuit obumbrata: vt reparatione egeret per legis literam: sic ab
162 492 1882 559 ipso notitia huius scientiae quo ad decreta credendorum diffundi potuerit: quousque similiter
163 540 1881 609 per peccatum fuit obumbrata: vt egeret per legis literam reparatione. Hinc dicit apostolus
157 594 1885 671 seoma. vii. in persona illorum quibus lex data erat. Concupiscentiam nesciebam: nisi lex diceret. Non
160 650 1411 714 concupisces. Glos. Dicit esse peccatum vel tam magnum peccatum.
160 756 1892 820 ⁋ Ad primum in oppositum, quod cognitio quae habetur diuino munere non est con
156 802 1889 881 scribenda: dicendum quod verum est, donec munus illud maneat in suo robore & vigore: hoc est
145 859 1888 932 donec mens tenebris peccatorum inuoluatur. secundum quod dicit Chrysostomus in principio su-
158 917 1897 989 per Matthaeum. Quantum erat ex lege naturae, oportuerat non indigere auxilio literarum: sed
153 977 1888 1032 tam in omnibus habere vitam mundam, vt illarum vice gratia spiritus sancti vteretur: & sicut
153 1018 1892 1083 atramento paginae: ita corda nostra inscriberentur a spiritu. Quia vero hanc a nobis exclusi-
145 1078 1893 1143 mus gratiam, vel secundas diuitias expetamus. Nam Noe, Abrahae, eiusque posteris loseph &
154 1137 1893 1198 Moysi non per literas: sed per semetipsum locutus: quia scilicet corda eorum munda re-
152 1186 1891 1256 perit. Postquam vero omnis populus non solum gentium: sed & ludaeorum in ima delapsus est,
156 1247 1884 1304 tunc iam literae dantur ac tabulae per quae legis naturalis admonitio ministretur. ⁋ Ad se-
159 1287 1879 1354 cundum quod ista scientia est de dictamine legis naturae: dicendum quod verum est sumendo largo
154 1337 1880 1412 modo naturam: vt appelletur id nobis inesse a natura, quod a nobis non est per nos acquisitum: sed
151 1394 1890 1468 nobis inditum siue naturae impressum: vt sunt principia agendorum legis naturae: siue natu-
159 1449 1892 1516 rae infusum: vt sunt principia credendorum. Sic enim Adam habuit istam scientiam ex dicta-
154 1506 1882 1576 mine legis naturae vt dictum est. Vel vt appelletur natura naturale principium ad acquirendum
155 1556 1888 1619 aliud vel suscipiendum. sic omnes posteri eius omnes alias scientias & istam habuerunt & ha
156 1614 1895 1684 bent. Habent enim naturalia principia acquirendi scientias humanas, & suscipiendi influentias
160 1664 1890 1732 ad percipiendum scientiam diuinam. secundum quod de hoc sufficienter habitum est supra. &
158 1720 1895 1783 sic Cassianus large sumit naturam in dicto suo: & Chrysostomus similiter. Et licet hoc modo
158 1769 1895 1842 scientia ista est legis naturae: quia tamen principia eius & praecepta erant rubigine peccatorum
158 1825 1882 1896 quasi deleta: vt in eis legere non sufficeret homo: indiguit vt singula respiceret distincte literis
154 1873 1887 1943 conscripta: quae alias in illis regulis sine literis essent conspicienda. Vnde nec fides sufficit in no-
154 1933 1884 2008 bis singula credenda monstrare: sed oportet ea ex litera respicere: vel a doctore audire. Secundum
152 1992 1882 2057 quod scimus centurionem Cornelium: quamuis exauditas orationes eius & eleemosynas respectas ei
155 2030 1888 2111 angelus nunciauit, Petro tamen traditum imbuendum: per quem non solum sacramenta sus
156 2090 1898 2161 ci peret, sed etiam quid credendum, quid sperandum, quid diligendum esset audiret: vt dicit
153 2139 1895 2215 Augustinusi. i. de doctrina christiana: & tamen per fidem interius a deo prius illustratus fuisse
150 2192 1892 2267 creditur. ⁋ Ad tertium quod erat conscribenda in vsum hominum, dicendum quod verum est: sed
151 2247 1879 2327 pro tempore cum opus erat: vt dictum est. ⁋ Ad primum in oppositum quod labilis est memo-
153 2306 1890 2377 ria, & ideo indigemus scriptura: dicendum quod verum est: sed hoc non habet nisi ex inundantia
159 2368 1887 2433 peccatorum. Vnde nec in statu innocentiae, nec statim post peccatum hoc contingebat. & ideo
158 2413 1547 2487 nec illis temporibus erat haec scientia conscribenda: sed aliae vt dictum est.
506 2493 1887 2578 Irca quintum arguitur, quod haec scientia tota simul & perfecta erat conscriben
510 2572 1886 2639 da, non vna prius: vt vetus testamentum: altera posterius: vt nouum testamen
507 2628 1885 2690 tum. Primo sic. Natura facit semper quod melius est. secundum quod est possibilius:
504 2690 1897 2742 vt dicit philosophus. multo fortius ergo & auctor naturae, qui melior est &
512 2729 1882 2800 perfectior. sed melius fuit recipere scientiam simul totam perfectam quam par-
505 2784 1881 2854 tem, & hoc erat possibile dare auctori huius scientiae: deo scilicet. ergo &c.
165 2839 1876 2905 ⁋ Secundo sic: Quanto scientia perfectior est: tanto melius & facilius instruit. sed propter hominis
168 2892 1879 2969 instructionem ista scientia conscripta est. vt dictum est. ergo tota perfecta debuit conscribi. ⁋ Contra est
156 2946 1887 3015 apostolus cum dicit primae Corinthicorm decimoquinto. Non prius quod est spirituale quam quod animale.
165 3001 1891 3068 sed quod animale quam quid spirituale. vetus testamentum est animale, nouum spirituale. iuxta apostoli
165 3050 1883 3116 intentionem ibidem. ergo &c. ⁋ ltem Gali. iii. Lex paedagogus fuit in Christo: vt ex fide iustifice
154 3109 1895 3175 mur id est in nouam legem fidei Christianus Sed paedagogus debet praecedere illum cuius est paedagogus.
164 3159 1897 3232 Vetus ergo testamentum prius debuit conscribi quam nouum, quare cum ambo sint partes huius
167 3214 1304 3300 scientiae: non simul debuerunt conscribi: sed partes successiue.
