<?xml version="1.0" encoding="UTF-8" standalone="yes"?>
<PcGts xmlns="http://schema.primaresearch.org/PAGE/gts/pagecontent/2013-07-15" xmlns:xsi="http://www.w3.org/2001/XMLSchema-instance" xsi:schemaLocation="http://schema.primaresearch.org/PAGE/gts/pagecontent/2013-07-15 http://schema.primaresearch.org/PAGE/gts/pagecontent/2013-07-15/pagecontent.xsd">
    <Metadata>
        <Creator>prov=University of Rostock/Institute of Mathematics/CITlab|PLANET AI GmbH/Gundram Leifert/gundram.leifert@planet-ai.de:name=Badius1520-m1(htr_id=24007)::::v=2.6.6
prov=University of Rostock/Institute of Mathematics/CITlab|PLANET AI GmbH/Tobias Gruening/tobias.gruening@planet-ai.de:name=de.uros.citlab.module.baseline2polygon.B2PSeamMultiOriented:v=2.6.6
prov=University of Rostock/Institute of Mathematics/CITlab|PLANET AI GmbH/Tobias Gruening/tobias.gruening@planet-ai.de:name=/net_tf/LA73_249_0mod360.pb:de.uros.citlab.segmentation.CITlab_LA_ML:v=2.6.6
Transkribus</Creator>
        <Created>2020-04-14T19:22:21.689+02:00</Created>
        <LastChange>2020-05-21T16:48:24.099+02:00</LastChange>
        <TranskribusMetadata docId="369632" pageId="14425282" pageNr="150" tsid="29454110" status="DONE" userId="25065" imgUrl="https://files.transkribus.eu/Get?id=GQBINQPXIXFWACBOECBTVCTZ&amp;fileType=view" xmlUrl="https://files.transkribus.eu/Get?id=EPTWANAMLODGOETZUKEOAZKW" imageId="10388514"/>
    </Metadata>
    <Page imageFilename="149.jpg" imageWidth="2365" imageHeight="3776">
        <ReadingOrder>
            <OrderedGroup id="ro_1590187986115" caption="Regions reading order">
                <RegionRefIndexed index="0" regionRef="TextRegion_1587438352232_351"/>
            </OrderedGroup>
        </ReadingOrder>
        <TextRegion orientation="0.0" id="TextRegion_1587438352232_351" custom="readingOrder {index:0;}">
            <Coords points="476,312 2225,312 2225,3300 476,3300"/>
            <TextLine id="r3l2" custom="readingOrder {index:0;}">
                <Coords points="489,390 2236,394 2236,315 1943,298 490,301"/>
                <Baseline points="501,368 587,367 673,366 759,366 845,365 932,365 1018,365 1104,366 1190,366 1276,366 1363,368 1449,368 1535,369 1621,371 1707,371 1794,372 1880,372 1966,374 2052,374 2138,374 2225,374"/>
                <TextEquiv>
                    <Unicode>⁋ Dicendum ad hoc: quod cum vt dictum est: scientia ista non nisi in vsum &amp; auxilium ho-</Unicode>
                </TextEquiv>
            </TextLine>
            <TextLine id="r3l3" custom="readingOrder {index:1;}">
                <Coords points="495,432 2222,452 2222,395 2129,384 495,391"/>
                <Baseline points="506,425 591,425 676,423 761,423 846,423 932,423 1017,423 1102,423 1187,425 1272,425 1358,426 1443,426 1528,428 1613,428 1698,429 1784,431 1869,432 1954,432 2039,434 2124,435 2210,435"/>
                <TextEquiv>
                    <Unicode>minum literis describenda erat: eo modo &amp; tempore describenda erat quo vsui hominis magis competit. Nunc</Unicode>
                </TextEquiv>
            </TextLine>
            <TextLine id="r3l4" custom="readingOrder {index:2;}">
                <Coords points="492,498 2228,502 2228,446 493,437"/>
                <Baseline points="504,477 589,477 675,477 760,477 846,477 932,477 1017,477 1103,477 1189,479 1274,479 1360,480 1446,480 1531,482 1617,482 1703,483 1788,485 1874,485 1960,486 2045,488 2131,488 2217,489"/>
                <TextEquiv>
                    <Unicode>autem ita est: vt patet ex dictis: quod homo per hanc scientiam ab imperfecto ducendus est ad perfectum:</Unicode>
                </TextEquiv>
            </TextLine>
            <TextLine id="r3l5" custom="readingOrder {index:3;}">
                <Coords points="490,545 2228,551 2202,496 490,495"/>
                <Baseline points="501,530 586,531 672,531 758,531 844,531 930,531 1015,531 1101,533 1187,533 1273,533 1359,534 1444,534 1530,536 1616,536 1702,537 1788,537 1873,539 1959,540 2045,540 2131,542 2217,542"/>
                <TextEquiv>
                    <Unicode>quod oportuit fieri gradatim a minus perfecto ascendendo ad magis perfectum. Et hoc non tan- </Unicode>
                </TextEquiv>
            </TextLine>
            <TextLine id="r3l6" custom="readingOrder {index:4;}">
                <Coords points="494,599 2221,609 2221,554 2013,546 494,547"/>
                <Baseline points="504,584 589,584 674,585 760,585 845,585 930,587 1016,587 1101,587 1186,588 1272,588 1357,588 1442,590 1528,590 1613,591 1698,591 1784,591 1869,593 1954,593 2040,594 2125,594 2211,596"/>
                <TextEquiv>
                    <Unicode>tum in cognoscendis: vt declaratum est supra eodem articulo, quaestione tertia: sed etiam in agen-</Unicode>
                </TextEquiv>
            </TextLine>
            <TextLine id="r3l7" custom="readingOrder {index:5;}">
                <Coords points="489,652 2135,673 2212,654 2212,597 489,604"/>
                <Baseline points="501,635 586,636 671,638 756,638 841,639 926,639 1011,641 1096,641 1181,642 1266,642 1351,644 1436,644 1521,644 1606,645 1691,645 1776,645 1861,647 1946,647 2031,647 2116,648 2201,648"/>
                <TextEquiv>
                    <Unicode>dis: vt iam restat declarare. Cum enim vt dictum est quaest. proxima hominibus submersis in pro-</Unicode>
                </TextEquiv>
            </TextLine>
            <TextLine id="r3l8" custom="readingOrder {index:6;}">
                <Coords points="482,708 2174,729 2225,660 483,654"/>
                <Baseline points="494,690 580,692 666,692 752,693 838,693 924,694 1010,695 1096,695 1182,695 1268,696 1354,696 1440,696 1526,698 1612,698 1698,698 1784,699 1870,699 1956,701 2042,702 2128,704 2214,705"/>
                <TextEquiv>
                    <Unicode>fundo peccatorum scientia ista conscribenda erat: qui omnino inhabiles erant ad perfectiora ope</Unicode>
                </TextEquiv>
            </TextLine>
            <TextLine id="r3l9" custom="readingOrder {index:7;}">
                <Coords points="488,761 2143,784 2219,770 2220,713 488,708"/>
                <Baseline points="498,743 583,744 669,744 754,746 840,746 925,747 1011,747 1096,747 1182,749 1267,749 1353,749 1438,750 1524,750 1609,752 1695,752 1780,752 1866,753 1951,755 2037,755 2122,756 2208,758"/>
                <TextEquiv>
                    <Unicode>ra virtutum exercenda: sed sufficiebat eis si ab initio possent vsum peccatorum dimittere:</Unicode>
                </TextEquiv>
            </TextLine>
            <TextLine id="r3l10" custom="readingOrder {index:8;}">
                <Coords points="488,808 2228,826 2226,762 488,761"/>
                <Baseline points="498,797 588,798 678,798 769,800 859,800 950,801 1040,801 1131,803 1221,803 1312,803 1402,804 1493,804 1583,804 1674,806 1764,806 1855,807 1945,807 2036,809 2126,810 2217,812"/>
                <TextEquiv>
                    <Unicode>&amp; tunc demum ad opera perfectionis &amp; virtutum anhelare: Idcirco eis ab initio ista scientia per</Unicode>
                </TextEquiv>
            </TextLine>
            <TextLine id="r3l11" custom="readingOrder {index:9;}">
                <Coords points="481,865 2223,873 2197,819 481,813"/>
                <Baseline points="492,851 578,851 664,852 750,853 836,854 922,854 1008,855 1094,855 1180,856 1266,857 1352,857 1438,858 1524,858 1610,858 1696,860 1782,860 1868,861 1954,861 2040,863 2126,863 2213,864"/>
                <TextEquiv>
                    <Unicode>fecte describi non debuit: sed aliquis gradus in ea: vt in minori assuefacti ad magis perfectum</Unicode>
                </TextEquiv>
            </TextLine>
            <TextLine id="r3l12" custom="readingOrder {index:10;}">
                <Coords points="479,919 2219,938 2193,872 479,865"/>
                <Baseline points="489,903 579,905 669,906 760,908 850,908 941,909 1031,909 1122,911 1212,911 1303,911 1393,911 1484,911 1574,912 1665,912 1755,913 1846,914 1936,915 2027,915 2117,917 2208,920"/>
                <TextEquiv>
                    <Unicode>suscipiendum fierent idonei. vt sic primo pars illa quae faciliora &amp; minus perfecta describeret, in veteri</Unicode>
                </TextEquiv>
            </TextLine>
            <TextLine id="r3l13" custom="readingOrder {index:11;}">
                <Coords points="487,976 2223,987 2223,937 2004,921 488,917"/>
                <Baseline points="498,959 583,959 669,960 755,960 841,962 926,962 1012,962 1098,962 1184,963 1269,963 1355,963 1441,965 1527,965 1612,965 1698,966 1784,966 1870,968 1955,968 2041,969 2127,971 2213,972"/>
                <TextEquiv>
                    <Unicode>testamento: deinde consequenter illa quae difficiliora &amp; perfectiora edicta continet in nouo testamen-</Unicode>
                </TextEquiv>
            </TextLine>
            <TextLine id="r3l14" custom="readingOrder {index:12;}">
                <Coords points="484,1024 2139,1044 2226,1036 2227,988 485,976"/>
                <Baseline points="495,1011 581,1013 667,1013 753,1014 839,1014 925,1016 1011,1016 1097,1016 1183,1016 1269,1017 1355,1017 1441,1017 1527,1017 1613,1019 1699,1019 1785,1020 1871,1020 1957,1022 2043,1023 2129,1025 2216,1028"/>
                <TextEquiv>
                    <Unicode>to traderetur: vt per primam partem fugere peccata disceret timore poenae: per secundam virtu</Unicode>
                </TextEquiv>
            </TextLine>
            <TextLine id="r3l15" custom="readingOrder {index:13;}">
                <Coords points="490,1080 2215,1093 2167,1032 491,1024"/>
                <Baseline points="501,1062 586,1065 671,1067 756,1068 841,1068 926,1070 1011,1070 1097,1070 1182,1070 1267,1070 1352,1071 1437,1071 1522,1071 1607,1071 1693,1071 1778,1073 1863,1074 1948,1076 2033,1077 2118,1079 2204,1082"/>
                <TextEquiv>
                    <Unicode>tes amare zelo iustitiae. Propter quod dixit apostolus. Ad nihil perfectum ducit lex: sed paedagogus</Unicode>
                </TextEquiv>
            </TextLine>
            <TextLine id="r3l16" custom="readingOrder {index:14;}">
                <Coords points="480,1135 2229,1158 2229,1099 2108,1087 481,1081"/>
                <Baseline points="492,1118 578,1118 664,1119 751,1121 837,1122 923,1122 1010,1122 1096,1124 1182,1124 1269,1124 1355,1125 1441,1125 1528,1125 1614,1126 1700,1127 1787,1127 1873,1128 1959,1130 2046,1131 2132,1133 2219,1134"/>
                <TextEquiv>
                    <Unicode>noster fuit in Christo. Hinc est quod dicitur in collatione praedicta. Quia lex naturalis corrupta fuerat</Unicode>
                </TextEquiv>
            </TextLine>
            <TextLine id="r3l17" custom="readingOrder {index:15;}">
                <Coords points="490,1189 2130,1201 2217,1191 2218,1145 491,1132"/>
                <Baseline points="501,1172 586,1173 671,1174 756,1175 842,1175 927,1176 1012,1176 1098,1176 1183,1176 1268,1176 1354,1177 1439,1178 1524,1178 1609,1178 1695,1178 1780,1179 1865,1181 1951,1181 2036,1183 2121,1185 2207,1187"/>
                <TextEquiv>
                    <Unicode>vsu libidineque peccandi apposita est adiutrix naturae legis Mosaicae seuera districtio: vt vel me-</Unicode>
                </TextEquiv>
            </TextLine>
            <TextLine id="r3l18" custom="readingOrder {index:16;}">
                <Coords points="476,1245 2227,1245 2227,1199 2062,1189 477,1195"/>
                <Baseline points="488,1224 574,1226 660,1227 747,1227 833,1229 920,1229 1006,1229 1092,1229 1179,1230 1265,1230 1352,1230 1438,1230 1524,1232 1611,1232 1697,1232 1784,1233 1870,1235 1956,1236 2043,1236 2129,1238 2216,1241"/>
                <TextEquiv>
                    <Unicode>tu poenae praesentis non penitus litera scientiae naturalis extingueretur, quae tantum du- </Unicode>
                </TextEquiv>
            </TextLine>
            <TextLine id="r3l19" custom="readingOrder {index:17;}">
                <Coords points="488,1294 2151,1312 2227,1308 2228,1245 488,1244"/>
                <Baseline points="498,1277 583,1278 669,1280 755,1281 841,1281 927,1283 1013,1283 1099,1283 1185,1283 1271,1284 1357,1284 1442,1284 1528,1284 1614,1286 1700,1286 1786,1287 1872,1287 1958,1289 2044,1292 2130,1294 2216,1296"/>
                <TextEquiv>
                    <Unicode>rare debuit quo pristinae legis naturae possent sustinere mandata, quae in lege euangelii erant</Unicode>
                </TextEquiv>
            </TextLine>
            <TextLine id="r3l20" custom="readingOrder {index:18;}">
                <Coords points="486,1348 2224,1352 2181,1302 486,1296"/>
                <Baseline points="498,1331 583,1332 669,1334 755,1335 841,1335 926,1336 1012,1337 1098,1337 1184,1337 1269,1337 1355,1337 1441,1338 1527,1338 1612,1338 1698,1340 1784,1340 1870,1341 1955,1343 2041,1344 2127,1346 2213,1349"/>
                <TextEquiv>
                    <Unicode>diuulganda. Quoniam vt dicit Ambrosius super Lucam, lob, Melchisedech, Abraham, lsaac, Ia-</Unicode>
                </TextEquiv>
            </TextLine>
            <TextLine id="r3l21" custom="readingOrder {index:19;}">
                <Coords points="486,1395 2222,1410 2222,1353 487,1348"/>
                <Baseline points="497,1386 582,1388 668,1388 753,1389 839,1389 925,1389 1010,1391 1096,1391 1182,1391 1267,1391 1353,1391 1439,1391 1524,1392 1610,1392 1696,1392 1781,1394 1867,1395 1953,1397 2038,1398 2124,1400 2210,1403"/>
                <TextEquiv>
                    <Unicode>cob per fidem sine lege viuebant. Praeuenientes enim legem patriarchae sancti praeceptorum vincu-</Unicode>
                </TextEquiv>
            </TextLine>
            <TextLine id="r3l22" custom="readingOrder {index:20;}">
                <Coords points="488,1450 2219,1471 2204,1408 488,1396"/>
                <Baseline points="498,1439 583,1439 668,1440 754,1442 839,1442 925,1442 1010,1443 1096,1443 1181,1443 1267,1443 1352,1443 1437,1445 1523,1445 1608,1445 1694,1446 1779,1446 1865,1448 1950,1449 2036,1451 2121,1452 2207,1455"/>
                <TextEquiv>
                    <Unicode>lis absoluti libera &amp; consimili nobis euangelii gratia refulserunt. &amp; sequitur. Multo melius egis-</Unicode>
                </TextEquiv>
            </TextLine>
            <TextLine id="r3l23" custom="readingOrder {index:21;}">
                <Coords points="478,1504 2227,1518 2194,1465 478,1454"/>
                <Baseline points="489,1493 575,1493 661,1494 748,1496 834,1496 920,1496 1007,1497 1093,1497 1179,1497 1266,1497 1352,1497 1438,1497 1525,1499 1611,1499 1697,1500 1784,1500 1870,1502 1956,1503 2043,1505 2129,1508 2216,1511"/>
                <TextEquiv>
                    <Unicode>set circuncisus populus: si vitam maiorum voluisset imitari. Sic enim fuisset vna aedificatio prio</Unicode>
                </TextEquiv>
            </TextLine>
            <TextLine id="r3l24" custom="readingOrder {index:22;}">
                <Coords points="478,1559 2139,1584 2226,1578 2227,1526 478,1504"/>
                <Baseline points="489,1545 575,1547 661,1548 748,1550 834,1550 920,1550 1007,1550 1093,1550 1179,1550 1266,1550 1352,1550 1438,1551 1525,1551 1611,1551 1697,1553 1784,1553 1870,1554 1956,1557 2043,1559 2129,1562 2216,1565"/>
                <TextEquiv>
                    <Unicode>rum ac sequentium. Sed quia primum illum vitae actum posterioris infirmitas non potuit implere</Unicode>
                </TextEquiv>
            </TextLine>
            <TextLine id="r3l25" custom="readingOrder {index:23;}">
                <Coords points="479,1609 2230,1627 2230,1581 1867,1563 479,1568"/>
                <Baseline points="489,1599 575,1601 662,1602 748,1602 835,1604 921,1604 1008,1604 1094,1604 1181,1604 1267,1604 1354,1604 1441,1605 1527,1605 1614,1605 1700,1607 1787,1607 1873,1609 1960,1611 2046,1613 2133,1616 2220,1619"/>
                <TextEquiv>
                    <Unicode>tanquam medius paries interiectus est: ne continua bonorum morum aedificatio rumperetur. Et</Unicode>
                </TextEquiv>
            </TextLine>
            <TextLine id="r3l26" custom="readingOrder {index:24;}">
                <Coords points="481,1661 2232,1685 2233,1624 482,1609"/>
                <Baseline points="492,1652 578,1653 665,1655 751,1656 838,1656 924,1658 1011,1658 1097,1658 1184,1658 1270,1658 1357,1658 1443,1658 1530,1659 1616,1659 1703,1659 1789,1661 1876,1662 1962,1664 2049,1666 2135,1668 2222,1671"/>
                <TextEquiv>
                    <Unicode>ideo vt dicitur in dicta collatione: non erat possibile euangelicam perfectionem tradi ante legis</Unicode>
                </TextEquiv>
            </TextLine>
            <TextLine id="r3l27" custom="readingOrder {index:25;}">
                <Coords points="481,1714 2230,1739 2230,1685 1824,1666 482,1670"/>
                <Baseline points="492,1704 578,1706 664,1709 751,1710 837,1710 923,1712 1010,1712 1096,1712 1182,1712 1269,1712 1355,1712 1441,1712 1528,1712 1614,1713 1700,1713 1787,1715 1873,1716 1959,1718 2046,1721 2132,1724 2219,1728"/>
                <TextEquiv>
                    <Unicode>custodiam. Non enim poterant audire, Qui te percusserit in dextera maxilla praebe illi &amp; alteram,</Unicode>
                </TextEquiv>
            </TextLine>
            <TextLine id="r3l28" custom="readingOrder {index:26;}">
                <Coords points="474,1783 2227,1788 2101,1730 474,1716"/>
                <Baseline points="485,1758 571,1760 658,1761 744,1763 831,1764 917,1764 1004,1764 1090,1766 1177,1766 1263,1766 1350,1766 1437,1766 1523,1766 1610,1767 1696,1767 1783,1769 1869,1770 1956,1772 2042,1775 2129,1776 2216,1781"/>
                <TextEquiv>
                    <Unicode>qui contenti non erant tali aequalitate iniurias, proprias vindicare, sed telorum vulnera pro alapa le</Unicode>
                </TextEquiv>
            </TextLine>
            <TextLine id="r3l29" custom="readingOrder {index:27;}">
                <Coords points="477,1821 2232,1848 2232,1785 477,1784"/>
                <Baseline points="488,1812 574,1814 661,1815 747,1817 834,1817 921,1818 1007,1818 1094,1818 1180,1818 1267,1819 1354,1820 1440,1820 1527,1820 1613,1820 1700,1821 1787,1823 1873,1824 1960,1826 2046,1829 2133,1832 2220,1835"/>
                <TextEquiv>
                    <Unicode>uissima rependebant: &amp; pro vno dente animas percutientium expetebant. Sed nec dici illis poterat, Di</Unicode>
                </TextEquiv>
            </TextLine>
            <TextLine id="r3l30" custom="readingOrder {index:28;}">
                <Coords points="470,1877 2229,1905 2214,1844 470,1818"/>
                <Baseline points="480,1866 571,1868 663,1869 754,1869 846,1871 937,1871 1029,1871 1120,1872 1212,1872 1303,1872 1395,1872 1486,1873 1578,1874 1669,1875 1761,1876 1852,1878 1944,1880 2035,1882 2127,1884 2219,1889"/>
                <TextEquiv>
                    <Unicode>ligite inimicos vestros: in quibus magni fructus dicebantur vt amicos suos diligerent, declinarent</Unicode>
                </TextEquiv>
            </TextLine>
            <TextLine id="r3l31" custom="readingOrder {index:29;}">
                <Coords points="481,1931 2229,1973 2230,1908 481,1892"/>
                <Baseline points="492,1919 578,1920 664,1922 751,1923 837,1923 923,1925 1010,1925 1096,1925 1182,1925 1269,1926 1355,1926 1441,1926 1528,1926 1614,1928 1700,1928 1787,1929 1873,1931 1959,1932 2046,1935 2132,1937 2219,1941"/>
                <TextEquiv>
                    <Unicode>vero ab inimicis: &amp; solo ab illis odio dissiderent: nec opprimere illos &amp; occidere festinarent. Mo-</Unicode>
                </TextEquiv>
            </TextLine>
            <TextLine id="r3l32" custom="readingOrder {index:30;}">
                <Coords points="464,2001 2219,2013 2220,1968 465,1927"/>
                <Baseline points="476,1974 562,1976 649,1977 735,1977 822,1979 909,1979 995,1979 1082,1979 1168,1979 1255,1979 1342,1979 1428,1980 1515,1980 1601,1982 1688,1982 1775,1983 1861,1985 1948,1988 2034,1991 2121,1994 2208,1997"/>
                <TextEquiv>
                    <Unicode>saicae igitur iustitiae modus a talibus prius custodiendus erat: non excedere in vindicta modum, </Unicode>
                </TextEquiv>
            </TextLine>
            <TextLine id="r3l33" custom="readingOrder {index:31;}">
                <Coords points="482,2034 2115,2068 2231,2017 482,1997"/>
                <Baseline points="492,2027 578,2028 664,2030 751,2031 837,2031 923,2033 1010,2033 1096,2033 1182,2033 1269,2033 1355,2034 1441,2034 1528,2034 1614,2034 1700,2036 1787,2037 1873,2039 1959,2040 2046,2043 2132,2046 2219,2049"/>
                <TextEquiv>
                    <Unicode>ne plus rependat quisque quam acceperit, &amp; tunc demum nouae legis gratiam valet suscipere, vt non so-</Unicode>
                </TextEquiv>
            </TextLine>
            <TextLine id="r3l34" custom="readingOrder {index:32;}">
                <Coords points="470,2095 2221,2117 2221,2061 2141,2054 471,2036"/>
                <Baseline points="482,2079 568,2081 654,2082 741,2084 827,2084 914,2084 1000,2084 1086,2085 1173,2085 1259,2085 1346,2085 1432,2085 1518,2087 1605,2087 1691,2088 1778,2090 1864,2092 1950,2094 2037,2097 2123,2100 2210,2105"/>
                <TextEquiv>
                    <Unicode>lum vindictam non expetat: sed etiam totam remittat: insuper &amp; iniurianti beneficia cumulet.</Unicode>
                </TextEquiv>
            </TextLine>
            <TextLine id="r3l35" custom="readingOrder {index:33;}">
                <Coords points="475,2141 2169,2179 2222,2117 475,2089"/>
                <Baseline points="485,2133 571,2135 657,2135 743,2136 830,2136 916,2136 1002,2136 1088,2138 1175,2138 1261,2138 1347,2138 1433,2139 1520,2139 1606,2141 1692,2142 1778,2144 1865,2145 1951,2148 2037,2151 2123,2154 2210,2157"/>
                <TextEquiv>
                    <Unicode>secundum illud. Si sitit inimicus tuus, potum da illi. Quia vt dicit Augustinus. i. de ser. do. in monte.</Unicode>
                </TextEquiv>
            </TextLine>
            <TextLine id="r3l36" custom="readingOrder {index:34;}">
                <Coords points="476,2196 2116,2229 2224,2222 2225,2174 477,2141"/>
                <Baseline points="486,2186 572,2187 658,2189 745,2190 831,2190 917,2190 1004,2192 1090,2192 1176,2192 1263,2192 1349,2192 1435,2193 1522,2193 1608,2195 1694,2195 1781,2197 1867,2199 1953,2202 2040,2204 2126,2208 2213,2213"/>
                <TextEquiv>
                    <Unicode>Magnus hic iustitiae gradus oculum pro oculo, dentem pro dente: quibus nominibus signatur modus: vt</Unicode>
                </TextEquiv>
            </TextLine>
            <TextLine id="r3l37" custom="readingOrder {index:35;}">
                <Coords points="468,2263 2228,2268 2228,2220 2002,2211 469,2198"/>
                <Baseline points="480,2240 566,2241 653,2241 740,2243 827,2243 914,2244 1000,2244 1087,2244 1174,2246 1261,2246 1348,2246 1434,2247 1521,2247 1608,2248 1695,2249 1782,2251 1868,2253 1955,2255 2042,2258 2129,2262 2216,2265"/>
                <TextEquiv>
                    <Unicode>iniuria vindictam non transeat: &amp; haec est quaedam pacis inchoatio. Perfecta vero pax est talem peni-</Unicode>
                </TextEquiv>
            </TextLine>
            <TextLine id="r3l38" custom="readingOrder {index:36;}">
                <Coords points="470,2302 2214,2329 2169,2272 470,2263"/>
                <Baseline points="480,2294 566,2294 652,2295 738,2297 824,2297 911,2298 997,2298 1083,2298 1169,2300 1255,2300 1342,2300 1428,2301 1514,2301 1600,2303 1686,2304 1773,2306 1859,2307 1945,2309 2031,2312 2117,2314 2204,2318"/>
                <TextEquiv>
                    <Unicode>tus nolle vindictam. Inter ergo illud primum quod praeter legem est: vt maius malum pro minore red-</Unicode>
                </TextEquiv>
            </TextLine>
            <TextLine id="r3l39" custom="readingOrder {index:37;}">
                <Coords points="469,2357 2218,2385 2219,2324 470,2307"/>
                <Baseline points="480,2346 566,2348 652,2349 739,2351 825,2351 911,2351 998,2352 1084,2352 1170,2352 1257,2354 1343,2354 1429,2354 1516,2355 1602,2357 1688,2357 1775,2358 1861,2361 1947,2363 2034,2365 2120,2367 2207,2372"/>
                <TextEquiv>
                    <Unicode>datur: &amp; hoc quod dominus discipulis dicit: ne pro malo vllum reddatur malum, medium quemdam</Unicode>
                </TextEquiv>
            </TextLine>
            <TextLine id="r3l40" custom="readingOrder {index:38;}">
                <Coords points="465,2422 2114,2446 2222,2436 2223,2382 466,2357"/>
                <Baseline points="476,2400 562,2402 649,2403 736,2403 823,2405 909,2405 996,2406 1083,2406 1170,2406 1256,2408 1343,2408 1430,2408 1517,2409 1603,2411 1690,2411 1777,2412 1864,2415 1950,2417 2037,2420 2124,2423 2211,2426"/>
                <TextEquiv>
                    <Unicode>locum tenet: vt tantum reddatur quantum acceptum est. Per quod a summa discordia ad summam con</Unicode>
                </TextEquiv>
            </TextLine>
            <TextLine id="r3l41" custom="readingOrder {index:39;}">
                <Coords points="480,2472 2216,2488 2216,2434 2160,2431 481,2422"/>
                <Baseline points="492,2454 577,2456 663,2457 748,2459 834,2459 920,2460 1005,2460 1091,2460 1176,2462 1262,2462 1348,2462 1433,2462 1519,2463 1604,2465 1690,2465 1776,2467 1861,2469 1947,2471 2032,2474 2118,2477 2204,2480"/>
                <TextEquiv>
                    <Unicode>cordiam: pro temporum distributrione transitus factus est: vt homo per legem Moysi adiutus: ipsa</Unicode>
                </TextEquiv>
            </TextLine>
            <TextLine id="r3l42" custom="readingOrder {index:40;}">
                <Coords points="476,2524 2141,2552 2226,2545 2227,2490 476,2472"/>
                <Baseline points="486,2510 572,2511 659,2511 745,2513 832,2514 918,2514 1005,2514 1091,2516 1178,2516 1264,2516 1351,2517 1437,2517 1524,2518 1610,2519 1697,2520 1783,2522 1870,2523 1956,2525 2043,2527 2129,2529 2216,2532"/>
                <TextEquiv>
                    <Unicode>tanquam paedagoga vtatur: &amp; ad legis naturae praecepta non in tabulis lapideis: sed in tabulis cordis scri</Unicode>
                </TextEquiv>
            </TextLine>
            <TextLine id="r3l43" custom="readingOrder {index:41;}">
                <Coords points="480,2587 2220,2588 2194,2539 480,2526"/>
                <Baseline points="492,2562 577,2564 663,2565 749,2567 835,2567 921,2568 1007,2568 1093,2568 1179,2568 1265,2570 1351,2570 1436,2570 1522,2571 1608,2571 1694,2573 1780,2574 1866,2576 1952,2577 2038,2580 2124,2583 2210,2586"/>
                <TextEquiv>
                    <Unicode>pta reuertatur. dicente domino per Hieremiam prophetam: quod &amp; assumit apostolus. Heb. x. Ecce dies ve-</Unicode>
                </TextEquiv>
            </TextLine>
            <TextLine id="r3l44" custom="readingOrder {index:42;}">
                <Coords points="478,2638 2193,2665 2225,2593 478,2585"/>
                <Baseline points="489,2613 575,2615 661,2617 747,2619 833,2619 920,2621 1006,2622 1092,2622 1178,2622 1264,2624 1351,2624 1437,2624 1523,2625 1609,2625 1695,2627 1782,2628 1868,2630 1954,2631 2040,2634 2126,2637 2213,2640"/>
                <TextEquiv>
                    <Unicode>niunt, &amp; consummabo super domum luda &amp; super domum lsrael testamentum nouum: non secundum </Unicode>
                </TextEquiv>
            </TextLine>
            <TextLine id="r3l45" custom="readingOrder {index:43;}">
                <Coords points="468,2696 2193,2713 2209,2663 469,2637"/>
                <Baseline points="480,2669 565,2670 651,2672 737,2673 823,2675 909,2675 995,2676 1081,2676 1167,2676 1253,2678 1339,2678 1424,2678 1510,2679 1596,2679 1682,2681 1768,2682 1854,2684 1940,2685 2026,2687 2112,2691 2198,2694"/>
                <TextEquiv>
                    <Unicode>pactum quod pepigi cum pluribus eorum in die qua apprehendi eos: vt educerem eos de terra</Unicode>
                </TextEquiv>
            </TextLine>
            <TextLine id="r3l46" custom="readingOrder {index:44;}">
                <Coords points="466,2730 2213,2767 2213,2704 2055,2695 467,2696"/>
                <Baseline points="477,2720 563,2723 649,2726 735,2727 822,2729 908,2730 994,2730 1080,2730 1167,2732 1253,2732 1339,2732 1425,2732 1512,2733 1598,2733 1684,2735 1770,2735 1857,2736 1943,2739 2029,2741 2115,2744 2202,2747"/>
                <TextEquiv>
                    <Unicode>aegypti: sed hoc erit pactum meum: dabo legem meam in visceribus eorum: &amp; in corde eorum</Unicode>
                </TextEquiv>
            </TextLine>
            <TextLine id="r3l47" custom="readingOrder {index:45;}">
                <Coords points="472,2800 2210,2817 2145,2753 473,2739"/>
                <Baseline points="483,2774 568,2777 654,2778 740,2781 826,2783 911,2783 997,2784 1083,2785 1169,2786 1254,2786 1340,2786 1426,2786 1512,2787 1597,2787 1683,2789 1769,2789 1855,2790 1940,2792 2026,2795 2112,2797 2198,2801"/>
                <TextEquiv>
                    <Unicode>scribam eam. Esa. xi. Lex mea in corde ipsorum. Glos. interli. Euangelium. Vnde statim deficien</Unicode>
                </TextEquiv>
            </TextLine>
            <TextLine id="r3l48" custom="readingOrder {index:46;}">
                <Coords points="484,2840 2209,2865 2209,2817 2125,2807 485,2788"/>
                <Baseline points="495,2825 580,2829 665,2832 750,2834 835,2836 921,2837 1006,2838 1091,2839 1176,2840 1261,2840 1347,2840 1432,2841 1517,2841 1602,2841 1687,2843 1773,2843 1858,2844 1943,2846 2028,2849 2113,2851 2199,2855"/>
                <TextEquiv>
                    <Unicode>te lege naturae non erat describenda lex euangelii, sicut nec Christus eam scripsit: quia non erat</Unicode>
                </TextEquiv>
            </TextLine>
            <TextLine id="r3l49" custom="readingOrder {index:47;}">
                <Coords points="481,2905 2142,2926 2212,2920 2213,2866 481,2842"/>
                <Baseline points="492,2879 577,2882 662,2886 748,2888 833,2891 919,2892 1004,2892 1090,2894 1175,2894 1261,2894 1346,2895 1431,2895 1517,2895 1602,2895 1688,2897 1773,2897 1859,2898 1944,2900 2030,2901 2115,2904 2201,2909"/>
                <TextEquiv>
                    <Unicode>literis conscribenda: vt discatur: sed solum praedicationibus proponenda: vt in cordibus homi-</Unicode>
                </TextEquiv>
            </TextLine>
            <TextLine id="r3l50" custom="readingOrder {index:48;}">
                <Coords points="486,2959 2207,2972 2162,2915 487,2901"/>
                <Baseline points="498,2933 582,2937 667,2940 752,2943 837,2945 922,2946 1007,2948 1092,2948 1177,2948 1262,2949 1347,2949 1431,2949 1516,2949 1601,2949 1686,2951 1771,2951 1856,2952 1941,2954 2026,2956 2111,2960 2196,2963"/>
                <TextEquiv>
                    <Unicode>num scripta legatur. Sed quia post praedicationem euangelii (vt dicit Chrysostomus) sicut prio</Unicode>
                </TextEquiv>
            </TextLine>
            <TextLine id="r3l51" custom="readingOrder {index:49;}">
                <Coords points="488,3005 2206,3033 2206,2973 2111,2967 488,2959"/>
                <Baseline points="498,2987 582,2991 667,2994 752,2997 837,2999 922,3000 1007,3002 1092,3002 1177,3002 1262,3003 1347,3003 1431,3003 1516,3003 1601,3003 1686,3003 1771,3005 1856,3006 1941,3008 2026,3011 2111,3014 2196,3018"/>
                <TextEquiv>
                    <Unicode>res a lege naturae: sic &amp; posteriores multi a recto calle euangelicae praedicationis detorserant,</Unicode>
                </TextEquiv>
            </TextLine>
            <TextLine id="r3l52" custom="readingOrder {index:50;}">
                <Coords points="482,3062 2071,3089 2206,3080 2207,3034 482,3001"/>
                <Baseline points="492,3039 577,3044 662,3047 747,3050 832,3052 918,3054 1003,3054 1088,3056 1173,3056 1258,3057 1344,3057 1429,3057 1514,3057 1599,3057 1684,3058 1770,3059 1855,3060 1940,3062 2025,3063 2110,3067 2196,3071"/>
                <TextEquiv>
                    <Unicode>eius rursus quae constat ex literis eguerunt: &amp; opus erat vt scriberentur euangelia: quae non </Unicode>
                </TextEquiv>
            </TextLine>
            <TextLine id="r3l53" custom="readingOrder {index:51;}">
                <Coords points="483,3116 2204,3134 2204,3080 2146,3077 484,3064"/>
                <Baseline points="495,3093 579,3098 664,3101 749,3104 834,3107 919,3108 1004,3109 1089,3110 1174,3110 1259,3110 1344,3110 1428,3111 1513,3111 1598,3111 1683,3111 1768,3113 1853,3114 1938,3116 2023,3118 2108,3121 2193,3125"/>
                <TextEquiv>
                    <Unicode>nisi ad naturalis legis recordationem erant diuulganda. ⁋ Ad primum quod auctor naturae facit</Unicode>
                </TextEquiv>
            </TextLine>
            <TextLine id="r3l54" custom="readingOrder {index:52;}">
                <Coords points="483,3173 2212,3199 2213,3134 2154,3131 484,3116"/>
                <Baseline points="495,3147 580,3152 665,3156 750,3158 836,3161 921,3162 1006,3164 1092,3164 1177,3164 1262,3165 1348,3165 1433,3164 1518,3165 1603,3165 1689,3165 1774,3167 1859,3167 1945,3170 2030,3172 2115,3176 2201,3180"/>
                <TextEquiv>
                    <Unicode>quod melius est: dicendum quod verum est quando est possibilius &amp; congruentius. Nunc autem non ita</Unicode>
                </TextEquiv>
            </TextLine>
            <TextLine id="r3l55" custom="readingOrder {index:53;}">
                <Coords points="483,3218 2203,3242 2204,3188 2097,3182 484,3173"/>
                <Baseline points="495,3201 579,3206 664,3209 749,3213 834,3215 919,3216 1004,3218 1089,3218 1174,3218 1259,3219 1344,3219 1428,3219 1513,3219 1598,3219 1683,3219 1768,3221 1853,3221 1938,3224 2023,3225 2108,3230 2193,3233"/>
                <TextEquiv>
                    <Unicode>conueniens &amp; congruum fuit homini totam simul conscribere: vt per partes: sicut dictum est.</Unicode>
                </TextEquiv>
            </TextLine>
            <TextLine id="r3l56" custom="readingOrder {index:54;}">
                <Coords points="485,3298 2133,3325 2209,3310 2210,3256 485,3222"/>
                <Baseline points="495,3258 580,3263 665,3266 750,3268 835,3270 921,3272 1006,3273 1091,3273 1176,3274 1261,3275 1347,3275 1432,3275 1517,3275 1602,3275 1687,3276 1773,3276 1858,3278 1943,3279 2028,3281 2113,3283 2199,3287"/>
                <TextEquiv>
                    <Unicode>⁋ Ad secundum quod scientia perfectior perfectius &amp; facilius instruit, dicendum quod verum est, quando </Unicode>
                </TextEquiv>
            </TextLine>
            <TextEquiv>
                <Unicode>⁋ Dicendum ad hoc: quod cum vt dictum est: scientia ista non nisi in vsum &amp; auxilium ho-
minum literis describenda erat: eo modo &amp; tempore describenda erat quo vsui hominis magis competit. Nunc
autem ita est: vt patet ex dictis: quod homo per hanc scientiam ab imperfecto ducendus est ad perfectum:
quod oportuit fieri gradatim a minus perfecto ascendendo ad magis perfectum. Et hoc non tan- 
tum in cognoscendis: vt declaratum est supra eodem articulo, quaestione tertia: sed etiam in agen-
dis: vt iam restat declarare. Cum enim vt dictum est quaest. proxima hominibus submersis in pro-
fundo peccatorum scientia ista conscribenda erat: qui omnino inhabiles erant ad perfectiora ope
ra virtutum exercenda: sed sufficiebat eis si ab initio possent vsum peccatorum dimittere:
&amp; tunc demum ad opera perfectionis &amp; virtutum anhelare: Idcirco eis ab initio ista scientia per
fecte describi non debuit: sed aliquis gradus in ea: vt in minori assuefacti ad magis perfectum
suscipiendum fierent idonei. vt sic primo pars illa quae faciliora &amp; minus perfecta describeret, in veteri
testamento: deinde consequenter illa quae difficiliora &amp; perfectiora edicta continet in nouo testamen-
to traderetur: vt per primam partem fugere peccata disceret timore poenae: per secundam virtu
tes amare zelo iustitiae. Propter quod dixit apostolus. Ad nihil perfectum ducit lex: sed paedagogus
noster fuit in Christo. Hinc est quod dicitur in collatione praedicta. Quia lex naturalis corrupta fuerat
vsu libidineque peccandi apposita est adiutrix naturae legis Mosaicae seuera districtio: vt vel me-
tu poenae praesentis non penitus litera scientiae naturalis extingueretur, quae tantum du- 
rare debuit quo pristinae legis naturae possent sustinere mandata, quae in lege euangelii erant
diuulganda. Quoniam vt dicit Ambrosius super Lucam, lob, Melchisedech, Abraham, lsaac, Ia-
cob per fidem sine lege viuebant. Praeuenientes enim legem patriarchae sancti praeceptorum vincu-
lis absoluti libera &amp; consimili nobis euangelii gratia refulserunt. &amp; sequitur. Multo melius egis-
set circuncisus populus: si vitam maiorum voluisset imitari. Sic enim fuisset vna aedificatio prio
rum ac sequentium. Sed quia primum illum vitae actum posterioris infirmitas non potuit implere
tanquam medius paries interiectus est: ne continua bonorum morum aedificatio rumperetur. Et
ideo vt dicitur in dicta collatione: non erat possibile euangelicam perfectionem tradi ante legis
custodiam. Non enim poterant audire, Qui te percusserit in dextera maxilla praebe illi &amp; alteram,
qui contenti non erant tali aequalitate iniurias, proprias vindicare, sed telorum vulnera pro alapa le
uissima rependebant: &amp; pro vno dente animas percutientium expetebant. Sed nec dici illis poterat, Di
ligite inimicos vestros: in quibus magni fructus dicebantur vt amicos suos diligerent, declinarent
vero ab inimicis: &amp; solo ab illis odio dissiderent: nec opprimere illos &amp; occidere festinarent. Mo-
saicae igitur iustitiae modus a talibus prius custodiendus erat: non excedere in vindicta modum, 
ne plus rependat quisque quam acceperit, &amp; tunc demum nouae legis gratiam valet suscipere, vt non so-
lum vindictam non expetat: sed etiam totam remittat: insuper &amp; iniurianti beneficia cumulet.
secundum illud. Si sitit inimicus tuus, potum da illi. Quia vt dicit Augustinus. i. de ser. do. in monte.
Magnus hic iustitiae gradus oculum pro oculo, dentem pro dente: quibus nominibus signatur modus: vt
iniuria vindictam non transeat: &amp; haec est quaedam pacis inchoatio. Perfecta vero pax est talem peni-
tus nolle vindictam. Inter ergo illud primum quod praeter legem est: vt maius malum pro minore red-
datur: &amp; hoc quod dominus discipulis dicit: ne pro malo vllum reddatur malum, medium quemdam
locum tenet: vt tantum reddatur quantum acceptum est. Per quod a summa discordia ad summam con
cordiam: pro temporum distributrione transitus factus est: vt homo per legem Moysi adiutus: ipsa
tanquam paedagoga vtatur: &amp; ad legis naturae praecepta non in tabulis lapideis: sed in tabulis cordis scri
pta reuertatur. dicente domino per Hieremiam prophetam: quod &amp; assumit apostolus. Heb. x. Ecce dies ve-
niunt, &amp; consummabo super domum luda &amp; super domum lsrael testamentum nouum: non secundum 
pactum quod pepigi cum pluribus eorum in die qua apprehendi eos: vt educerem eos de terra
aegypti: sed hoc erit pactum meum: dabo legem meam in visceribus eorum: &amp; in corde eorum
scribam eam. Esa. xi. Lex mea in corde ipsorum. Glos. interli. Euangelium. Vnde statim deficien
te lege naturae non erat describenda lex euangelii, sicut nec Christus eam scripsit: quia non erat
literis conscribenda: vt discatur: sed solum praedicationibus proponenda: vt in cordibus homi-
num scripta legatur. Sed quia post praedicationem euangelii (vt dicit Chrysostomus) sicut prio
res a lege naturae: sic &amp; posteriores multi a recto calle euangelicae praedicationis detorserant,
eius rursus quae constat ex literis eguerunt: &amp; opus erat vt scriberentur euangelia: quae non 
nisi ad naturalis legis recordationem erant diuulganda. ⁋ Ad primum quod auctor naturae facit
quod melius est: dicendum quod verum est quando est possibilius &amp; congruentius. Nunc autem non ita
conueniens &amp; congruum fuit homini totam simul conscribere: vt per partes: sicut dictum est.
⁋ Ad secundum quod scientia perfectior perfectius &amp; facilius instruit, dicendum quod verum est, quando </Unicode>
            </TextEquiv>
        </TextRegion>
    </Page>
</PcGts>
