2435 3766
478 283 2203 366 dent: & amant quod non vident. Si ergo ex magna aliqua fabrica laudatur hominium consilium, vis vi-
484 361 2196 420 dere quale consilium dei est id i. verbum dei: Attende istam fabricam mundi: vide quae sunt facta per
502 418 2194 477 verbum: & cognosce quale sit. Vnde per hunc mundum ex aggregata notitia omnium creaturarum
478 470 2194 528 tanquam vna imagine perfecta diuinae artis: quantum perfectior poterit esse in creaturis: posuerunt philosophi per
484 519 2198 592 fectam haberi cognitionem dei quantum ex puris naturalibus haberi poterit, vt infra videbitur. Ad
484 574 2193 633 talem autem cognitionem diuini exemplaris homo non potest attingere ex puris naturalibus sine
484 622 2198 692 speciali illustratione: nec etiam in vita ista lumine communis gratiae. Secundum quod dicit Augustinus
486 677 2200 742 in lise. de fid. catholica loquens ad deum. Tua, inquit, essentia & species potest dici & forma: & est id
489 730 2194 799 quod est. reliqua autem non sunt id quid sunt. Haec verissime potest dicere ego sum quid sum. haec tanta & talis est
496 790 2201 846 vt de eius visione nihil in hac vita sibi vsurpare mens humana audeat: quid solis electis tuis praemium in sub
475 833 2204 893 sequenti remuneratione reseruas. Secundum quod dicitur super illud Habitat lucem inaccessibilem quam
481 886 2197 957 nullus hominum vidit: sed nec videre potest. scilicet in hac vita: post autem videbitur. Et quod in hac
488 949 2202 1007 vita videri non potest verum est nisi per donum gratiae specialis: qua homo per raptum a sensi-
490 1001 2210 1062 bus abstrahitur: quom Moyses & Paulus deum viderunt in hac vita per essentiam, vt dicit Augu
488 1049 2202 1114 stinus de videndo deum ad Paulinam: & quom beatus Bnedictus sub vno radio vidit totum mundum, vt dicit
477 1110 2206 1166 Gregorius in iiii. dialo, quia cum ad ipsius diuinae naturae exemplar videndum non potest attingere
485 1155 2201 1216 homo ex puris naturalibus sine speciali diuina illustratione, neque ad sciendum aliquam veritatem in
484 1209 2210 1278 creaturis aspiciendo ad ipsam. Si vero sciatur syncera veritas aspiciendo ad diuinum exemplar vt ad
487 1261 2210 1331 rationem cognoscendi, hoc modo posuit Plato omnem veritatem cognosci aspiciendo ad exemplar aeter
485 1324 2201 1380 num. Secundum quod dicit Augustinus inducens ad hoc auctoritatem Tullii, in epistola ad Diosco-
481 1374 2206 1437 rum. Illud, inquit, attende quoniam Plato a Cicerone multis modis apertissime ostenditur in sapientia
481 1423 2212 1488 non humana, sed plane diuina: vnde humana quodam modo attenditur: in illa vtique sapientia prorsus
489 1469 2212 1534 immutabili atque eodem modo semper se habente veritatem constituisse & finem boni & causas rerum
485 1531 2211 1591 & ratiocinandi fiduciam: oppugnatos autem esse nomine Epicureorum & Stoicorum a Platonicis eos
491 1578 2203 1643 qui in corporis vel in animi natura ponerent & finem boni & causas rerum & ratiocinandi fiduciam
482 1629 2211 1702 Durasse tamen errores fiue de moribus siue de natura rerum siue de ratione inuestigandae veritatis vs
485 1680 2205 1759 quod ad tempora christiana: quos iam obmutuisse conspicimus. Ex quo intelligitur ipsos quoque Pla-
486 1741 2200 1808 tonicae gentis philosophos paucis mutatis quae christiana improbat disciplina inuictissimo vni
487 1793 2201 1860 regi Christo pias ceruices oportere submittere: qui iussit & creditum est quod illi vel proferre metue-
485 1842 2210 1905 bant. Hanc igitur sententiam Platonis insecutus est Augustinus, secundum quod dicit in fine de Aca.
485 1902 2214 1969 Nulli dubium est gemino pondere nos impelli ad discendum, auctoritatis atque rationis. Mihi igi-
490 1961 2206 2023 tur certum est nunquam prorsus a Christi auctoritate discedere. Non enim reperio valentiorem. Quod au
484 2019 2200 2077 tem subtilissima ratione persequendum est (ita enim iam sum affectus, vt quid sit verum non creden-
479 2057 2210 2118 do solum, sed etiam intelligendo apprehendere desiderem) apud Platonem interim quid sacris no-
480 2109 2209 2180 stris non repugnat me reperturum esse confido. Et est sententia quam in omnibus libris suis tenet: quam
484 2165 2213 2228 & cum ipso teneamus: Dicendo quod nulla certa & infallibilis notitia veritatis syncerae a quocunque
484 2215 2200 2286 potest haberi nisi aspiciendo ad exemplar lucis & veritatis increatae: vnde illi soli certam veritatem va
484 2270 2206 2341 lent agnoscere qui eam in illo exemplari valent inspicere, quod non omnes valent, vt dicit de trinitate. viii. c. viii. sed pau
478 2321 2196 2393 ci acie ingenii transmutabilia omnia valentes transcendere: & regulis immutabilibus de mutabilibus
474 2376 2212 2449 iudicare, de quibus nullus iudicat, & fine quibus nullus certe iudicat, vt dicit in ii. libro de lib. arb.
481 2444 2193 2501 capit. vi. Hinc dicit. viii. de trinita. Eormas rerum corporalium per sensus haustas & quodammo-
480 2486 2194 2559 do infusas memoriae: ex quibus etiam ea quae non sunt visa ficto phantasmate cogitantur siue aliter quam
478 2536 2196 2602 sunt siue fortuito quomodo sunt, aliis omnino regulis super mentem nostram immutabiliter manen-
470 2590 2206 2656 tibus vel approbare apud nosmetipsos vel improbare conuincimur cum recte aliquid probamus autm
480 2644 2200 2715 improbamus. & ibidem. Cum arcum pulchrum & aequaliter intortum quem vidi Carthagini ani-
475 2692 2206 2769 mo reuoluo res quaedam menti nunciata per oculos memoriaeque transtusa imaginum aspectum
475 2753 2204 2820 facit: sed aliud mente conspicio, secundum quod mihi opus illud placet. vnde & si displiceret corrige-
469 2805 2199 2876 rem. ltaque de istis secundum illud iudicamus & cernimus rationalis intuitu mentis. Ista autem
479 2859 2203 2924 praesentia corporis tangimus: aut imagines absentium fixas in memoria recordamur: aut eorum
477 2913 2195 2986 similium talia fingimus: aliter figurantes animo imagines corporum aut per corpus corporalia vi
478 2965 2198 3030 dentes: aliter autem rationes artemque ineffabiliter pulchram talium sigurarum super aciem men-
474 3016 2212 3092 tis simplici intelligentia capientes. In illa ergo arte in qua temporalia facta sunt omnia, formam se
473 3076 2197 3158 cundum quam sumus, & secundum quam vel in nobis vel in corporibus vera & recta ratione aliquod ope-
