2365 3778
489 299 2204 395 brarum: & illum condidisse vetus testamentum. Deum autem verum condidisse nouum non vetus, quorum
490 387 2212 448 rationes ad hoc supra inductae sunt. Quorum error tam absurdus est: quod improbatione non indi
485 441 2205 504 get neque dignus est. Non enim est sapientis contra quamlibet positionem fatuam disputare. constat
483 496 2213 555 enim quod inimicus humani generis princeps tenebrarum leges salubres hominibus non daret:
484 553 2223 610 maxime quae ipsum hominem ad seruiendum deo vero ordinarent. Cum etiam secundum Manichaeos contra
481 602 2210 670 rii erant principes tenebrarum, & deus lucis: & adinuicem non cessabant pugnare: Sed potius si
490 658 2214 722 posset talis praecepta legis peruerteret. Quare cum huiusmodi leges & praecepta plurima de vno vero
481 712 2209 775 deo colendo: & proximum diligendo contineat vetus testamentum: nullo modo fatendum est: ipsum
485 756 2207 819 esse conscriptum ab aliquo principe tenebrarum: vel contrario vni deo vero. Propter quod dicit
490 808 2209 881 Chrysost. si haec ab initio diaboli lex fuisset: numquam intantum profecisset. nisi enim illa praeissent: non tam
488 861 2216 931 facile ista fuissent secuta. Si a diabolo esset vetus testamentum: nequaquam simulacra coli vetuisset:
480 916 2210 989 ex aduerso autem sui cultum etiam praecepisset. hoc enim diabolus fieri volebat. Eirmiter ergo credendum
487 972 2205 1035 est ab illo esse conscriptum & editum vetus testamentum a quo et nouum. Maxime cum secundum Au
480 1028 2207 1096 gustinum. xvi. de civitate dit Vetus testamentum non est aliud nisi noui occultatio: & nouum non est aliud
481 1083 2209 1157 nisi veteris reuelatio. & ideo dicit super Io. Ille dedit legem qui dedit gratiam. Sed legem per
487 1124 2207 1201 seruum misit: cum gratia ipse descendit. Vnde dicitur Numeri. xxxii. de tabulis veteris testa-
487 1184 2213 1261 menti: quia scriptura dei erat sculpta in tabulis. Nos igitur (vt dicit Chrysostomus super Matthicorum
476 1242 2211 1314 vnum atque eundem vtriusque testamenti asserimus conditorem: qui ad varias hominum vtilitates
487 1292 2222 1369 vtrumque testamentum diuersis tporibus dispensauit. Quod manifeste testatus est Hieremi. xxxi. cum dixit
477 1340 2216 1413 in persona domini. Eeriam domui lsrael, & domui luda fpedus nouum: non secundum pactum quod pe
481 1401 2214 1476 pigi cum patribus vestris &c. Qui ergo pepigit cum patribus in veteri testamento, pactum fe-
473 1449 1122 1518 cit cum filiis in nouo testamento.
472 1534 2214 1641 ⁋ Ad primum in oppositum: quod sapientis non est mutare quid statuit: Dicendum quod sa
478 1617 2222 1680 piens aliquando aliquid statuit propter id quid est in se rectum & perfectum: aliud vero statuit quia
480 1671 2215 1733 congruum & vtile alii. Quid statuit primo modo non mutat. Sic autem statuit praecepta nouae legis: cui
472 1723 2210 1792 nulla alia supuentura sunt: vt dictum est supra. Quod vero statuit secundo modo, bene mutat. Sicut me-
468 1768 2210 1854 dicus statuit diaetam convalescenti, quam mutat cum convalescens confirmatus est in sanitate: & sic statuit
468 1818 2219 1909 deus vetus testamentum tanquam veteri populo congruum: cui non posset conpetere nouum, quod postmodum
467 1883 2211 1962 conpetens fuit nouo ppistso, vt dictum est supra. Et hoc est quod dicit Augustinus de vera rel. Quicumque ideo
473 1930 2208 2016 negat vtrumque testamentum ab vno deo esse: quia non eisdem sacramentis tenetur populus ntur: quibus ludaei te
475 1991 2218 2061 nebantur, potest dicere non posse fieri vt idem paterfamilias iustissimus aliud imperet eis quibus seruitu
475 2034 2207 2108 tem duriorem vtilem iudicat, aliud eis quos in filiorum gradum adoptare dignatur. Si autem praece
484 2097 2203 2173 pta vitae mouent: quod in veteri lege minora sunt, in euangelio maiora: et ideo putant non ad vnum
481 2149 2209 2226 deum vtraque pertinere: potius putent se perturbari cum medicus alia per ministros suos im-
477 2194 2203 2268 becillioribus praecipiat: alia per seipsum, valentibus. Vt enim ars medicinae cum eadem maneat:
471 2252 2211 2332 neque vllo pacto ipsa mutetur: mutat tamen praecepta: quia mutabilis est valetudo: ita & diui
473 2309 2202 2387 na prouidentia cum sit ipsa omnino immutabilis, mutabili tamen creaturae subuenit, & pro diuer
474 2361 2207 2426 sitate morborum alias alia iubet ac vetat. ⁋ Ad secundum: quod idem non statuit contraria: dicendum quod scri
487 2421 2206 2489 ptura in nullo continet contraria. tunc enim contineret falsa: cum contraria non possint simul
488 2467 2208 2542 esse vera: licet illud opinati sunt Manichaei: secundum plura capitula quae inducunt, quasi contraria
487 2527 2207 2597 vtriusque legis, quae Augustinus ostendit concordantia in i. contra Adamantium & contra Faustum. Vnde quid
474 2565 2213 2642 ibi praecipitur, oculum pro oculo, non est contrarium illi quod hic dicitur. Si quis te percusserit in
482 2630 2208 2707 vna maxilla: praebe. &c. Nam vt dicit Chrysostomus, illud praecepit vt percussori timorem in-
487 2682 2198 2761 cuteret: Hoc vero praecepit vt percussum ad tolerantiam praeparet: percussorem supplicio ter-
478 2741 2204 2815 rendo: & percussum virtute patientiae consolidando. & hoc congruebat vtrique tempori & vtrique po
485 2785 2207 2869 pulo: vt patet ex supradictis. ⁋ Ad tertium: quod ab optimo non procedunt praecepta crudelita-
472 2847 2201 2919 tis: dicendum quod licet lex antiqua dicta sit lex crudelitatis propter edicta dura valde: tamen erat
472 2890 2196 2973 lex benignitatis: aspiciendo ad intentionem legislatoris: & statum populi veteris. Vnde Chry
476 2941 2202 3031 sostomus loquens de praecepto Talionis dicit. Illud praecepit non vt mutuo nobis oculos eru
469 3002 2202 3071 amus: sed vt innocentes manus contineamus. Nihil enim aliud intendebat legislator per prae-
472 3054 2210 3131 cepta vtriusque testamenti: quam homines ad pacem & ad concordiam trahere: ad quam illos opor
477 3108 2204 3188 tebat compellere tanquam induratos peccatis timore pcenae: & ita per dura praecepta: Istos autem
469 3162 2203 3238 tanquam virtuti aptos: ad idem competebat trahere amore iustitiae: & ita per praecepta lenita-
478 3207 2198 3308 tis. Vnde & Augustinus de vtilitate credendi. Illam legem dicimus vtiliter esse latam: quod
