2413 3774
167 319 1907 433 secundum artem diuinae legis: in qua animaduerterunt rationes & regulas artium philosophicarum de crea
176 416 1894 485 turis. Et ideo licet deus illis reuelauit, exemplar creaturae eis ostendendo, & naturalem indu-
175 466 1895 545 striam inuestgandi tribuendo: etiam forte cum hoc & eos radio lucis increatae illustrando: sine quo ve
168 509 1908 590 ritas conspici non potest, vt habitum est supra: proprie tamen dicuntur auctores suarum scientiarum: quia rationes
175 561 1908 650 suarum scientiarum eis explicite sine propriae indagationis industria non reuelauit: Sicut reuelauit
180 618 1902 704 rationes huius scientiae prophetis & aphilersolis. Et ideo auctores huius scientiae principales dici non possunt:
177 669 1808 758 sicut dicuntur philosophi suarum scientiarum. Aliae rationes patent iuxta dictam determinationem.
521 736 1888 840 lrca tertium arguitur: quod propter dei auctoritatem non est credendum huic scientiae.
528 818 1888 892 Primo sic. Eides quae fit ab aliquo principio per medium, sit secundum exigentia medii.
525 872 1890 945 Vnde si maior propositio sit de necessario: & minor de contingenti: quia maior non
528 926 1893 999 facit fidem de conclusione nisi per minorem: conclusio non est nisi de contingenti. Isti
520 992 1901 1069 scientiae fides non adhibetur propter dei auctoritatem: nisi mediante testimonio ho
475 1038 1892 1113 minum: quare cum homines decipi & decipere possunt: non est huic scientiae credendum
186 1090 1902 1174 ex auctoritate dei: cum sit mediante talium testimonio. ⁋ Secundo sic. propter quod vnumquodque, & illud ma
188 1144 1896 1234 gis. huius scientiae non creditur deus auctor nisi quia homines hoc testant scilicet prophetae & apostoli. ergo
178 1191 1903 1273 in hac scientia magis creditur hominum testimonio, quam dei auctoritati, quare cum per hominum testimo
187 1259 1894 1324 nium absolutum non esset ei credendum: nec propter dei auctoritatem est ei credendum. ⁋ Tertio sic. propter
178 1296 1897 1382 incertum auctorem nulli scientiae est credendum. Hoc enim est leuitatis. Ecclesi. xix. Qui cito credit: leuis est
180 1358 1894 1434 corde. Sed quod deus sit auctor huius scientiae incertum est: cum nulla certa ratione vel signo nobis
182 1424 1889 1485 hoc corstat. ergo &c. ⁋ Contra est illud Augustinus secundo super Ge. Maior est huius scientiae auctoritas
177 1460 1900 1556 quam omnis humani ingenii perspicacitas. Sed talis auctoritas non potest esse ei nisi a deo auctore:
177 1521 1415 1610 qui solus est super humanum ingenium: vt vult Augustinus. ergo &c.
179 1541 1896 1668 ⁋ Dicendum ad hoc, quod quaestio ista nihil aliud quaerit, quam vtrum rationale sit hominem cre-
174 1631 1899 1711 dere deum fuisse auctorem huius scientiae: cum (vt videtur fatuis) nullam rationem hoc credendi habeamus
186 1686 1898 1775 Quorundam enim opinio fuit haereticorum: quod solis testimoniis credere, vel homini, vel scripturae, sine
184 1739 1909 1833 reddita ratione fatuum esset. sicut recitat Augustinus in principio dialog. ad Felicianum. Et isti
175 1800 1900 1876 erant Manichaei: qui idcirco irridebant veritatem catholicae fidei: eo quod in ea iuberentur homines
184 1848 1903 1925 credere: non autem quid esset verum certissima ratione docerentur. vt dicit in retractatione super
177 1896 1910 1994 libro de vtilitate credendi: in quo sufficienter disputat contra illum errorem: ostendens quoniam hoc: di
180 1959 1904 2041 cere nihil aliud est quam ad veram religionem sacrilegam viam quaerere: ostendens etiam cum hoc quod recte ca
183 2005 1912 2091 tholicae disciplinae institutum est: vt accedentibus ad religionem fides persuadeatur ante omnia: secundum
182 2058 1897 2153 quod probari debet disputando de fide. Nos tamen quibus credere persuadetur sine ratione tradita de
181 2108 1895 2203 credendis: non sine ratione credere debemus: qua. scilicet rationale nobis videatur esse credendum & persua
176 2175 1894 2254 denti: & illi cui persuadetur. secundum quod dicit Augustinus de vera relii. Temporalium rerum fides ma
181 2218 1897 2314 gis credendo quam intelligendo valet. Sed nostrum est considerare quibus vel hominibus vel libris
184 2283 1904 2357 credendum est: ad colendum recte deum. Et quia cum dictis alicuius non per rationem sed per solam
181 2326 1907 2421 fidem creditur: hoc maxime sit propter auctoritarem dicentis: restabat igitur (vt dicit de vtili
178 2379 1905 2471 tate credendi) videre quaenam esset illa auctoritas: cum in tantis dissensionibus sese quis illam
172 2432 1893 2527 traditurum pollicetur: cum nomen sapientiae etsi nemo palam audeat, plerique tamen ex obliquo
184 2485 1913 2569 sibi vendicant: licet de rebus ipsis quarum cognitione constat sapientia, inter se dissentiant. Et
187 2540 1903 2636 hoc est quod quaerit nostra quaestio: an sit rationale credere deum fuisse auctorem huius scientiae: cum
186 2593 1898 2685 ostensum sit supra quaestione proxima: quod hoc ponendum est, quia si illud constiterit: palam est
191 2647 1904 2741 quod dicendum ad propositam quaestionem scilicet quod propter dei auctoritatem huic summe credendum est: quia nulla
192 2710 1909 2788 est maior ea. Secundum quod dicit Augustinus de vtilitate credendi. Fateor me iam Christo credidisse: &
180 2752 1906 2844 in animo induxisse id esse verum quod ille dixit. etiam si nulla ratione fulciatur. & vt dicit in fine
182 2807 1907 2909 de Academica Mihi certum est prorsus nusquam a Christi auctoritate discedere. Non enim reperio valentio
192 2858 1917 2958 rem. Quam rationale autem sit credere auctorem huius scientiae fuisse deum, Augustinus de vera reli. ostendit
194 2915 1908 3014 ex quatuor. Primo ex miraculorum operatione in eius praedicatione: quia, vt dicit, miraculis
189 2965 1906 3059 conciliauit auctoritatem: auctoritate meruit fidem: fide attraxit multitudinem: multi-
197 3016 1909 3117 tudine obtinuit vetustatem: vetustate roborauit religionem deus in Christo visibiliter ope-
192 3070 1908 3175 rans: quae naturae excedunt facultatem, caecos illuminando: morbos curando: daemonia pellendo:
198 3125 1904 3220 mortuos suscitando: secreta conscientiarum rimando: mentes idiotarum ad secretissima sapientiae
184 3185 1910 3276 illuminando: & ad diuersa linguarum genera loquendum subito instruendo: & caetera huiusmodi. Primo rationa
184 3234 1908 3338 biliter auctoritatem per hoc sibi comperauit: vt sibi crederetur in eis quae supernaturaliter cogitanda doceret.
