2337 3743
447 266 2205 349 non contradicit doctoribus. Et Augustinus i de sermo. do. in modote. Dum se auctoritati diuinae subdit anima, inde
463 328 2203 399 venit ad diuinarum scripturarum cognitionem. vbi oportet se mitem praebere pietati: ne id quod in-
452 380 2203 454 peritis videtur absurdum vituperare audeat: & peruicacibus concertationibus efficiatur indoci-
458 431 2194 508 lis. ldeo etiam dicit in fine de vtilitate credendi. Quid est aliud ingratum esse opi atque diuino auxilio quam tam
461 505 2203 562 to labore praedicatae veritati velle resistere: Postquam ergo homo catholicam fidem profitendam suscepe
463 544 2195 617 rit, isti scientiae iuxta expositiones ecclesiae, & interpretum catholicorum eius omnino debet crede
456 600 2200 667 re quasi diuino oraculo etiam sine ratione reddita: & nullo modo humana ratione contraire. Quid si
459 647 2212 719 fecerit, dubitandum non esset quin tanquam haereticus in fide haesitet. Homo igitur quisque fidelis qui
453 704 2209 782 per fidem suam huic scientiae credendum fore statuit: & scriptis in ea, & hoc non nisi propter diuinum
462 757 2204 822 testimonium quasi diuino oraculo editis, magis debet credere auctoritati huius scripturae quam cui
466 816 2206 889 quam rationi quantuncunque viuaciter aliquid persuadere videatur. Et ideo auctoritas canonis sacrae
464 875 2206 929 scripturae scriptis quorumlibet hominum quantumcumque rationabiliter loquentium, & rationibus viuaci-
461 920 2205 986 bus dicta sua probantium, praeferri debet. secundum quod probantur haec Decretorum dist. ix. per plurima
472 973 2090 1051 capitula: & maxime per Augustinus in capitulo Quis nesciat: & duobus capitulis sequentibus.
470 1065 2197 1149 ⁋ Per dicta patent omnia obiecta, praeter vltimum in quo assumitur quod non credi
465 1138 2205 1210 tur huic scientiae nisi propter rationem. Ad quod est dicendum: quod ratio dupliciter potest se habere ad
459 1192 2203 1258 auctoritatem huius scientiae. Vno modo quia inducitur ad probandum id quod cauetur auctoritate hu
454 1247 2210 1308 ius scripturae. Alio modo quia inducitur ad persuadendum quod auctoritati huius scripturae credendum
464 1296 2206 1373 est. Propter rationem primo modo inductam non creditur huic scientiae: immo magis econuerso, in-
465 1354 2205 1424 quantum scilicet auctoritas huius scientiae regula debet esse omnis rationis & humanae scientiae, vt dictum
466 1403 2204 1473 est supra. De ratione autem inducta secundo modo, intelligendum quod credere auctoritati huius scien
463 1459 2214 1531 tiae propter rationem potest intelligi dupliciter: aut tanquam propter causam per se & sufficientem, sufficien
471 1517 2211 1578 ter probantem homini quod credere debeat auctoritati eius: aut tanquam propter persuasionem ad credendum
470 1568 2208 1638 ei inducentem. Primo modo non est verum quod propter rationem creditur auctoritati huius scientiae: quia non posset esse
463 1619 2205 1689 ratio humana ad hoc sufficiens. tunc ei posset esse sufficiens ratio humana ad probandum de quolibet articulo fidei quod
465 1678 2214 1736 homo deberet eum credere. Secundo autem modo reuera creditur auctoritati huius scientiae propter rationem, non
465 1732 2209 1797 enim credit homo huic scientiae: neque ei exhibet auctoritatem nisi quia ratione aliquali suasum est ei, &
455 1786 2219 1853 rationabile videtur quod ipsi credere debeat. sine tali ei ratione non crederet homo aliquem articulum fidei. Tali etiam
464 1853 2206 1910 persuasione dicit Augustinus se inductum ad tenendum se intra ecclesiam: & non esse conuertendum
458 1907 2200 1964 ad Manichaeos. contra epistolam enim fundamenti alloquendo Manichaeos dicit sic. Vt omittam syn-
466 1954 2216 2017 cerissimam sapientiam quam in ecclesia catholica esse non creditis, multa sunt alia quae in eius gremio
462 1998 2204 2069 iustissime me tenent: tenet consensio populorum ac gentium: tenet auctoritas miraculis inchoata, spe
470 2059 2206 2125 nutrita, charitate aucta, vetustate firmata: tenet ab ipsa sede Petri apostoli cui pascendas oues suas
474 2109 2205 2180 post resurrectionem suam dominus commendauit, vsque ad praesentem episcopum successio: tenet postre
472 2161 2216 2232 mo ipsum catholicae nomen: quod non sine causa inter tam multas haereses sic ista ecclesia sola obti-
464 2216 2215 2279 nuit: vt cum omnes haeretici catholicos se dici velint, quaerenti tamen peregrino aliquo vbi ad catholicam
468 2270 2206 2336 conueniatur, nullus haereticorum vel basilicam suam vel domum audeat ostendere. & tunc se-
464 2325 2209 2398 quitur auctoritas supradicta. Ista ergo tot &c. Breuiter ergo tali ratione debent nobis esse persua-
475 2383 2215 2442 ia cuncta quae rationabiliter tenemus. Vnde illud quod tenemus cum propheta: Nisi credideritis non in
469 2431 2206 2494 telligetis: dicit Augustinus contra Consentium, quod ratione tenemus. secundum quod de hoc habetur au-
461 2485 2212 2545 ctoritas infra in quaestione an lumen fidei requiratur ad notitiam huius scientiae. Quando autem
465 2541 2216 2601 creditur alicui auctoritati primo modo propter rationem, sequitur quod magis creditur rationi:
474 2593 2207 2662 quando autem creditur alicui auctoritati propter rationem secundo modo, illud nequaquam sequitur:
466 2645 2208 2710 quia illa regula Si simpliciter ad simpliciter &c, non tenet nisi in illis quae sunt causae per se. vnde iam fa
464 2698 2206 2760 ctus fidelis simpliciter & absolute magis credit fidei & auctoritati huius scientiae quam cuique persua-
463 2753 1968 2832 sioni: per quam forte inductus est ad credendum, vt dictum est in quaestione proxima.
792 2820 2204 2932 lrca tertium arguitur quod auctoritas huius scientiae possit esse contraria ratio-
781 2913 2214 2987 ni. Primo sic. illa bene sunt contraria quae contraria suadent. auctoritas huius
795 2968 2206 3040 scientiae & ratio sunt huiusmodi: quia ratio suadet nihil fieri posse nisi quod est secun-
794 3022 2219 3081 dum naturam: Auctoritas autem huius scientiae suadet fieri posse aliquid con-
790 3077 2223 3130 tra naturam, quia super illud primae Corinth. ii. Si quis inter vos videtur esse sapiens
784 3130 2206 3186 in hoc seculo, stultus fiat. dicit Gl. Et deum contra naturam credat posse quod mun-
777 3182 2213 3277 dus fieri posse negat. ergo &c. ⁋ Secundo sic. in epistola Consentii ad Augustinus di
