2400 3778
192 308 1951 385 tiam praedicandi non habet infirmior sexus: & ad exequendum infirmior est: mandatur viris officium euam
209 377 1936 437 pelizandi. Mulier vero praedicandi seu docendi constantiam non habet: quia de facili a veritate seducitur.
196 397 1938 502 Et ideo postquam dixit Apostolus id ist Timo. ii. Docere mulierem non permitto: post modicum subiunxit
198 499 1956 555 quasi pro causa. Adam non est seductus: mulier autem seducta in praeuaricatione fuit. Mulier secundo exe
212 539 1941 611 quendi officium doctoris non habet efficaciam: quia sexus fragilitatem patitur, qui non sufficit in
195 590 1937 655 publico discurrere & laborare. Et ideo ibidem etiam cum dixisset: Docere mulierem non permitto:
196 654 1943 715 statim addidit: Sed esse in silentio. Mulier tertio doctoris auctoritatem habere non potest propter sexus con
203 697 1943 758 ditionem qui non habet exequendi libertatem: quia sub alterius debet esse potestate. Gen. iii. sub po-
207 754 1945 819 testate viri eris: & ipse dominabitur tui. Et ideo cum mulieri officium docendi inhibuisset, dicendo
201 804 1943 877 Docere mulierem non permitto, immediate adiuxit: Neque dominari in virum. vbi dicit Glos. Vnde
202 874 1944 929 etiam auctoritatem docendi ei negauit. Et postquam dixit primae Corinth. xiiii. Non permittitur eis loqui: im
204 916 1941 979 mediate adiunxit: Sed subditas esse sicut lex dicit. vnde quod sumeret auctoritatem praesidentis, indecens
208 967 1935 1028 esset ei & verecundum valde. & ideo addit Apostolus. Turpe est autem mulieri in ecclesia loqui. vbi dicit
206 1021 1946 1091 Glos. Quia contra disciplinam ecclesiasticam est. Mulier quarto viuacitatem sermonis non habet
203 1073 1943 1138 ad mortificandum: sed magis prouocandum peccata, & ideo super illud. Docere mulierem non per
196 1127 1945 1182 mitto, dicit Glos. Si enim loquitur magis incitat ad luxuriam & irritatur. & ideo dicitur Ecclesiastici. ix. Collo
202 1183 1935 1251 quium illius quasi ignis exardescit. Glos. In corda auditorum. ⁋ Loquendo autem de docere ex benefi-
198 1233 1949 1296 cio & charitatis feruore, bene licet mulierem docere sicut & quemlibet alium si sanam doctri-
200 1296 1947 1353 nam habeat: & hoc priuatim: & in silentio: & non in publico & in facie ecclesiae. Hoc enim solum licet
206 1344 1950 1410 docentibus ex officio: & tali modo docere solummodo ei prohibetur. Vnde cum dixisset Apostolus pri
204 1395 1951 1451 mae Corinth. xiiii. Potestis omnes prophetare vt omnes discant: ne crederet aliquis quod hoc liceret mu
198 1447 1943 1513 lieri in publico sicut viro, intulit. Mulieres in ecclesia taceant. Non enim permittitur eis loq. Ve-
186 1501 1939 1560 rum est in ecclesia secundum quod dicit Glos. super illud. ad Timo. Docere mulierem non permitto. Ni-
184 1558 1959 1608 hilominus tamen alibi in priuato eis permittitur docere ea quae licet eas discere: & hoc maxime mu
192 1611 1939 1672 lieres alias & puellulas: viros autem non. tum quia sermo earum viros ad libidinem inflammaret, vt dictum
190 1661 1950 1727 est. tum quia hoc est turpe & inhonestum viris. secundum quod dicit Hiero. ad Paulinam. Discunt pro
197 1714 1943 1785 pudor a foeminis quod viros doceant. & hoc nisi sit mulier speciali gratia praedita: vt fuit virgo bea-
198 1769 1934 1837 ta quae Apostolos in silentio docuit. secundum quod Augustinus in sermone quodam de virgi-
189 1817 1947 1890 nis natiuitate: loquens de apostolorum & eius disciplina, dicit. Ipsi per reuelationem spiritus sancti
201 1875 1952 1932 edocti fuerunt omnem veritatem. Incomparabiliter tamen manifestius ac eminentius ipsa per eun
205 1927 1958 1987 dem spiritum ipsius veritatis intelligebat profunditatem, ac per hoc multa eis per eam reuelaban-
190 1980 1941 2044 tur: quae in se non solum scientia sed ipso effectu, ipso experimento didicerat de mysteriis eiusdem do
196 2038 447 2109 mini Christian
195 2104 1942 2204 ⁋ Ad primum in oppositum: quod dixit Salomon de matre sua, Docebat me: dicendum
197 2195 1937 2265 quod hoc erat doctrina priuata qua mater erudiuit filium tamquam minorem: quod licuit: quia talibus etiam li
197 2252 1948 2313 cet conuersari cum foeminis: nec turpe est eis neque ad libidinem earum sermonibus prouocantur.
206 2303 1937 2364 Melius dicendum quod illi verbo docebat non supponitur ly mater, sed pater. vnde litera sic iacet. Hilius
201 2351 1941 2423 fui patris mei tenellus & vnigenitus coram matre mea: & docebat me. Glos. interli. Pater. ⁋ Ad
199 2408 1939 2471 secundum: quod licet mulierem prophetare, quare & docere: Dicendum quod prophetia data est mu-
198 2468 1938 2534 lieribus non ad publicam instructionem: sed priuatam. & si vt per eam viros doceat: hoc est ex gra
192 2519 1947 2583 tia speciali, quae non respicit sexuum distinctionem. secundum quod dicitur Col. iii. Induite nouum ho
194 2581 1947 2637 minem qui renouatur secundum imaginem eius qui creauit illum vbi non est masculus neque foe
203 2635 1945 2694 mina. Viris autem data est ad publicam instructionem. Et ideo, vt dictum est, postquam prophetiam
194 2679 1945 2741 apostolis omnibus concessit, specialiter mulieribus publicam doctrinam abstulit non viris, vt dictum
201 2739 1952 2797 est. ⁋ Ad tertium quod vnusquisque secundum quod accepit gratiam administret: Dicendum quod hoc licet
204 2782 1951 2854 sed vnicuique secundum quod decet scilicet mulieribus priuate & viris publice. & ideo sequitur ibidem. Sicut boni
202 2843 1949 2900 dispiesatores multiformis gratiae dei: tanquam ex virtute quam administrat deus vt in omnibus honorificetur deus.
215 2891 1951 2964 Vnde &si ex speciali gratia detur mulieri vt publice praedicet: hoc tunc licet ei quia gratia, vt dictum
214 2944 1952 3019 est, distinctionem sexuum non respicit. tali enim gratia concessum est mulieribus publice prophe-
211 3000 1951 3067 tare in ve. test. in virorum contumeliam: quia effceminati facti erunt: sicut & foeminis concessum
210 3060 1959 3117 est publica regimina super viros gerere: & similiter in primitiua ecclesia propter messis multitu-
213 3106 1966 3176 dinem & metentium paucitatem concessum est mulieribus Marthae & Mariae publice praedicare
207 3161 1546 3236 &. iiii. Philippi filiabus publice prophetare. secundum quod habetur Act. xxi.
