2361 3770
147 284 1911 392 potest & debet. luxta illud quod dominus dicit Matth. xxiii. Super cathedram Moysi sederunt
154 373 1917 443 Scribae & Pharisei. omnia ergo quaecumque dixerint vobis seruate & facite. secundum opera eorum nolite
153 419 1916 500 facere. Super cathedram se. Gl. Docentes doctrinam quam Moyses docuit. Quaecumque dixerint. Gl. Ad
160 473 1919 547 cathedram pertinentia. Seruate & sa. Gl. Corde & opere: propter cathecram: non propter vitam.
160 526 1905 600 Si vero ab ecclesia. repellantur: tunc nec omnino sunt audiendi. ⁋ Ad prima duo argumenta pa
157 582 1901 651 tet responsio ex dictis: quia procedunt de doctore mercenario: qui propter aliorum vtilitatem do
159 634 1905 701 cere potest permissus, quantum tamen est ex parte sui docere non deberet: quia officium doctoris non tam
152 686 1898 753 requirit verba: quam facta: vt dictum est. ⁋ Primum argumentum in oppositum procedit de illo qui
163 746 1900 813 per fectus debet esse doctor: & de iure quantum est ex parte sui. nihilominus tamen qui non est talis qualis
154 804 1897 862 ibi describitur Bene potest esse doctor ex permissione: sicut dictum est. ⁋ Ad secundum: quod do-
154 854 1895 920 cere sine opere se condemnat: Dicendum quod verum est: maxime cum scandalizat. Et ideo quan
147 903 1910 967 tum est ex parte sui doctor: talis: esse non debet, quia tamen ab ecclesia permissus est: docere po
154 959 715 1020 test & audiri: vt dictum est.
501 1015 1899 1085 Irca: Sextum arguitur: quod primi doctores huius scientiae simplices & idiotae
489 1062 1899 1126 esse non debebant. Primo sic. tales debebant esse primi huius sapientiae docto-
499 1125 1907 1190 res: per quos mundus facilius ad fidem possit conuerti: quia ad hoc docebant
498 1179 1906 1246 hanc scientiam fidei. Mundus autem facilius potuit conuerti per tales quales
494 1234 1902 1302 erant sapientes huius mundi. ergo &c. Probatio minoris per Chrysostomum: qui
487 1285 1906 1338 dicit super illud Matth. ii. Vidimus stallam eius. &c. Missi (inquat) id totius orbis sa-
442 1330 1901 1404 lutem magistri de cuiuslibet ipsorum more gentis modos sibi assumunt do-
153 1385 1900 1451 cendi. Sed mos communis gentium tunc erat non credere nisi quod naturali ratione posset inue-
156 1441 1897 1507 stigari. secundum quod super illud. i. Corin. i. ludaei signa quaerunt, graeci sapientiam. dicit Gl. Quaerumt scilicet vtrum
148 1499 1902 1567 quod praedicatur natura patiatur. ⁋ Secundo sic. Illa scientia quae soli auctoritati non naturali rationi
165 1548 1895 1614 innititur, neque docetur nisi vt ei credatur, per illos debuit primo doceri per quos maxime ei cre-
163 1603 1897 1665 deretur. tales erant sapientes mundi: non idiotae: quia illis solet credi: istis non. ergo &c. ⁋ In con
161 1661 1907 1720 trarium est Gl.lloii: quae dicit. Nathanael peritissimus scripturarum, quia doctissimus, non est in
173 1712 1901 1771 apostolatum electus. Omnes enim apostoli primo de idiotis sunt assumpti. scilicet vt confun-
166 1763 561 1825 dantur sapientes.
156 1812 1895 1905 ⁋ Dicendum ad hoc: quod proculdubio primi doctores huius scientiae simplices &
161 1879 1883 1941 idiotae electi sunt. Secundum quod dicit Augustinus. xxii. de civitate dei. Ineruditos liberalibus disciplinis:
160 1935 1894 2001 & omnino quantum ad istorum doctrinas attinet impolitos, non peritos grammatica, non armatos
159 1990 1887 2060 dialectica, nec rhetorica inflatos: piscatores Christus cum retibus fidei ad mare seculi paucissimos
153 2035 1896 2125 misit: atque ex omni genere tam multos pisces: & tanto mirabiliores quanto rariores: etiam ipsos philosophous
160 2104 1888 2181 cepit. Et quare tales Christus mittere debuit & voluit: triplex est ratio. quarum Prima est: quod
154 2146 1897 2213 scientia ista quia non innititur humanae rationi: neque humano testimonio, sed primae veritati:
155 2203 1894 2270 vt dictum est supra: per tales debuit doceri ab initio: per quos summe posset apparere auctori
161 2261 1900 2315 tas primae veritatis in ea: nec eam esse fulcitam alicuius humanae rationis aut inuentionis indu-
159 2314 1881 2375 stria. tales erant simplices & idiotae. Contra tales enim nulla erat suspitio: ne humana inuentione
153 2366 1881 2426 eam confinxissent: & ne naturali ratione populo eam ad credendum suasissent. sicut fuisset si per sapientes
153 2416 1885 2488 mundi eam ab initio docuisset. Vnde Greg. exponens illud lob. Ligabit eum ancillis suis. dicit
165 2478 1888 2535 xxxiii. Morali. Bene domins Leuiatham non seruis suis: sed ancillis se ligare asseruit: quiam ad nostram
157 2525 1887 2582 redemptionem veniens: & suos contra mundi sapientiam praedicatores mittens: relictis sapientibus insi-
167 2579 1882 2661 pientes, telictis fortibus debiles, relictis diuitibus pauperes elegit. Vnde in euangelio dominus
164 2628 1890 2705 Nathanael laudat: nec tamen in sorte praedicantium numerat: quia ad perdicandum tales venire debuerant:
155 2696 1883 2766 qui de laude propria nihil habebant: vt tanto solius veritatis cognosceretur esse quod agerent:
166 2746 1877 2813 quanto & aperte cerneretur quia ad hoc agendum idonei non fuissent. Vt ergo mira potentia
168 2798 1874 2862 per praedicatorum linguas claresceret: mirabilius actum est vt eorum praedicantium nulla esset. Idcir
169 2861 1875 2920 co ergo haec scientia per simplices & idiotas: & non per alios ab initio doceri debuit: vt ex eorum sim
166 2901 1874 2973 plicitate & doctrinae efficacia in convertendo totum mundum confunderentur sapientes: & relicta vana
162 2962 1871 3023 mundi sapientia: ad veram sapientiam dei diuerterent: & sic per veram sapientiam falsam sapientiam de
161 3021 1872 3080 strueret. Et haec est ratio quam assignat Apostolus. i. Corin. i. Non me (inquit) misit deus baptizare:
154 3060 1886 3138 sed euangelizare: non in sapientia verbi: vt non euacuetur crux Christiaua G id e. non in sapientia philosophorum
162 3115 1881 3176 in lepore & ornatu verborum: quia praedicatio Christiana non indiget pompa & cultu sermonis: ne
163 3173 1880 3247 videatur esse ex versutia & calliditate humanae sapientiae: non ex veritate. lbi enim compositio verborum
155 3223 1876 3312 quaeritur, vbi teste virtute non commendat se ipsa veritas. sicut in sapientia mundana. Sequitur in apso,
