2352 3776
482 306 2237 405 Scriptum est enim. Perdam sapientiam sapientium, & prudentiam prudentium reprobabo. vbi sapiens:
498 376 2232 453 vbi scriba, vbi inquisitor huius seculi: Gl. Id scriptum est in Abdia. Sapientiam mundanam & pruden
496 433 2242 505 tiam eliminabo a praedicatoribus euangelii: vt tales sapientes inter praedicatores non recipiam. Scriba
499 483 2232 555 est, qui de moribus & artibus praecepta dat. Inquisitor qui secreta naturae rimatur. tales non reci
498 542 2242 596 pit deus inter praedicatores: sed stultos. Vnde sequitur. Nonne stultam fecit deus sapientiam huius
488 594 2228 666 mundi: Nam quia in dei sapientia non cognouit mundus per sapientiam deum, placuit deo per stultitiam
490 642 2227 713 praedicationis saluos facere credentes. Gl. i. per praedicatores imperitos mundanae sapientiae, qui stulti
494 700 2240 776 videbantur. ⁋ Secunda ratio est: quia si sapientes, potentes, & nobiles electi fuissent: non solum fidei
489 751 2234 830 & scientiae haec virtus praedicationis: sed conditioni talium ascriberetur: vt dicit praecedens ra-
497 808 2226 876 tio. sed & ipsi propter tales conditiones suas ad hoc viderentur electi: & ita ex hoc in se super-
490 851 2236 941 birent. Ne igitur hoc contingeret: tales non elegit: sed simplices, pauperes, & infirmos. ⁋ Tertia
502 910 2235 981 vt mundi sapientes confunderet: qui non potuerunt ad suam sectam saltem vnam conuertere
493 970 2233 1050 gentem: quando viderunt ad apostolos per eorum praedicationem conuerti totum mundum. Has
488 1022 2241 1098 rationes duas simul assignat apostolus cum dicit. i. Corin. i. Videte enim vocationem: vestram
486 1061 2234 1159 fratres, quia non multi sapientes secundum carnem, non multi potentes, non multi nobiles, sed quae
491 1122 2237 1205 stulta sunt mundi elegit deus, vt confundat sapientes: & infirma mundi elegit deus vt confun
492 1178 2240 1258 dat fortia: & ignobilia mundi & contemptibilia elegit deus, & ea quae non sunt, vt ea quae sunt
481 1233 2229 1309 destrueret: vt non glorietur omnis caro in conspectu eius. Gl. i. Videte per quos insipientes &
494 1281 2238 1361 infirmos vos vocati estis: qui tamen confuderunt sapientes & fortes. Venit humilis deus quaerens
485 1335 2231 1420 humiles non altos: quia etsi primum elegerit pauperes, infirmos, & indoctos, non tamen reliquit
480 1391 2223 1478 sapientes, diuites, & nobiles: Sed si eos eligeret primos: merito talium rerum sibi viderentur eligi:
481 1445 2232 1516 atque inflati de his rebus salutem humilitatis non reciperent. ldeoque non elegit reges: vel senato
484 1506 2231 1581 res: vel philosophos: vel oratores: immo elegit plebeos: pauperes: indoctos piscatores. Nisi fideliter prae
490 1563 2234 1635 cederet piscator: non humiliter sequeretur orator. Vnde Augustinus i per super Ion ser. vii. Si doctus
497 1597 2222 1689 eligeretur fortassis ideo diceret se electum: quia doctrina eius meruit eligi. Dominus igitur lesus
495 1658 2235 1722 Christus volens superborum frangere ceruices: non quaesiuit per oratorem piscatorem: sed de
493 1716 2222 1799 piscatore lucratus est imperatorem. Magnus Cyprianus orator: sed prior Petrus piscator: per
490 1770 2232 1848 quem postea crederet non tantum orator: sed etiam imperator. Nullus nobilis primo electus est: nul-
500 1827 2225 1915 us doctus: quia infirma mundi elegit vt confunderet fortia. Eratque Nathanael magnus & sine
482 1877 2217 1945 dolo, hoc solo non electus ne cuiquam videretur dominus doctos elegisse. Et de verbis apostoli ser.
487 1931 2225 1998 xxvi. Petrus piscator fuit: & modo magnam laudem habet orator si poterit ab illo intelligi pi
484 1978 2224 2063 scator. Si enim eligeret primitus Christus oratorem, diceret orator: eloquentiae meae merito ele-
488 2037 2228 2113 ctus sum. Si eligeret senatorem: diceret senator, dignitatis meae merito electus sum. Si eligeret
488 2081 2219 2173 imperatorem: diceret imperator: potestatis meae merito electus sum. Quiescant & differantur
481 2135 2225 2229 ista paululum: quiescant: non omittantur: sed aliquantulum differantur cum possunt gloria
493 2196 2222 2273 ri de semetipsis in semetipsis. Da mihi (inquit) illum piscatorem: da mihi idiotam: da mihi im
486 2248 2216 2332 peritum: da mihi cui non dignatur loqui imperator: nec quando emit piscem: ipsum (inquit)
489 2307 2224 2383 da: hunc si impleuero manifestum est quod ego facio: quamquam & imperatorem & senatorem & orato-
496 2354 2209 2438 rem ego sum facturus: sed citius piscatorem. Potest senator gloriari de semetipso: potest ora-
495 2411 2222 2480 tor: potest imperator: non potest nisi de Christo piscator. Prius ergo veniat piscator: per ipsum
496 2456 2217 2545 melius adducetur imperator. Sed quid est: numquid Paulus doctus electus est: Reuera vtique: sed
489 2512 2214 2596 doctrinam suam subiecit: quod facere oportuit. secundum quod super illud, Perdam sapientiam. di-
480 2570 2207 2644 cit Gl. Inter praedicatores: inter quos esse voluit: sapientiam illam abiicere oportuit. Et cum
487 2616 2208 2703 hoc Paulus fuit iuuenis: vnde doctum ipsum fore nondum constitit: nec doctrina sua vsus
484 2672 2218 2761 fuit. secundum quod ipse dicit. i. Corin. ii. Ego cum venissem ad vos fratres: veni non in sublimi-
480 2729 2207 2804 tate sermonis aut sapientiae annuncians vobis te. Christi &c. Gl. Qui eram sapiens, fui quasi non
485 2783 2214 2865 essem sapiens: vt logicis rationibus vterer: aut philosophicis speculationibus illud confirmarem. sed in ser
478 2837 2213 2905 mone meo ostendi me habere spiritum & virtutem in miraculis faciendis: vt fides nostra non at
481 2889 2214 2968 tribuatur homini: sed deo: quia non in verbis: sed in virtute est: non humana ratione compre
481 2933 2194 3009 hensibilis: sed spiritus efficacia credibilis. secundum quod apostolus ad Hebr. ii. loquens de initio
482 2986 2207 3088 praedicationis fidei: dicit. Quae cum initium accepisset enarrandi per dominum ab eis qui audie
477 3048 2195 3123 runt, in nos confirmata est contestante deo signis: & prodigiis: & portentis: & variis virtu-
483 3098 2194 3188 tibus: & spiritus sancti distributionibus secundum suam voluntatem. Et hoc totum factum
472 3159 2198 3239 est: vt vis praedicationis: non humanae sapientiae: sed diuinae virtutis esse ostenderetur. secundum
480 3204 2205 3315 quod ibidem dicit Gl. Per quod ostendit quod verbum praedicationis non simpliciter est eis creditum: sed per
