2330 3770
459 286 2193 380 scriptos: De quo ponit exemplum lib. ii. post principium, dicens. Cauendum ne forte quia scriptum in
469 359 2193 415 Psal. est. Fundauit terram super aquas. arbitretur aliquis nostrum aduersus de ponderibus ele-
477 412 2188 487 mentorum subtiliter disserentes isti testimonio scripturae esse nitendum: quia illi non retenti au-
475 468 2184 544 ctoritate literarum nostrarum: & nescientes quemadmodum dictum sit: libros sanctos facilius
468 523 2186 596 irridebunt quam illud repudiabunt: quod vel certis rationibus perceperunt: vel experimentis cer-
464 581 2199 647 tissimis probauerunt. Illud nanque in Psal. aut figuratiue dictum recte accipi potest: Terram fi-
480 627 2188 685 dem simplicem paruulorum dictam: quae per baptismum solidatur: aut ad literam sublimia ter
466 690 2194 756 rarum: vel tegmina speluncarum: quae superiora sunt aquis. Opportunum est ergo doctores
475 739 2190 806 posteriores huius scientiae instructos esse literis secularibus: ne contra veritates ibi comper-
474 791 2196 859 tas aliquid quasi ex libris nostris proferamus. Quid enim (vt ait Augustinus) molestiae, tristi
467 853 2189 915 tiaeve ingerant prudentibus fratribus temerarii praesumptores, satis dici non potest: cum siquam
467 899 2191 954 do de praua & falsa opinione sua reprehendi & conuinci coeperint ab eis qui auctoritate li-
462 948 2195 1020 brorum nostrorum non tenentur: ad defendendum id quod leuissima temeritate vel pertinacissi
470 1016 2198 1080 ma falsitate dixerunt, eos libros sanctos vnde id probent proferre conantur: non intelligentes
460 1054 1349 1131 neque quae loquuntur: neque de quibus affirmant.
481 1120 2192 1199 ⁋ Ad primum in oppositum: quod eadem est causa, posteriores esse simplices & prio
465 1172 2197 1249 res: Dicendum quod falsum est. Priorum enim erat fidem fundare in auctoritate diuina fulgenti
478 1234 2193 1303 bus miraculis. Istorum autem est credita cognita facere perspicuis rationibus. Et ideo sicut mi-
475 1282 2192 1350 racula quae in illis fulserunt: in istis defecerunt: quia fundata fide opus eorum non erat: sic ra-
463 1339 2186 1410 tiones quae in posteris luxerunt: in illis opus non habebant: vt dictum est. Sed dicet aliquis: quod
473 1391 2192 1449 sicut fides diuina virtute sola generata est in principio: sic & in omnes posteros generatur &
462 1451 2190 1519 conseruatur: ergo sicut miracula erant necessaria ad generationem fidei in illis: ita & ad gene
454 1504 2188 1568 rationem & ad conseruationem in istis. Dicendum quod fidei generatio & conseruatio in posterio
455 1554 2194 1631 ribus diuinae virtuti interius operanti per gratiam ascribenda est: sicut & generatio in priori-
465 1605 2180 1668 bus: non tamen operanti exterius per miraculorum splendorem in nostris doctoribus: sed per
462 1659 2194 1725 lucem bonorum operum quae debent succedere miraculis. Secundum quod dicit Chrysostomus in prin
469 1712 2188 1771 cipio. ii. partis super Matthoru. Sacerdotis est vt doceat. Et quia miraculorum faciendorum non est
468 1770 2185 1826 semper necessitas, doctrinam suam bona vita quasi miraculis factis commendat. Idem super
469 1820 2186 1898 illud. Videns lesus turbas ascendit in montem. Bona conuersatio sacerdotis sine verbo tenet quia
463 1878 2195 1934 dem sanctos in sanctitate per suum exemplum: verbum adducere ignorantem ad scientiam ve
468 1927 2185 1992 ritatis sine conuersatione bona potest, tenere autem in fide vel sanctitate absque conuersatione
456 1978 2195 2045 bona non potest: magis vero scandalizat. Nec potest conversatio fidei vel posteriorum doctorum
466 2036 2194 2095 vocatio vllo modo eorum industriae ascribi: quia certum est hoc quod dicunt non esse verum nisi
461 2088 2189 2153 ex auctoritate priorum: quam in scripturis suis nobis reliquerunt. Vnde postquam deus fecit quod in se est
457 2137 2182 2216 fidem fundando: homo debet facere quod in se est ipsam manifestando: & ad hoc totis viribus stude
464 2196 2188 2255 re: vt dictum est supra: quia ipsa sapientia dicit: Qui elucidant me: vitam aeternam habebunt: nec
463 2248 2193 2309 solum sapientiae claritatem elucidando sed & sanctitatem vitae confirmando: vt dictum est. ⁋ Ad
466 2302 2181 2376 secundum: quod plus erat fidem fundare quam declarare vel conseruare: Dicendum quod verum est. & ideo
452 2357 1828 2443 plus virtutis requirebat fundatio, non humanae: sed diuinae vt dictum est.
852 2444 1634 2566 Artic. &ll. de auditore Theologiae.
965 2569 2189 2685 Equitur de auditore sacrae scripturae: circa quem quaeruntur duo.
956 2651 1901 2716 Primum: qualis debet esse auditor huius scientiae.
958 2711 1786 2775 Secundum: quomodo poterit eam addiscere.
971 2767 1688 2826 ⁋ Circa primum vero quaeruntur octo.
952 2797 2036 2904 Primum: vtrum mulier possit esse auditor sacrae scripturae.
963 2872 1479 2939 Secundum: vtrum iuuenis.
959 2926 1578 2997 Tertium: vtrum homo peccator.
964 2970 1909 3051 Quartum: vtrum volens inhaerere naturali rationi.
966 3036 2018 3106 Quintum: vtrum non instructus in scientiis secularibus.
958 3085 2134 3170 Sextum: vtrum omnis homo debet esse auditor huius scientiae.
458 3134 1741 3216 Septimum: vtrum quilibet homo ad auditum eius est admittendus.
451 3192 1776 3288 Octauum: vtrum quilibet fidelis ad audiendum eam est admittendus.
