2315 3758
417 262 2161 359 huius scientiae: qui est tam credendorum quam operandorum cognitio. Inutiliter, inquantum finem
424 341 2164 409 intentum scientiae non consequitur: qui est operatio iuxta ea quae sunt cognita. Licet enim ista scien-
420 390 2166 463 tia principaliter sit speculatiua, docet tamen operanda. & ideo oportet cognitioni operationes ap
427 451 2169 526 ponere. Si autem neutrum sequatur, vani & frustra sunt sermones & auditus. Vnde dicit Con-
420 512 2176 574 mentator super primum Ethic. Oportet auditorem si debet proprie & conuenienter audire, existe
420 555 2167 626 re extra passionum seruitutem. Etenim iuuenis non tantum propter aetatem non est proprius &
432 613 2174 676 conueniens auditor, quantum propter detentionem a passionibus: quoniam vinculo malarum co-
423 657 2172 735 gitationum grauatus & ad terram aspiciens, ad bonum respicere non potest: scilicet neque in cogno
420 707 2182 781 scendo, neque in agendo. Veruntamen intelligendum est secundum Augustinum de doctrina christia
418 772 2174 836 na. Cum scientia ista medicina sit, qua subuenitur morbis humanarum voluntatum: & sicut dicit
437 831 2180 895 Chrysostomus super Matthaeum, Sicut medicina languenti corpori: sic verbum prodest animae
425 884 2172 947 aegrotanti: & sicut medicina corporalis dupliciter consideratur. Vno modo, vt est directiua siue con
423 929 2176 1003 seruatiua sanitatis. Alio modo, vt est curatiua aegritudinis: Similiter & ista scientia. Primo mo-
422 995 2178 1061 do auditor huius scientiae non potest esse nisi iustus: secundum quod dicit Chryso. super illud Mat. Vi-
427 1045 2173 1111 dens lesus turbas ascendit in montemSuper modotem (inquit) sanctitatis ascendit qui vult audire pie
429 1101 2176 1167 tatis doctrinam, quoniam in via morum per hanc scientiam dirigi non potest: nisi qui in ea in-
428 1152 2179 1215 uentus est. & sic istius scientiae auditus vtilis est solum iustis ad directionem in via morum &
428 1210 2177 1272 credendorum. Qui enim boni sunt ante auditum huius doctrinae ex fide & iudicio legis natu-
435 1245 2179 1321 rae & consuetudine bene operandi, non habendo. aliter regulam artificialem qua regulentur & men
439 1305 2181 1368 surentur, per auditum sermonum huius scientiae habent regulam artificialem qua dirigantur
433 1356 2179 1424 in operandis & credendis: certificati ex sermonibus huius scientiae quae bene & quae non bene se
438 1410 2167 1470 habent. Et ideo dixit Dauid in psal in persona iusti. Vtinam dirigantur viae meae ad custodiendas
432 1465 2182 1539 iustificationes tuas. & statim subiungit de directione. Tunc non confundar cum perspexero in
433 1530 2173 1595 omnibus mandatis tuis. Glos. Qui autem in eis non perspicit: in quo errat nescit. Secundo mo
439 1568 2181 1651 do scilicet inquantum est sicut medicina aegritudinis curatiua, hoc modo summe competit prauo & se
429 1626 2180 1694 cutori passionum, siue senex sit siue iuuenis: quod sit auditor eius. secundum quod dicit Commen-
436 1678 2180 1752 tator super primum Ethic. Neque prauis omnino inutilis est. Si enim non confestin eis ex ipsa
439 1745 2168 1810 profectus obuiat: sed tamen cognoscentes in quanto malo depressi sunt: & quam longe sunt a me-
442 1788 2167 1862 liori: nisi omnino sint sine intellectu, habebunt quendam appetitum ad directionem, & ita paula
442 1846 2180 1900 tim addentes forte perfecte ad melius transponentur. Videbitur enim inconveniens corpora a
442 1894 2177 1962 sua curatiua iuuari: Animas autem rationes habentes ex propria medicina non iuuari. Et ideo di
438 1950 2174 2015 cit Chrysostomus super illud Mat. vi. Lucerna corporis tui oculus tuus est. Te ad visum redire
438 2003 2182 2067 impossibile est: nisi prius didiceris: quomodo caecatus es. Quomodo ergo es caecatus: de mala
438 2057 2182 2125 concupiscentia quae pupillam mentis tuae, quasi malignus quidam humor influxit, densamque
439 2112 2172 2178 nebulam prorsus operata est. Sed & diminui atque dispergi hanc nebulam facile est, si radium doctri
439 2162 2179 2230 nae Christi voluerimus admittere. Et quid (inquit) mihi prodest huiusmodi audire vocem quam
441 2225 2186 2286 do concupiscentiae vinculis teneor astrictus: sed & ipsam concupiscentiam dissoluere maxime
443 2269 2183 2342 potest assiduus auditus. ldem in fine libri secundi. Et quid (ait) lucri est quando quis audit & non
438 2325 2180 2390 attendit adimplere quae dicta sunt: Non paruus est etiam ex ipso profectus auditu. Nam qui au
444 2381 2182 2444 dit, & semetipsum saepe reprehendit: & altius ingemiscit, eo quandoque perueniet: vt studeat etiam
441 2442 2181 2501 adimplere quod didicit. Quia vero nec quia peccauit, cognoscit: quando a peccatis recedet: quan
447 2488 2181 2554 do semetipsum culpabit: quando emendare conabitur: Cum vero ex auditu huius scientiae quia pec
452 2538 2186 2612 cauit, cognouerit: tunc primo corrigere se poterit velle. secundum quod dicit Orige. super Exod. Cum
448 2593 2177 2666 parum quid agnitionis acceperit, tunc praecipue gestorum suorum tenebras videt: tunc errorum suorum
462 2648 2178 2713 caliginem sentit: vt extinguantur in eo primogenita Aegypti. Et hoc sit obseruando quae lex praeci-
449 2703 2183 2771 pit. Et ideo dicit Dauid in psal. In quo corrigit adolescentior viam suam: & rnmendet. In custodidemo ser
465 2754 2183 2828 mones tuos. Et philosophus in praedicamentis. Prauus ad meliores exercitationes deductus & doctrinas, vel
458 2810 2180 2878 modicum aliquod proficiet vt melior fiat. Si autem semper vel modicum crementum acceperit: palam quia aut
464 2861 2178 2928 perfecte mutabitur: aut satis multum crementum sumet. Veruntamen de malis & peccatoribus
454 2925 2188 2982 distinguendum. Aut enim omnino sunt indurati in malitia: vt non sit spes de eorum conuersione.
467 2970 2183 3037 aut spes de eis poterit haberi. De istis intelligenda sunt iam dicta. De primis autem dicendum quod omni-
461 3019 2186 3084 no inutile est eis doctrinae huius auditores esse: quia ex auditu doctrinae detrahunt & deterio
450 3076 2177 3141 res fiunt. Vnde dominus Mat. iiii. Nolite sanctum dare canibus: neque margaritas mittere ante
460 3131 2178 3201 porcos. vbi dicit Chrysostomus. Canes, hic significant homines in impietate viuentes: spemque omni
460 3183 2189 3272 no conuersionis in melius non habentes: porci, in luto luxuriae iugiter commorantes: quos do-
