2319 3781
453 302 2204 403 ludaeorum: quibus scriptura primo loco apposita est: catuli, gentiles homines paruuli: quia scriptu
449 379 2206 444 rae subditi, de qua edunt. Et ideo Apostoli. ludaeos obstinatos relinquentes sacram scripturam transtulerunt
454 430 2194 509 ad gentes: secundum quod legitur Actu. xiii. Vniuersa ciuitas convenit audire verbum dei. Videntes
454 478 2194 550 autem turbas ludaei repleti sunt aelo: & contradicebant his quae a Paulo dicebantur blasphemantes.
457 542 2205 607 Tunc constanter Paulus & Barnabas dixerunt. Vobis oportebat primum loqui verbum dei: sed quam
459 591 2195 656 do repulistis istud, & indignos vos iudicastis aeternae vitae: ecce conuertimur ad gentes. sic enim no
461 657 2194 718 bis praecepit dominus. Et impletum est illud. Matt. xiii. Qui habet dabitur ei. Glos. Qui habet ver-
455 707 2197 768 bi amorem, dabitur ei sensus intelligendi, & abundabit intelligentia. Qui autem non habet. Glos. amo
463 754 2196 817 rem verbi. Et quod habet. Glos. vel naturali igenio, vel studio literarum. Auferetur ab eo. Multo ergo magis
461 804 2201 869 & exterior scriptura, quia vt dicit alia Gloss. nulla pars sapientiae dulcedine gaudebit. Est autem ta-
459 864 2203 930 libus sacra scriptura omnino auferenda: quia vt dicit Chryso. si eam discant geminum est inde damnum:
458 917 2208 993 cum certe & ipsi nihil fructificent inde: immo magis magisque laedantur: & ecclesiae negocia atque pericula
460 968 2193 1031 mille commoueant: secundum quod infra exponemus in quaestione: an omnibus indifferenter debeat ista
467 1020 2191 1090 scriptura exponi. Vnde & tempore Antichristi: quando fere omnes obstinati erunt & rebelles lumini ac ve-
469 1075 2193 1144 ritati sacrae scripturae, auditus huius scientiae & publica lectione & praedicatione omnino subtrahe-
469 1121 2206 1197 tur. secundum quod dicitur Amos. viii. Ecce dies veniunt dicit dominus: & mittam famen in terram: non
467 1180 2194 1262 famen panis, neque sitim aquae: sed audiendi verbum dei. Glos. Mittet dominus in eis qui terrena sapi
471 1232 1966 1299 unt, famen audiendi verbum dei: quando propter peccata deficit doctrina in ecclesiis.
462 1278 2204 1372 ⁋ Ad illud quod arguitur primo in oppositum: quod opus misericordiae debet exerceri
464 1371 2203 1434 indifferenter ad omnes: Dicendum quod duplex est misericordia: quaedam corporalis quam facimus de no
468 1422 2205 1485 stro: quaedam spiritualis quam dispensamus de eis quae sunt dei. secundum quod distinguit Chryso. super
465 1470 2207 1535 illud Matth. vii. Nolite sanctum dare canibus. In primo misericordia facienda est ad omnes pro tem
462 1534 2206 1596 pore & loco. In secundo autem nequaquam nisi ad dignos. secundum quod etiam deus ad cuius exemplum Christus
464 1580 2204 1648 nos voluit esse misericordes, materialia beneficia praestat bonis & malis: dignis & indignis: non au-
471 1642 2209 1698 tem spiritualia nisi dignis & bonis solum. Non enim vt ait Chryso. dicit scriptura: qui spiritum sanctum iu
473 1684 2207 1748 bet descendere super gratos & ingratos: sicut Qui pluit super iustos & iniustos: & facit oriri solem
469 1730 2210 1809 suum super bonos & malos. Propter quod in vestris estote simplices & benigni: in eis autem quae dei
471 1791 2195 1861 sunt prudentes & cauti. ⁋ Ad secundum de sagena: Dicendum quod sicut sagena materialis congre-
466 1842 2210 1921 gat de omni genere piscium: capiens secundum Gloss, quicquid incidit bonos & malos: quos trahit
471 1896 2206 1968 ad littus: sic ab initio auditus huius scientiae & praedicatione & lectione omnibus est concedendus &
472 1952 2201 2019 nulli denegandus: siue sint boni siue mali: dum tamen stent absconditi sine rebellione & contradi
466 2008 2203 2077 ctione sacrae scripturae, quibus tamen postquam facti sunt rebelles ei & obstinati contra veritatem: bene
471 2057 2202 2133 est auditus eius omnino denegandus. In apertis enim bene iudicat ecclesia & separat in praesenti bonos
470 2113 2129 2189 a malis: & a conmunicatione sacramentorum omnium & beneficiorum ecclesiae, licet non in occultis.
802 2188 2199 2258 lrca. viii. arguitur quod quilibet fidelis ad auditum omnium quae sunt huius scien
820 2249 2208 2312 tia: indifferenter est admittendus. Primo sic. Matthae. v. dicitur. Nemo accendit
820 2293 2210 2365 lucernam & ponit eam sub modio: sed super candelabrum, vt luceat: omnibus qui
807 2354 2202 2425 in domo sunt. Glos. in ecclesia vel in mundo. Lucerna secundum Glos. sacra est do
808 2416 2209 2476 ctrina: quae in quolibet dicto suo lucerna est. iuxta illud Psal. Lucerna pedibus m.
809 2471 2208 2526 ver. tuum. Non autem posset omnibus lucere quae in domo sunt id est in fide ecclesiae:
802 2509 2203 2576 nisi omnes indifferenter ad auditum eius admitterentur. ergo &c. ⁋ Secundo sic.
490 2569 2208 2633 quilibet tenetur scire quae debet obseruare: sed quaecunque dicta sacrae scripturae: tam in credendis quam
487 2619 2211 2691 in agendis quilibet fidelis debet obseruare: secundum illud Matth. v. Qui soluerit vnum de man
483 2675 2207 2743 datis istis minimis: minimus vocabitur in regno caelorum. Glos. vel non agendo vel non credendo
490 2725 2206 2804 ergo quilibet tenetur illa scire: sed non posset ea scire, nisi audiendo. Ro. viii. Quomodo credent si non
491 2790 2209 2851 audiant: ergo &c. ⁋ In oppositum videtur esse illud. i. Corinth. ii. Non iudicaui me scire aliquid in
490 2831 2217 2901 ter vos: nisi lesum Christum: & hunc crucifixum. sapientiam autem loquimur inter perfectos. & sequi-
490 2885 2210 2964 tur ca. iii. Ego autem fratres non potui vobis loqui quasi spiritualibus, sed quasi carnalibus. hoc autem
483 2949 2029 3016 vt videtur non fecit nisi quia sciuit aliqua quae decet docere illos & non istos. ergo &c.
483 2983 2212 3075 ⁋ Dicendum ad hoc, quod quaestio ista eadem est cum illa quam mouet Augustinus super loan.
482 3065 2213 3132 parte. ii. ser. xx. exponendo illud loan. xvii. Adhuc multa habeo vobis dicere quae non potestis portare
487 3111 2215 3182 modo. Est autem quaestio illa: Vtrum spirituales homines habeant aliquid in doctrina quod carnalibus
490 3176 2210 3234 taceant: & spiritualibus dicant: & persuadet ad partem negatiuam: quia vt dicit: si diceremus eos aliqua
477 3221 2210 3310 talia habere: cauendum & timendum est ne sub hac occasione in occultis nesaria doceantur spiritualium
