2407 3751
554 292 1931 379 lrca secundum arguitur quod haec scientia potest addisci ab homine sine speciali illustratio
560 360 1932 442 ne diuina. Primo sic. super illud. i. Corinth. xiii. Si nouero omnia mysteria. dicit
560 415 1921 476 Glos. Occulta noui & veteris testamenti: quae mali sciunt. & hoc non nisi addiscer
563 466 1932 551 do. haec sunt illa quae sunt huius scientiae. sed mali non percipiunt diuinam illu
558 524 1928 595 strationem specialem: immo secundum Augustinus tenebris peccatorum eam ex-
559 576 1942 650 cludunt. ergo &c. ⁋ Secundo sic: quod summum est in cognitione huius scientiae, est
222 635 1939 703 pertinens ad diuinarum personarum distinctionem: & substantiae vnitatem. sed hoc Philosophi po
213 690 1930 752 tuerunt discere sine luminis specialis infusione: naturalis rationis persuasione: secundum quod dicit Au
225 743 1928 813 gust. vii. confes. lbic scilicet in libris Platonis) legi omnino multis & multiplicibus suaderi rationibus quod in prin
227 797 1916 857 cipio erat verbum: & verbum erat apud deum &c. huiusmodi. ergo &c. ⁋ Ad oppositum est Augu. xi. de cicite
216 843 1931 915 dei. Scriptura quae canonica appellatur: de his rebus est: quas ignorare non expedit: nec per nos ipsos
221 894 1918 961 nosse idonei sumus. sed ad talia discenda a nobis requiritur in nobis lumen supernaturale. ergo &c.
217 943 1932 1026 ⁋ ltem ibidem in fi. eiusdem ca. Haec scientia est de his quae a nostris sensibus interioribus remota
220 999 1707 1075 sunt. talia autem sine specialis luminis illustratione discere non possumus. ergo &c.
212 1059 1906 1167 ⁋ Dicendum ad hoc secundum superius determinatam: quod homo naturaliter ordi
216 1140 1927 1224 natus est: vt quaedam possit scire ad quae solo adiutorio luminis naturalis & illustrationis genera
206 1193 1929 1259 lis potest attingere: & aliquam quae omnem eius facultatem naturalem excedunt: & hoc tum pro-
218 1257 1925 1328 pter eius debilitatem, quod in tam excellenti cognoscibili sigi non potest: tum propter eius obtusita-
211 1310 1919 1382 tem: qua illustratione generali & vi luminis naturalis illa inspicere non sufficit. Quare si talia de
215 1353 1915 1422 bet scire: necessario requiritur aliquid supernaturale, & speciale ei infusum, quo in virtute fortifice
216 1412 1916 1471 tur & eleuetur & in visu acuatur. hoc autem est quod apellamus speciale lumen speciali illustratio-
212 1459 1917 1537 ne infusum: quod est quasi sanitas spiritualium oculorum mentis, quod sufficit intellectui scibilia
207 1506 1922 1593 supernaturalia illustrare vt ipsa scire possit. Cum ergo de talibus quae sunt secundi generis sit ista
204 1574 1921 1646 scientia vt infra videbitur, ab homine disci non potest omnino sine speciali illustratione diuina: se-
214 1617 1925 1701 cundum quod de hoc habitum est supra snfficienter art. iii. q. v. &. art. v. q. iii. & de hoc dicit Augustinus in epi
217 1670 1919 1751 stola ad Consentium. Cum coepero te in tanti huius secreti intelligentiam introducere: nisi deus in
211 1734 1926 1786 tus adiuuerit omnino non potero. & ibidem. Tu autem charissime ora fortiter, & fideliter: vt det
212 1776 1928 1860 tibi dominus intellectum: ac sic ea quae forinsecus adhibet diligentia praeceptoris siue doctoris, pos
213 1829 1907 1898 sint esse fructuosa: quoniam neque qui plantat est aliquid: neque qui rigat: sed qui incrementum dat deus
207 1889 1922 1966 ⁋ Est igitur sciendum quod humana ratio aliter mouetur in acquisitione scientiae de rebus naturali
216 1938 1909 2009 bus quae sibi subsunt. Aliter vero in acquisitione rerum supernaturalium quae eam excedunt. Quoniam in acqui
204 1991 1912 2068 sitione scientiae rerum naturalium motu proprio procedit ex naturaliter sibi cognitis ad incognita
216 2042 1918 2113 via naturalis inuestigationis cognoscenda. In acquisitione vero scientiae rerum supernaturalium
205 2104 1916 2179 sequtur motum naturae intellectualis superioris supernaturaliter cognoscenda ei omnino reuelantis: ad
210 2168 1925 2239 modum quo corpora elementaria mouentur duplici motu: vno sibi naturali: altero quo sequuntur
204 2204 1883 2295 motum corporum superiorum: & simiter se habent in motu suo spherae inferiores respectu primi mobilis.
195 2263 1910 2344 ⁋ Ad primum in oppositum: quod mali possunt scire mysteria huius scientiae: Dicen
199 2339 1905 2398 dum quod verum est: sed hoc non sine alicuius specialis luminis illustratione. Non dico gratiae gratum fac
198 2392 1915 2452 entis qua mali carent: sed gratis datae, quae plerumque datur malis in vsum fidelium. ⁋ Ad secundum
197 2452 1912 2508 quod philosophis cognouerunt naturali ratione personarum distinctionem & substantiae vnitatem: Dicendum
207 2502 1902 2564 quod non est verum. Quia enim inuenit Augusti. illud, In principio erat verbum &c. in libris Platonis: hoc non
198 2557 1906 2620 posuit Plato in suis libris tanquam a se inuentum: sed tanquam a doctrina aliorum acceptum scilicet propheta-
196 2608 1917 2671 rum: quoniam vt dicit Augustinus ii. de doctrina christia. probabile est Platonem tempore Hieremiae prophetae
210 2671 1929 2723 profectum fuisse in Aegyptum: & quod ibi per Hieremiam prophetam niis literis fuerit imbutus: & ideo ex hoc
204 2714 1914 2778 potuit scribere ea quae fide laudantur. ⁋ Sed contra hoc arguet aliquis, ex eo quod dicit Augustinus super loan.
195 2769 1911 2831 ser. ii. Hi (inquit) de quibus dicit Apostolus, Qui cum cognouissent deum: vident hoc quod dixit
207 2818 1917 2883 loan, quia per verbum dei facta sunt omnia: & quia vnigenitum filium habuit deus. Et dicendum
202 2873 1913 2932 quod viderunt deum & diuinam mentem: quam osne vocabant, aut filium: non vt distinctam personam
205 2927 1916 2993 secundum quod fidelis tenet: sed vt artem & conceptum quendam essentialem diuinae mentis, perti-
191 2988 1912 3048 nentem ad essentiam: licet filio approprietur. vnde appropriata viderunt: licet non propria: & licet
205 3041 1911 3100 circa illa ex naturalibus multipliciter persuaserunt veritatem: non tamen attingebant vnquam ad illa
204 3090 1913 3147 vt sunt propria huic scientiae: quia talia excaecant magis quam illuminant: iuxta illud quod dicit Gloss.
205 3138 1918 3206 Exo. in fine. Scriptura sancta sanctis. & suam ignorantiam fatentibus lumen est, iniquis vero & scien
203 3190 719 3283 tiam iactantibus nubes est.
