2374 3769
185 307 1924 388 quae non videt: sed quasi ex auditu & testimonio auctoritatis superioris ea vera esse teneat. Vnde
182 372 1911 442 Augustinus super illud loam. Et nos credimus & cognouimus. dicit in ser. xvii. Non agnouimus & credi-
173 426 1921 500 mus: sed credimus & cognouimus. credimus enim vt cognoscamus: nam si prius cognoscere: dein-
181 473 1910 553 de credere vellemus: nec cognoscere nec credere valeremus. & ser. xxix. Si non intellexisti, crede. In-
180 532 1920 609 tellectus enim merces est fidei. ergo noli quaerere intelligere vt credas, sed crede vt intelligas. nisi enim
176 588 1900 655 credideritis non intelligetis. ⁋ Est etiam aduertendum quod fides quae via est ad intellectum, non est
175 633 1908 713 fides qua solummodo creditur deo vt testi vero: sed qua credens in ipsum fidit vt in fidei auctore,
171 687 1904 765 & remuneratore. Vnde Augustinus in ser. xxviii. exponens illud: hoc est opus dei: vt credatis in eum quem il-
166 743 1914 807 le misit: ad exponendum illud aliud: Si quis voluerit voluntatem eius facere cognoscet de doctrina
183 793 1901 867 eius dicit. Quis nesciat esse voluntatem dei operari opus eius: hoc autem opus dei est vt credatis
166 842 1905 922 in eum: non vt credatis ei. Sed & si credatis in eum, creditis ei. Non autem continuo qui credit ei
178 907 1907 980 credit in eum. Nam daemones credebant ei & non credebant in eum. Rursus credendum est Paulo:
167 952 1904 1026 sed non credendum in Paulum. Credenti enim in deum reputatur fides ad iustitiam. Et quod sic fidem
163 1008 1892 1088 pire intelligentiam in cognitione eorum: quae naturalem rationem excedunt: non sit quasi ex sola
167 1069 1887 1136 legis institutione: sed magis ex rationis naturalis necessitate: ostendit Augustinus in epistola ad Consen-
164 1125 1901 1192 tiu dicens. Vt in quibusdam rebus ad doctrinam salutarem pertinentibus: quas ratione percipere non va-
166 1168 1892 1237 lemus, sed aliquando valebimus, fides qua cor mundatur praecedat rationem: vt rationis capiat & proferat lucem:
161 1226 1895 1287 hoc vtique rationis est. Et ideo rationabiliter dictum est per prophetam: Nisi credideritis non intelli
171 1280 1893 1343 getis. Vbi proculdubio discreuit haec duo: deditque consilium quo prius credamus: vt id quid credi-
173 1337 1890 1397 mus, intelligere valeamus. Vt fides igitur praecedat rationem rationabiliter prouisum est. Nam si
159 1379 1892 1451 hoc praeceptum rationale non est: irrationale est: absit. Si ergo rationale est vt magna capiantur quaedam
165 1436 1896 1501 quae capi nondum possunt fides antecedat rationem: proculdubio quatulacumque ratio quae hoc persuadet
163 1492 1894 1562 etiam ipsa antecedit fidem. Propterea monet Apostolus paratos nos esse debere ad responsionem omni
172 1548 1900 1612 poscenti nos rationem de fide & spe nostra. Quoniam si a me infidelis rationem poscit fidei & spei
166 1608 1901 1673 meae: & videro quod antequam credat: capere non potest: hanc ipsam ei reddo rationem: in qua si fieri potest:
165 1660 1898 1719 videat quam praepostere ante fidem poscat rationem earum rerum: quas capere non potest. Sic ergo di
165 1705 1898 1780 cendum: quod sine fide ista scientia disci non potest: quia sine ea non posset homo vllo modo dictis
175 1759 1893 1828 eius assentire: & multominus ea intelligere: sed fide roboratus & firmatus eius manuductione pro
178 1816 1883 1885 cedere potest: & occulta huius scientiae perquirere: & vt ea intelligat inuestigare: secundum quod de
175 1865 1879 1953 hoc habitum est supra in Titulo. viii. q. iii. Et ideo dicit Augiu. in iii. de doctrina christina quod sacra scriptu-
158 1925 623 1999 ra nihil asserit nisi fidem.
156 1987 1893 2089 ⁋ Ad primum in oppositum: quod ad cognitionem habitam reuelatione prophetica
164 2082 1879 2145 non requiritur fides: Dicendum quod prophetia de eis quae supernaturaliter sunt cognoscenda: aut a prophe
162 2136 1880 2213 tante non intelligitur omnino: nec nouit quid propheticet: sicut patet de Caypha, cum prophe-
166 2191 1890 2249 tauit quod expediret: quod vnus homo moreretur pro popso: aut necessario fidem adhibet eis: saltem fi-
163 2249 1887 2305 dem informen ex dono gratis dato. ⁋ Ad secundum quod homo sine fide potest terminos cognoscere:
165 2302 1878 2368 quia etiam complexa ex eis: Dicendum ad hoc quod veritas complexionum aliquando causatur essentialiter
163 2362 1883 2422 ex natura & quiditate & virtute terminorum: aliquando autem non sic: sed natura & quiditas ter-
163 2405 1878 2466 minorum solum sustinet & patitur vt in eis complexionis veritas comprehendatur. In primo ca-
157 2459 1877 2530 su subdistinguendum: quia aut homo ex lumine naturali attingere potest perfecte sub terminis per
165 2511 1876 2576 fecte cognoscendo naturam terminorum ad illud in natura & quiditate rei signatae: quo sunt cau
161 2565 1876 2622 sa veritatis complexionis: aut non. In primo casu cognoscens terminos lumine naturalis rationis: eodem
159 2616 1876 2681 lumine cognoscit & complexiones eorum: vt contingit in omnibus pure naturalibus praedicationibus
161 2676 1877 2737 tam substantialibus quam accidentalibus. In secundo vero casu cognoscens terminos lumine naturali:
170 2729 1875 2797 cognoscit ipsos incomplete. Complete autem quo ad id quod sunt causa veritatis complexionis: non
171 2787 1878 2854 cognoscit ipsos nisi lumine supernaturali: & sic non nisi lumine supernaturali cognoscit veritatem
155 2833 1892 2896 complexionis in illis. Verbi gratia: quoniam cognoscens lumine naturali: quid deus: quid trinitas: quid
160 2891 1893 2962 vnitas: non tamen cognoscens lumine naturali quid deus inquantum causat in se (vt ita loquar) tri-
164 2936 1895 3005 nitatem personarum in vnitate essentiae, non cognoscit quod deus est trinus & vnus lumine natu-
157 2990 1876 3053 rali: sed solum lumine supernaturali: quia quiditates illorum terminorum inquantum sunt causa verita
153 3044 1892 3115 tis illius complexionis non sunt natae cognosci nisi lumine supnaturali. Quando autem quiditas terminorum non
154 3104 1882 3173 causat naturaliter in se neque continet veritatem complexionis: sed solum sustinet eam a supnaturali agente in
154 3148 1882 3213 se causari: vt quod natura mulae sustinet quod loquetur: tunc termini bene possunt cognosci perfecte lumine natura-
154 3206 1883 3301 li: sed complexionis veritas solum lumine supnaturali. vt simiter contingit in veritate illius propositionis quae di
