2333 3747
419 271 2158 367 quae fecit prodesse doctrinam, quae gratia si desit, videmus etiam obesse doctrinam. De primis duobus
415 344 2139 413 modis discendi procedit ratio secunda. de tertio procedit prima: & est iste verissimus & perfectissimus
424 403 2150 462 modus discendi hanc scientiam: & sic addiscens eam propriissimus auditor eius est: quia ipse solus
424 452 2159 524 perfecte percipere potest ea quae dei sunt: quae non potest percipere animalis homo: qualis est omnis sine gratia
424 512 2157 580 gratum faciente existens. Vnde & iste solus finem huius scientiae potest attingere. secundum quod dicit Au
424 563 2148 630 gust. talem auditorem hortando ad auditum huius scientiae, in fine primi de doctriu, christia. Cum quisque
430 619 2157 673 cognouerit finem praecepti esse charitatem de corde puro & conscientia bona & fide non ficta: ad tra-
427 664 2151 734 ctationem illorum librorum securus accedat. Vnde & qui hoc modo scit hanc scientiam vt capiat
423 714 2156 774 affectu: quae intelligit intellectu: solum perfecte & vere nouit hanc scientiam. secundum quod dicit Chryso.
429 772 2164 834 super illud Matth. Et aperti sunt ei caeli. Caeli (inquit) sunt scripturae diuinae in quibus habitat deus. Si
425 825 2156 883 cut enim in caelo celatur deus: ita & in scripturis absconditur: & sicut hoc caelum corporale omnes
435 884 2165 947 quidem homines vident: non autem aspiciunt deum inhabitantem in eo: ita & diuinas scripturas omnes
428 934 2167 1003 quidem homines legunt: non tamen omnes intelligunt deum veritatis positum in scripturis: nisi qui
437 988 2152 1053 fuerit baptizatus, vt accipiat spiritum sanctum. Vnde & apostolis priusquam baptiaati erant spiritusan
439 1038 2155 1098 cto: erant clausae scripturae. postquam aperuit eis sensum insuffians eis spiritum sanctum: tunc reseratae
439 1091 2153 1152 sunt omnes scripturae ante oculos cordis eorum. Ergo qui baptizatus est: & meretur accipere spiri
426 1152 2157 1213 tum sanctum, aperiuntur ei omnes scripturae: vt intelligat quae ibi posita sunt mysteria veritatis. Pro-
424 1202 2165 1266 pterea autem non aperiuntur omnibus: quoniam quidam falsum baptisma habentes non possunt acci-
435 1253 2155 1322 pere spiritum veritatis. Quosdam autem non baptismus impedit ne accipiant spiritum sanctum, &
437 1314 2163 1377 aperiantur eis scripturae: sed propositum malum, quamuis bene fuerit baptizati. ldem super illud Petite
426 1362 2172 1425 & accipietis. Et non timentes deum inueniunt scientiam legendo & studendo: sed non illam quae ex
433 1415 2155 1482 deo est: sed hanc quae ex natura carnali per exercitationem carnis acquiritur: quam habuerunt etiam
442 1471 2169 1532 & gentilium studiosi. Qui enim actionibus non instat: nec operibus bonis: sed per solum studium le-
442 1521 2151 1581 ctionum factus est sapiens: quando aliis praedicat ipse sibi non sentit quod praedicat: alios forsitam terret:
438 1576 2164 1643 ipse tamen non timet: alios admonet credere: & ipse non credit quae dicit, quando alios docet: abintus conscien
435 1630 2157 1697 tia eius ridet sibi de verbis suis: quia scientia quae est ex solis lectionibus ex ore procedit: quae autem
437 1685 2166 1747 de spiritu sancto est: ex corde profertur. & ideo spiritualis scientia non solum discitur: sed etiam an
430 1738 2165 1791 te scitur, non tantum in scripturis legitur: sed ex corde suggeritur. & si alios terret: ipse amplius timet.
437 1786 2168 1851 & omne quod loquitur, non lectione sed experimentatione probat. De quo dicitur in collat. patrum
437 1851 2163 1914 exponendo illud Psal. Montes excelsi ceruis. Quisquis discretionis virtute munitus ad figuram rationa-
433 1894 2168 1952 lis cerui mentis alacritate peruenit: pascitur in propheticis & apostolicis montibus i. i. excellentissi-
440 1950 2168 2006 mis eorum ac subtilissimis sacramentis: vt omnes quoque psalmorum affectus in se recipiens ita incipiat
442 2004 2170 2060 decantare: vt eos non tanquam a propheta compositos, sed velut a se editos quasi orationem propriam
435 2062 2159 2129 profunda cordis compunctione depromat, vel certe ad suam personam aestimet eos fuisse directos: eo-
444 2118 2164 2178 rumque sententias non tunc tantummodo prophetam, aut in propheta fuisse completas: sed in se quo-
452 2162 2167 2235 tidie geri implerique cognoscat. Tunc enim scripturae diuinae nobis clarius perpatescunt: & quodam
447 2221 2171 2285 modo venae medullaeque panduntur: quando experientia nostra non eas tantum percipit: sed etiam prae-
447 2271 2160 2329 uenit notionem: sensusque verborum non per expositionem nobis: sed per documenta reserantur.
445 2322 2163 2387 Eundem namque praecipientes cordis affectum: quo quisque decantatus vel descriptus est Psalmus, velut
437 2381 2170 2446 auctores eius facti praecedimus magis intellectum ipsius quam sequamur, id est: vt prius dictorum
450 2430 2154 2492 veritatem quam notitiam colligentes, quid in nobis gestum sit, vel quotidianis geratur incursibus, sem-
436 2484 2158 2555 per praeueniente meditatione quodammodo recordemur in Psal. & velut in speculo purissimo paruidem
435 2545 2161 2601 tes efficacius cognoscamus: & ita magistri affectibus eruditi: non vt audita: sed tanquam perspecta: &
442 2592 2169 2659 memoriae commendata palpemus: & velut ipsi rerum naturae insita de interno cordis parturiamus
437 2657 2168 2715 affectu, vt eorum sensum non textu lectionis sed experientia praecedente penetremus. Vt autem ta
436 2699 2158 2765 li modo sciamus hanc scientiam, non sufficit fides quaecunque aut illustratio: sed necessario requiri
449 2759 2162 2819 tur fides operans per dilectionem. de quo dicit Christus. loan. vii. Siquis voluerit facere voluntatem
437 2810 2161 2872 eius qui misit me: cognoscet de doctrina eius, quod exponens Augustinus ser. xxix. dicit. Quid est cognoscetes
432 2862 2160 2931 hoc est intelliget, quid est voluntatem eius facere: hoc est credere, vt credatis in eum. quid est crede
441 2915 2168 2982 re in eum: credendo amare: credendo in eum ire: & eius membris incorporari. lpsa est ergo fides quae
439 2971 2172 3033 per dilectionem operatur: haec in te sit: & intelliges doctrinam dei. Hinc dicit lxxxiii, quaestionibus quaes ine vlviii. Quae
450 3029 2153 3092 primo creduntur & postea intelliguntur: sunt illa quae in diuinis rebus non possunt intelligi nisi
436 3074 2167 3146 ab his qui mundo sunt corde, quod sit praeceptis seruatis quae de bene viuendo accipiuntur. Et ideo
449 3129 2171 3190 dicit. i. par. super loannem. ser. xviii. Mores perducunt ad intelligentiam. genus vitae perducit ad genus scien
435 3186 2174 3256 tiae. ltem in ser. de lacob & Esau. Vultis plus capere: crescite: vultis crescere: bene viuite, qui enim
