2303 3777
453 282 2197 389 notum fieri quia spiritus sanctus procedit a patre & filio: & non a patre solo: & sic de caeteris quae sunt
456 378 2182 454 huius scientiae propria, & ad fidem pertinentia. ⁋ Ad cuius ampliorem cognitionem notandum, quod
447 441 2193 502 actus intelligendi importat quandam interiorem notitiam. dicitur enim intelligere quasi intus le-
458 486 2182 556 gere, quod euidenter patet in notitia quam habet intellectus ex eis quae percipit sensu. Cum enim vt dicit Phi
460 534 2180 602 losophus, sensus est susceptiuus specierum sensibilium solum: intellectus a sensu recipit solas species intel
463 603 2191 655 ligibiles sensibilium. Ipse tamen intellectus sub speciebus sensibilium inuestigando quasi subtus fodien-
461 639 2185 707 do, penetrat ad cognoscendum ea quae latent intelligibilia sub speciebus sensibilium: quorum multa
457 695 2182 770 sunt genera. Nam sub speciebus intelligibilibus sensibilium latent quiditates substantiarum accidem
453 762 2186 815 tibus subiectarum: & sub verbis latent significata verborum: & sub effectibus latent causae. Oim talium
464 802 2184 873 notitiam intellectus ab initio vt non est purus: sed solum phantasticus: non habet nisi quasi ex au-
454 854 2193 929 ditu: sed per inuestigationem ex euidentia rationis eam acquirit. Vnde sicut sub speciebus accidem
454 908 2191 977 tium quiditates substantiae, sub verbis significata, sub effectibus causae, per inuestigationem lumine na
454 965 2187 1033 turali cognoscuntur: eo quod illa quae latent ad illa quae patent habent colligantiam quasi naturalem: Sic
470 1021 2187 1089 etiam sub figuris legalibus & prophetalibus integumenta veritatum: & sub terminis aenigmaticis cre
472 1069 2188 1137 dibilium per inuestigationem lumine supernaturali cognoscuntur propter colligantiam supernatura
458 1124 2182 1199 lem illorum quae latent ad illa quae patent. Vnde sicut simplici notitia loseph per intellectum cogno-
460 1177 2188 1249 uit significatum in somnio Pharaonis spiritu prophetico: cuius Pharao solum species sensibiles aper
459 1243 2181 1309 prehendit: Sic dono aliquo intellectus potest homo spiritualis intelligere veritates credibilium assen
466 1283 2192 1352 tiendo eis ex euidentia rationis non ex solo auditu fidei: quas alius non intelligit: sed sola fide te-
468 1331 2194 1406 net. Non enim minoris virtutis est lumen supnaturale ad ostendendum intellectui inuestiganti ea quae la
471 1392 2186 1455 tent sub sensibilibus supernaturali colligantia, quam lumen naturale ad ostendendum intellectui inue-
453 1441 2184 1512 stiganti ea quae latent sub aliis naturali colligantia. Vnde hanc inuestigationem Augustinus intelligens fa-
473 1494 2197 1570 ciendam in expositione sacrae scripturae, dicit in ser. xxiii. super loan. Putemus scripturam dei tanquam
466 1563 2181 1624 agrum esse, vbi volumus aliquid aedificare. Non ergo simus pigri, nec superficie contenti: fodia-
461 1601 2189 1671 mus altius: donec parueniamus ad petram, de qua dicit apostolus. Petra erat Christus. Qua. scilicet quaeren-
469 1658 2188 1725 dus est vbique in sacris scripturis. Vnde ad talem intellectum promerendum, primo credendum est
473 1709 2197 1774 auctoritati sacrae scripturae: deinde studio sacra scripturae diligenti inuestigatione insistendum ad
471 1766 2193 1833 hoc quod creditum est intelligendum, assistente nobis supernaturali illustratione diuina: quae nobis nunquam deest
474 1817 2191 1893 in cognoscendis supernaturalibus: sicut nunquam deest in cognoscendis naturalibus, secundum quod habi-
469 1870 2189 1934 tum est supra: si faciamus quod in nobis est: & ad eius susceptionem nos praeparemus. Vnde non pro-
468 1922 2192 2001 pter nudum credibilium conceptum sub forma credibilium sacra scriptura exponenda est: sed vt
474 1975 2190 2046 eorum quae creduntur acquiratur intellectus. secundum quod dicit Augustinus super loan. sermo. primo.
467 2031 2193 2098 Ad quid exponitur si non intelligitur: & sermo. xxii. Ne quis desperet quod possit capere dono dei, quod
476 2080 2198 2153 loqui dignatus est filius dei. Ergo quae loqui dignatus est: debemus credere quia voluit vt intelli-
468 2153 2192 2213 geremus: sed si non possumus: praestet intellectum rogatus: qui verbum praestitit non rogatus.
482 2187 2182 2264 Qui verbum (inquit) meum audit & credit ei qui misit me: habet vitam aeternam. Nunquid igi-
470 2238 2192 2321 tur nos audire voluit verbum suum, intelligere noluit: quasi dicat, in audiendo & credendo vi-
474 2295 2183 2361 ta aeterna est: multo magis in intelligendo. Sed gradus pietatis est fides. Fidei fructus, intellectus.
466 2360 2192 2420 & sermo. xxxix. Hide praecedente quae sanat oculum cordis nostri, quod intelligimus sine obscuri-
474 2397 2200 2471 tate capiamus: quod non intelligimus, sine dubitatione credamus: a fundamento fidei non receda
475 2453 2201 2525 mus, vt ad culmen perfectionis veniamus. & sermo. xxxviii. Quisquis ad sciendum verbum dei ad
477 2517 2197 2583 huc minus idoneus est, lacte fidei nutriatur. fides enim in meritum est: intellectus praemium. In ipso
471 2565 2197 2638 labore intentionis desudat acies mentis nostrae, vt purget sordiculas nebulae humanae: & serenetur
472 2615 2200 2700 ad verbum dei. Et patet plane: quia in omnibus huiusmodi dictis Augustinus loquitur de intelli
489 2669 2190 2749 gere huius vitae: contra eos qui exponunt illud Esaiae, Nisi credideritis non intelligetis, solummodo de
471 2725 2193 2802 intellectu futurae vitae: ad quem necessario praeambula est fides huius vitae. quamuis enim hoc verum
472 2784 2185 2853 sit: tamen non solum hoc verum est. Verum enim simul est & pro intelligere praesentis vitae. quod aper
472 2830 2200 2901 te patet ex illo quod dicit in ser. xxi. Discamus, vt si ille dignum iudicat quod modo verum est intelligamus:
482 2879 2200 2963 si autem non poterimus: non eamus in id quod falsum est. Melius enim est nescire quam errare. Sed scire
472 2933 2205 3012 melius est quam nescire: igitur ante omnia conari debemus vt sciamus verba dei: quare enim dicta
475 2985 2193 3068 sunt nisi vt sciantur: quare sonuerunt nisi vt audiantur: quare audita sunt nisi vt intelligantur: Et
477 3038 2193 3120 sicut dicit. ii. de lib. ar. nisi aliud esset credere: aliud intelligere: & primo credendum quod intellige
483 3097 2186 3172 re cuperemus: frustra propheta dixisset: Nisi credideritis non intelligetis. ⁋ Absolute igitur dicendu
489 3154 2194 3229 quod discens hanc scientiam vt congruit, super habitum fidei acquirit habitum intellectus: vt quae
484 3203 2192 3305 primo credit fide, postmodum intelligit ratione: & cui primo assentit ita suasus alterius auctoritatem
