1475 2066
174 141 183 54 Ar
266 141 183 54 in
358 141 305 54 vrorr.
541 141 122 54 2i

205 205 273 45 MEApri
396 205 164 45 vs
450 205 218 45 icorvi

221 300 408 46 2iBMMAV2MV8

270 372 144 46 Cum
353 372 186 46 Auer.
456 372 165 46 Commen

236 452 279 38 SVMMA.
404 452 223 38 22E22.

176 507 85 39 In
218 507 100 39 hic
275 507 142 39 Sunima
375 507 128 39 vnica
460 507 213 39 nonnullorum
617 507 85 39 nomi

184 541 89 38 num
235 541 216 38 multipliciter
413 541 153 38 dictorum
515 541 178 38 significatio

189 571 82 39 nes
225 571 188 39 distinguuntur,

268 645 100 54 De
318 645 233 54 Principio.
501 645 133 54 Cap.
568 645 50 54 2

382 717 220 57 Hincipium,
555 717 110 57 hoc
603 717 94 57 qui-

391 765 96 41 dem
446 765 151 41 dicitur
556 765 123 41 illud
624 765 69 41 rei

383 805 88 53 a
419 805 123 53 quo
489 805 140 53 quis
559 805 140 53 primum

380 860 243 38 mouetur,
542 860 162 38 vtputa

377 892 340 50 magnitudinis,
637 892 60 50 &

186 932 141 55 viae
275 932 141 55 hinc
363 932 176 55 quidem
486 932 124 55 hoc
539 932 159 55 princi-

186 973 124 53 pium
263 973 124 53 est.
340 973 93 53 Ex
386 973 185 53 opposito
525 973 124 53 vero
587 973 108 53 aliud

181 1020 212 53 principium
348 1020 121 53 est,
423 1020 152 53 illud,
529 1020 121 53 vnde
605 1020 121 53 quod

187 1057 102 57 que
246 1057 146 57 optime
348 1057 131 57 fiat,
435 1057 88 57 vt
479 1057 204 57 doctrinae,
625 1057 73 57 non

186 1101 89 54 am
231 1101 148 54 primo,
334 1101 89 54 ac
378 1101 103 54 rei
437 1101 192 54 principio
570 1101 133 54 aliquam

188 1144 93 45 do
234 1144 216 45 inchoandum
404 1144 124 45 est,
481 1144 108 45 sed
543 1144 124 45 vnde
604 1144 93 45 quis

185 1185 169 41 facilius
312 1185 155 41 discat.
425 1185 127 41 Aliud
510 1185 141 41 autem,
608 1185 71 41 a
622 1185 71 41 quo

180 1229 144 48 primo
276 1229 240 48 inexistente
469 1229 128 48 fit,
549 1229 96 48 vt
581 1229 112 48 nauit

178 1277 205 38 carina,
327 1277 93 38 &
364 1277 167 38 domus
457 1277 242 38 fundamentum

172 1314 236 40 animalium
353 1314 181 40 quoque
480 1314 181 40 quidam
589 1314 109 40 cor-

176 1352 180 53 quidam
302 1352 234 53 cerebrum,
483 1352 180 53 quidam
591 1352 108 53 quod

170 1397 142 56 cumque
269 1397 114 56 tale
340 1397 199 56 contingit,
496 1397 156 56 putant.
596 1397 99 56 Aliud

175 1437 148 45 vero,
273 1437 82 45 a
306 1437 115 45 quo
372 1437 148 45 primo
470 1437 115 45 non
519 1437 181 45 inexisten

176 1478 97 49 te
224 1478 129 49 fit,
305 1478 81 49 &
337 1478 81 49 a
370 1478 113 49 quo
434 1478 145 49 primo
531 1478 162 49 natura
628 1478 65 49 a-

171 1521 136 51 ptus
256 1521 119 51 est
324 1521 170 51 motus,
443 1521 85 51 &
460 1521 238 51 transmutatio

168 1565 211 43 inchoari.
330 1565 114 43 vt,
395 1565 130 43 ples
476 1565 97 43 ex
525 1565 146 43 patre
622 1565 81 43 &
638 1565 65 43 ma

173 1610 120 41 tre,
248 1610 75 41 &
278 1610 150 41 bellum
383 1610 90 41 ex
428 1610 225 41 contumelia.
594 1610 105 41 Aliud

180 1649 140 50 porro
274 1649 109 50 id,
336 1649 93 50 ad
383 1649 140 50 cuius
476 1649 218 50 electionem
632 1649 62 50 mo

170 1692 175 46 uentur
293 1692 140 46 quae
381 1692 228 46 mouentur,
556 1692 88 46 &
573 1692 123 46 mutam

170 1732 131 56 tur
245 1732 150 56 quae
339 1732 244 56 mutantur,
508 1732 188 56 quemadm,

169 1781 119 45 dum
237 1781 238 45 ciuitatum,
424 1781 273 45 principatus,
629 1781 68 45 po

179 1817 217 42 tentiae:
342 1817 181 42 regna,
468 1817 90 42 &
486 1817 217 42 tyrannides

719 156 207 42 principia
878 156 191 42 dicuntur
1021 156 143 42 etiam
1101 156 127 42 artes,

711 193 87 41 &
745 193 104 41 ex
798 193 122 41 his
867 193 174 41 maxime
971 193 261 41 architectoni-

716 245 135 32 cae.
801 245 135 32 Item
885 245 135 32 vnde
970 245 169 32 primum
1088 245 118 32 res
1139 245 84 32 co-

714 281 144 49 gnita
810 281 128 49 est,
890 281 144 49 illud
986 281 160 49 quoque
1082 281 144 49 princi-

709 328 131 42 pium
791 328 115 42 rei
856 328 197 42 dicitur.
1004 328 164 42 vtputa
1102 328 131 42 demon-

707 359 241 43 strationum
896 359 310 43 suppositiones.
1137 359 86 43 To-

710 405 129 41 ties
790 405 145 41 autem
887 405 161 41 causae
1000 405 113 41 quo
1064 405 113 41 que
1112 405 129 41 dicun-

717 445 132 53 tur.
799 445 148 53 omnes
898 445 165 53 nanque
1013 445 165 53 causae
1112 445 115 53 prin-

708 487 174 51 cipia.
830 487 192 51 Omnibus
969 487 174 51 igitur
1074 487 157 51 princi-

709 528 138 50 piis
795 528 190 50 commune
934 528 121 50 est
1003 528 138 50 esse
1072 528 156 50 primum,

713 568 122 55 vnde
789 568 107 55 aut
850 568 122 55 est,
927 568 107 55 aut
988 568 122 55 fit,
1065 568 107 55 aut
1111 568 122 55 cogno-

707 613 191 45 scitur.
846 613 156 45 Horum
950 613 139 45 vero
1037 613 191 45 quaedam
1158 613 70 45 in

716 653 233 45 trinsecus,
900 653 183 45 quaedam
1016 653 217 45 extrinsecus

715 698 145 41 sunt.
811 698 145 41 Quare
908 698 161 41 natura
1020 698 161 41 quoque
1117 698 112 41 prin-

709 737 181 41 cipium
836 737 145 41 est,
927 737 91 41 &
963 737 254 41 elementum.
1144 737 91 41 mes

718 780 141 54 etiam
812 780 78 54 &
843 780 188 54 electio,
984 780 78 54 &
1015 780 234 54 substantia,
1187 780 47 54 &

714 820 131 45 quod
795 820 147 45 cuius
893 820 163 45 causa.
1007 820 163 45 multis
1105 820 131 45 etenim

711 862 85 52 &
745 862 272 52 cognitionis,
966 862 85 52 &
1000 862 153 52 motus
1085 862 153 52 princi-

711 905 150 48 pium
805 905 169 48 ipsum
918 905 188 48 bonum,
1050 905 94 48 &
1069 905 150 48 malum.

765 948 170 63 initium
888 948 170 63 dicitur
1012 948 155 63 illud,
1121 948 93 63 ex
1152 948 77 63 quo

718 996 132 62 prius
806 996 161 62 mouetur
923 996 176 62 aliquid.
1055 996 88 62 v.
1099 996 88 62 g.
1128 996 103 62 prin-

711 1045 163 65 cipium
825 1045 277 65 longitudinis.
1053 1045 98 65 Et
1086 1045 147 65 dicitur

715 1093 130 55 etiam
801 1093 144 55 illud,
902 1093 86 55 ex
945 1093 101 55 quo
1003 1093 144 55 melius
1103 1093 101 55 est
1147 1093 86 55 ali-

718 1141 115 64 quid
789 1141 143 64 fieri.
890 1141 115 64 v.g.
961 1141 186 64 doctrina.
1091 1141 143 64 quoniam,

714 1188 123 54 forte
797 1188 82 54 no
838 1188 178 54 recipitur
975 1188 82 54 de
1016 1188 178 54 principio
1153 1188 110 54 rei,

715 1237 91 61 sed
767 1237 78 61 de
806 1237 117 61 illo,
884 1237 78 61 de
923 1237 91 61 quo
975 1237 156 61 facilior
1091 1237 91 61 est
1130 1237 104 61 disci-

712 1284 159 62 plina.
823 1284 95 62 Et
871 1284 175 62 dicitur
998 1284 143 62 etiam
1094 1284 159 62 illud,
1189 1284 64 62 ex

714 1332 99 63 quo
770 1332 127 63 prius
855 1332 99 63 fit
911 1332 113 63 res,
982 1332 70 63 &
1010 1332 99 63 est
1066 1332 85 63 in
1108 1332 99 63 re.
1151 1332 85 63 v.g.

715 1381 278 53 undamentum,
938 1381 186 53 nauis,
1068 1381 93 53 &
1087 1381 148 53 domus,

709 1428 80 63 &
741 1428 144 63 sicut
837 1428 160 63 quidam
949 1428 160 63 dicunt
1061 1428 112 63 cor
1125 1428 96 63 in
1157 1428 80 63 ani

714 1476 165 63 mali,
824 1476 92 63 &
860 1476 183 63 quidam
989 1476 238 63 cerebrum,
1172 1476 92 63 &

718 1525 170 61 quidam
837 1525 153 61 aliud
939 1525 204 61 secundum
1076 1525 153 61 existi-

716 1573 199 61 mationem
866 1573 299 61 vniuscuiusque.
1115 1573 100 61 Et
1148 1573 83 61 di-

713 1621 137 61 citur
804 1621 137 61 etiam
896 1621 153 61 illud,
1003 1621 92 61 ex
1049 1621 107 61 quo
1110 1621 107 61 fit
1156 1621 76 61 res

711 1668 154 63 prius
814 1668 103 63 *&
865 1668 120 63 est
933 1668 154 63 inre,
1036 1668 103 63 ex
1087 1668 120 63 qua
1138 1668 86 63 fi-

715 1723 202 58 initium
862 1723 166 58 motus
972 1723 92 58 &
991 1723 239 58 transmuta

720 1764 144 63 tionis,
825 1764 79 63 v.
864 1764 79 63 g.
904 1764 131 63 filius
996 1764 66 63 a
1022 1764 197 63 parentibus,
1180 1764 66 63 &

710 1813 99 53 lis
767 1813 85 53 ab
809 1813 128 53 odio.
894 1813 85 53 Et
936 1813 156 53 dicitur
1050 1813 128 53 etiam
1121 1813 113 53 illud,
