1475 2066
201 148 189 54 ipropter
343 148 142 54 cuius
438 148 205 54 volutatem
595 148 173 54 mouetum

215 197 142 62 quod
304 197 213 62 mouetur,
464 197 89 62 &
482 197 249 62 transmutatur

216 245 132 54 quod
298 245 263 54 trasmutatur.
512 245 132 54 v.g.
577 245 165 54 dominium

220 290 89 57 in
265 290 236 57 ciuitatibus.
456 290 74 57 &
486 290 162 57 vegnum,
604 290 118 57 quae
663 290 74 57 di-

214 336 150 61 cuntur
319 336 120 61 esse
394 336 210 61 principia.
560 336 75 61 &
575 336 165 61 similiter

220 387 91 56 in
265 387 211 56 artificus,
431 387 75 56 &
461 387 151 56 maxime
567 387 91 56 in
597 387 136 56 princi-

214 429 99 61 pus
271 429 241 61 artificiorum.
469 429 85 61 Et
511 429 156 61 dicitur
611 429 128 61 initium

216 477 130 65 etiam
302 477 145 65 illud,
403 477 87 65 ex
447 477 101 65 quo
505 477 101 65 res
563 477 145 65 scitur
649 477 87 65 pri-

218 529 107 60 mo.
279 529 92 60 v.
325 529 92 60 g.
371 529 261 60 propositiones
586 529 92 60 in
616 529 123 60 demon-

220 573 202 62 stratione.
378 573 86 62 Et
421 573 187 62 similifer
565 573 158 62 dicutur
666 573 72 62 cau

214 621 105 61 sae
274 621 150 61 etiam.
379 621 135 61 omnes
469 621 120 61 enim
544 621 150 61 causae
634 621 105 61 sunt,

212 669 218 62 principia.
384 669 94 62 Et
431 669 140 62 omnia
524 669 203 62 principia
665 669 62 62 ha

202 718 131 60 Vbent
290 718 161 60 aliquid
407 718 161 60 comune,
524 718 117 60 quod
597 718 102 60 est
640 718 88 60 pri-

211 769 112 49 mu,
275 769 80 49 &
307 769 191 49 sciendum
450 769 112 49 est
514 769 112 49 quo
578 769 128 49 modo
641 769 96 49 est,

219 818 78 61 &
251 818 172 61 quomodo
376 818 141 61 erit.
470 818 94 61 Et
517 818 172 61 quaedam
626 818 110 61 prin-

221 865 127 50 cipia
306 865 113 50 sunt
376 865 85 50 in
418 865 141 50 rebus,
517 865 85 50 et
560 865 155 50 quaedam
658 865 71 50 ex-

224 913 92 65 tra
277 913 105 65 res.
342 913 79 65 Et
382 913 171 65 similiter
514 913 132 65 natura
606 913 92 65 est
646 913 92 65 prin-

214 962 190 64 cipium,
352 962 86 64 &
386 962 224 64 elementum
559 962 172 64 etiam.
679 962 86 64 &

218 1010 222 64 cogitatio.
392 1010 79 64 &
424 1010 206 64 voluntas,
583 1010 79 64 &
598 1010 143 64 substan

213 1057 125 61 tia,
291 1057 78 61 &
322 1057 140 61 illud
416 1057 171 61 propter
541 1057 140 61 quid,
634 1057 78 61 &
650 1057 93 61 bonu

215 1108 78 61 &
247 1108 186 61 largitas
386 1108 109 61 est
448 1108 202 61 principiu
588 1108 140 61 plurium

217 1165 84 54 &
251 1165 218 54 cognitio,
418 1165 84 54 &
452 1165 151 54 motus
535 1165 134 54 etiam.

372 1229 178 59 sNtendit
506 1229 89 59 in
550 1229 104 59 hoc
595 1229 148 59 tractatu

382 1269 210 50 distinguere
536 1269 196 50 significatio

376 1305 102 41 ines
440 1305 141 41 nominum
542 1305 153 41 secundum
645 1305 89 41 inter

369 1345 161 49 ltiones
487 1345 249 49 consyderandas
677 1345 59 49 in

216 1380 109 46 hac
279 1380 202 46 scientia.
434 1380 78 46 &
465 1380 140 46 omnia
558 1380 124 46 ista
620 1380 124 46 nomina

229 1426 167 40 dicuntur
354 1426 167 40 secundum
479 1426 194 40 relationem
632 1426 83 40 ad
660 1426 83 40 vnum

229 1462 112 51 quid
299 1462 127 51 modis
384 1462 183 51 diuersis.
524 1462 70 51 &
552 1462 112 51 ideo
608 1462 127 51 exposi-

222 1508 101 42 tio
279 1508 159 42 istorum
395 1508 159 42 nominum
511 1508 101 42 est
569 1508 116 42 pars
626 1508 116 42 istius

226 1538 172 40 scientiae
358 1538 92 40 per
411 1538 92 40 se,
464 1538 92 40 non
516 1538 119 40 sicut
582 1538 159 40 consuetudo

225 1577 84 41 est
273 1577 72 41 in
309 1577 144 41 scientia
417 1577 144 41 Naturali
524 1577 144 41 scilicet
620 1577 120 41 exponere

229 1619 126 50 nomnia
317 1619 75 50 in
355 1619 189 50 quaestione,
506 1619 75 50 ad
544 1619 101 50 quam
607 1619 88 50 hoc
644 1619 101 50 perti-

228 1654 96 53 net,
288 1654 133 53 quoniam
385 1654 169 53 distinctio
517 1654 133 53 nominum
613 1654 96 53 fuit
662 1654 84 53 illic

225 1693 143 53 solum
320 1693 127 53 modo
400 1693 95 53 ad
447 1693 270 53 distinguendum
670 1693 95 53 in

224 1733 193 50 tentionem
373 1733 193 50 quaesitam
522 1733 89 50 ab
566 1733 119 50 alia
626 1733 104 50 inten

225 1780 155 30 tione:
333 1780 108 30 hic
395 1780 108 30 aut
457 1780 108 30 est
518 1780 93 30 ad
549 1780 186 30 numerandum

222 1812 99 54 ea,
278 1812 85 54 de
321 1812 141 54 quibus
420 1812 198 54 consyderat
575 1812 113 54 ista
632 1812 99 54 scien

757 141 107 58 tia.
824 141 214 58 Consyderatio
998 141 134 58 igitur
1092 141 80 58 de
1119 141 147 58 nominibus

758 185 99 55 est
815 185 85 55 de
857 185 142 55 genere
956 185 269 55 consyderationis
1183 185 85 55 in
1211 185 57 55 mo

758 222 96 46 dis
813 222 179 46 subiecti,
951 222 83 46 in
992 222 96 46 quo
1047 222 193 46 consyderat
1185 222 83 46 ista

759 262 175 44 scientia:
893 262 67 44 &
920 262 108 44 ideo
988 262 148 44 oportet
1096 262 108 44 poni
1163 262 94 44 per
1204 262 67 44 se.

760 302 101 44 Et,
817 302 101 44 cum
875 302 101 44 hoc
932 302 144 44 latuit
1033 302 187 44 Nicolaum,
1163 302 86 44 vide

761 340 90 38 bit
812 340 103 38 quod
877 340 128 38 melior
966 340 103 38 ordo
1030 340 90 38 est
1082 340 77 38 in
1120 340 90 38 hac
1158 340 103 38 scien-

758 380 109 38 tia
821 380 187 38 exponere
961 380 141 38 nomen
1055 380 125 38 apud
1117 380 141 38 consyde

761 418 186 40 rantionem
904 418 86 40 de
947 418 200 40 intentione
1104 418 143 40 illius
1190 418 71 40 nom

762 451 104 56 nis,
827 451 91 56 non
879 451 78 56 vt
919 451 144 56 ponatur
1023 451 104 56 pars
1088 451 131 56 istius
1167 451 91 56 scien

752 495 102 49 tiae
816 495 89 49 per
867 495 89 49 se,
918 495 114 49 sicut
994 495 127 49 latuit
1083 495 114 49 illum
1147 495 114 49 disposi

759 535 131 49 tio,
841 535 82 49 &
873 535 131 49 ordo
955 535 197 49 sermonum
1087 535 180 49 logicorum

751 573 79 38 in
790 573 93 38 hac
843 573 172 38 scientia,
976 573 119 38 sicut
1055 573 146 38 diximus
1161 573 79 38 in
1188 573 79 38 tra-

754 616 113 42 ctatu
829 616 138 42 Tertio.
929 616 75 42 Et
966 616 100 42 quia
1029 616 100 42 ista
1091 616 150 42 scientia
1191 616 75 42 pri-

752 645 80 54 mo
792 645 67 54 &
818 645 227 54 principaliter
1006 645 187 54 consyderat
1153 645 80 54 de
1179 645 94 54 prin-

756 689 103 51 cipiis
828 689 103 51 entis,
900 689 124 51 secundum
993 689 82 51 quod
1044 689 72 51 est
1085 689 82 51 ens,
1137 689 124 51 incoepit
1219 689 52 51 di-

762 727 149 51 stinguere
876 727 138 51 secundum
980 727 92 51 quot
1037 727 103 51 modos
1106 727 126 51 dicitur
1187 727 80 51 prin-

757 764 153 50 cipium,
868 764 83 50 vt
910 764 97 50 sit
965 764 194 50 declaratum
1118 764 83 50 ei
1146 764 125 50 primum,

755 805 72 49 a
783 805 100 49 quo
841 805 186 49 deriuatur
984 805 100 49 hoc
1042 805 129 49 nomen
1128 805 86 49 ad
1171 805 129 49 alia.

756 845 82 43 &,
797 845 109 43 quia
866 845 150 43 initium
975 845 96 43 est
1030 845 82 43 ex
1071 845 191 43 principio,
1207 845 55 43 di

762 882 117 50 uisit
840 882 143 50 initium
944 882 104 50 loco
1009 882 182 50 principii,
1153 882 65 50 &
1166 882 104 50 dicit,

762 921 139 41 Initium
863 921 151 41 dicitur,
977 921 88 41 &c.
1027 921 76 41 i.
1065 921 63 41 &
1090 921 126 41 illud,
1179 921 76 41 ex
1204 921 63 41 quo

760 959 106 42 sit
820 959 167 42 initium
942 959 303 42 transmutationis,
1184 959 91 42 quod

758 998 162 37 dicitur
876 998 221 37 principium,
1052 998 162 37 dicitur
1155 998 118 37 multis

752 1037 121 48 modis.
837 1037 134 48 dicitur
934 1037 97 48 enim
995 1037 121 48 illud,
1080 1037 73 48 ex
1116 1037 85 48 quo
1165 1037 85 48 sit
1213 1037 73 48 in
1238 1037 36 48 i

760 1077 118 49 tium
834 1077 132 49 motus
922 1077 162 49 localis
1040 1077 88 49 in
1069 1077 206 49 longitudine:

761 1117 63 47 &
787 1117 114 47 sicut
863 1117 152 47 dicitur,
977 1117 101 47 quod
1040 1117 139 47 initium
1141 1117 114 47 motus
1205 1117 63 47 aug

749 1151 134 52 menti
838 1151 134 52 prius
928 1151 119 52 erit
1002 1151 89 52 ex
1047 1151 223 52 magnitudine
1210 1151 60 52 in

752 1189 232 54 logitudinem,
941 1189 145 54 deinde
1043 1189 87 54 in
1072 1189 203 54 latitudinem,

756 1229 138 51 deinde
853 1229 83 51 in
895 1229 194 51 profundum.
1047 1229 111 51 D.d.
1116 1229 83 51 Et
1144 1229 125 51 dicitur

750 1269 139 38 etiam,
847 1269 97 38 &c.
903 1269 83 38 i.
945 1269 69 38 &
972 1269 153 38 initium
1070 1269 194 38 transmutatio

752 1309 104 37 nis,
817 1309 78 37 ex
856 1309 91 37 quo
908 1309 104 37 fit,
973 1309 91 37 non
1024 1309 104 37 erit
1089 1309 78 37 ex
1128 1309 117 37 illo,
1193 1309 78 37 quod

754 1345 92 51 est
806 1345 183 51 principium
950 1345 131 51 illius
1042 1345 105 51 rei,
1107 1345 92 51 sed
1159 1345 78 51 ex
1186 1345 78 51 illo

760 1388 76 48 ex
798 1388 88 48 quo
849 1388 88 48 sit
899 1388 164 48 facilius.
1026 1388 101 48 ver.
1089 1388 76 48 g.
1114 1388 152 48 principium

757 1427 185 39 doctrinae.
902 1427 92 39 est
955 1427 106 39 enim
1021 1427 79 39 in
1061 1427 172 39 scientiis
1180 1427 92 39 aliud

758 1463 80 48 ab
798 1463 93 48 eo,
851 1463 107 48 quod
918 1463 93 48 est
971 1463 80 48 in
1011 1463 93 48 rei
1065 1463 160 48 veritate
1172 1463 93 48 prin-

762 1501 143 36 cipium,
866 1501 117 36 sicut
944 1501 156 36 Aristot,
1062 1501 117 36 fecit
1140 1501 78 36 in
1166 1501 104 36 multis

753 1540 138 38 libris.
854 1540 101 38 D.d.
917 1540 75 38 Et
955 1540 138 38 dicitur
1055 1540 126 38 etiam,
1143 1540 88 38 &c.
1194 1540 75 38 i.
1231 1540 63 38 &

758 1584 162 42 dicitur
876 1584 162 42 initium
993 1584 132 42 prima
1082 1584 118 42 pars
1140 1584 118 42 genera

756 1620 86 38 ta
799 1620 86 38 in
842 1620 144 38 aliquo
943 1620 144 38 eorum,
1044 1620 115 38 quae
1101 1620 173 38 generantur

762 1655 83 51 ex
804 1655 166 51 partibus
928 1655 180 51 diuersis.
1067 1655 97 51 ver
1123 1655 83 51 o.
1150 1655 125 51 quoniam

751 1683 170 62 initium
874 1683 185 62 parietis
1013 1683 108 62 est
1060 1683 216 62 fundamentum:

760 1732 76 53 &
790 1732 168 53 initium
912 1732 137 53 nauis
1004 1732 107 53 est
1065 1732 153 53 lignum
1157 1732 122 53 curua-

756 1776 116 42 tum:
829 1776 73 42 &
858 1776 203 42 principium
1018 1776 174 42 animalis
1148 1776 102 42 est
1192 1776 87 42 pri-

750 1820 100 46 mum
807 1820 157 46 membrum
921 1820 186 46 generatum
1064 1820 86 46 in
1107 1820 100 46 eo.
1165 1820 114 46 ver.
1222 1820 57 46 g.
