1475 2066
211 157 176 45 principia
347 157 189 45 extrinseca
495 157 81 45 ab
536 157 108 45 eis,
603 157 68 45 &
617 157 108 45 inten-

227 196 120 54 dit,
302 196 105 54 per
362 196 225 54 substantiam
543 196 150 54 formam
633 196 105 54 gene-

226 244 163 30 rantiuam
349 244 109 30 sibi
417 244 150 30 similem
526 244 82 30 in
567 244 150 30 specie.
676 244 68 30 &
690 244 54 30 in

231 282 152 41 tendit
337 282 106 41 per
398 282 212 41 largitatem
564 282 76 41 &
594 282 152 41 bonum,
701 282 76 41 &

226 313 96 49 per
281 313 124 49 illud
364 313 151 49 propter
473 313 110 49 quid
542 313 124 49 idem,
624 313 82 49 i.
652 313 96 49 prin-

237 349 147 45 cipium
340 349 161 45 finale:
457 349 103 45 sed
516 349 132 45 tamen
604 349 103 45 non
648 349 103 45 sunt,

232 388 181 54 synonyma
352 388 211 54 simpliciter.

266 444 137 54 De
335 444 229 54 Causa.
495 444 183 54 Cap.
586 444 69 54 2

318 484 165 46 tAusa
428 484 147 46 vero
520 484 129 46 vno
593 484 147 46 modo
667 484 73 46 di

335 529 159 56 citur,
447 529 96 56 ex
494 529 111 56 qua
542 529 207 56 inexistente

334 569 151 54 aliquid
444 569 110 54 fit,
513 569 83 54 vt
554 569 96 54 aes
596 569 151 54 statuae

233 613 91 45 &
269 613 219 45 argentum
434 613 219 45 paterae,
598 613 91 45 &
616 613 128 45 horum

239 653 168 54 genera.
361 653 122 54 Alia
437 653 122 54 vero
513 653 153 54 forma,
620 653 76 54 &
635 653 107 54 exen-

240 692 136 54 plar.
331 692 121 54 haec
407 692 136 54 autem
497 692 106 54 est
558 692 136 54 ratio
634 692 121 54 ipsius

236 736 131 50 quid
318 736 131 50 erat
400 736 148 50 esse,
498 736 82 50 &
531 736 148 50 horum
613 736 131 50 genera

231 781 96 40 vt
279 781 160 40 ipsius
391 781 208 40 diapason,
551 781 112 40 duo
615 781 96 40 ad
647 781 96 40 vnum

226 827 87 46 &
260 827 261 46 simpliciter
469 827 209 46 numerus,
625 827 87 46 &
643 827 104 46 par-

234 863 127 43 tes,
314 863 127 43 quae
393 863 96 43 in
441 863 175 43 ratione
569 863 143 43 sunt.
648 863 96 43 Item

232 907 130 39 vnde
313 907 227 39 principium
491 907 227 39 mutationis
653 907 97 39 pri-

228 948 137 38 mum,
313 948 120 38 aut
382 948 205 38 quietis,
536 948 103 38 vt
587 948 120 38 qui
638 948 103 38 con-

233 988 163 54 suluit
347 988 163 54 causa,
461 988 82 54 &
494 988 147 54 pater
592 988 180 54 prolis,
706 988 49 54 &

229 1028 229 55 simpliciter
412 1028 168 55 faciens
534 1028 137 55 eius,
625 1028 122 55 quod
686 1028 61 55 fa

221 1072 154 42 ctum
317 1072 154 42 est,
414 1072 97 42 &
433 1072 309 42 transmutatiuum

235 1117 251 45 transmutati.
439 1117 126 45 ltem
518 1117 94 45 vt
565 1117 157 45 finis.
659 1117 94 45 haec

231 1157 146 45 autem
328 1157 113 45 est
393 1157 146 45 cuius
490 1157 162 45 causa.
603 1157 97 45 vt
636 1157 113 45 ambu-

233 1200 141 42 landi.
331 1200 169 42 sanitas.
458 1200 155 42 propter
570 1200 112 42 quid
641 1200 112 42 enim
697 1200 56 42 am

226 1243 158 39 bulat,
337 1243 173 39 dicimus
463 1243 95 39 vt
510 1243 189 39 sanetur.
652 1243 79 39 &
667 1243 79 39 cum

232 1284 129 54 ita
305 1284 221 54 dicamus,
471 1284 203 54 putamus
600 1284 148 54 causam

233 1324 225 48 reddidisse.
413 1324 75 48 &
443 1324 210 48 quaecunque
609 1324 135 48 inter
684 1324 60 48 il

222 1365 126 46 lud
294 1365 197 46 mouens,
437 1365 90 46 &
473 1365 161 46 finem
581 1365 161 46 media
670 1365 72 46 fi

228 1420 120 41 unt.
303 1420 90 41 vt
348 1420 211 41 sanitatis,
514 1420 226 41 attenuatio,
680 1420 75 41 pur

227 1452 167 54 gatio,
344 1452 267 54 medicamenta,
561 1452 117 54 aut
611 1452 133 54 instru

231 1492 169 46 menta.
349 1492 152 46 omnia
451 1492 169 46 etenim
569 1492 135 46 haec
637 1492 118 46 finis

226 1533 158 52 gratia
337 1533 142 52 sunt.
431 1533 205 52 differunt
589 1533 126 52 vero
652 1533 95 52 abit

231 1577 154 54 uicem,
338 1577 92 54 eo
385 1577 123 54 quod
462 1577 123 54 haec
538 1577 154 54 quidem
631 1577 123 54 instru

231 1621 164 46 menta,
345 1621 131 46 illa
427 1621 131 46 vero
509 1621 98 46 vt
558 1621 147 46 opera
640 1621 115 46 sunt.

226 1661 160 45 Causae
338 1661 160 45 itaque
450 1661 128 45 fere
530 1661 160 45 toties
626 1661 128 45 dicun-

228 1701 127 54 tur.
307 1701 111 54 At,
371 1701 111 54 cum
434 1701 237 54 multifariam
608 1701 142 54 causae-

234 1754 203 39 dicantur,
391 1754 172 39 accidit
516 1754 156 39 multas
609 1754 141 39 quoquid

229 1793 191 40 eiusdem
368 1793 122 40 non
437 1793 209 40 secundum
576 1793 174 40 accidens

235 1828 148 46 causas
339 1828 133 46 esse,
428 1828 89 46 vt
472 1828 163 46 statuae
591 1828 74 46 &
621 1828 104 46 ars
665 1828 89 46 sta

750 148 145 55 tuaria,
855 148 66 55 &
882 148 119 55 ipsum
961 148 106 55 aes,
1027 148 92 55 non
1080 148 158 55 secundum
1198 148 119 55 aliud
1264 148 40 55 E

749 203 189 48 quippiam,
895 203 102 48 sed
953 203 131 48 prout
1040 203 145 48 statua
1142 203 116 48 est:
1200 203 73 48 non

761 250 128 41 tamen
846 250 128 41 eodem
932 250 128 41 modo,
1017 250 100 41 sed
1074 250 100 41 hoc
1131 250 143 41 quidem
1217 250 57 41 vt

757 284 198 39 materia,
906 284 132 39 illa
989 284 132 39 vero
1072 284 99 39 vt
1121 284 132 39 vnde
1187 284 83 39 mo-

764 324 116 53 tus.
836 324 87 53 Et
879 324 159 53 inuicem
995 324 144 53 causas
1096 324 130 53 esse,
1182 324 87 53 vt
1211 324 58 53 la

760 368 165 51 borare
875 368 149 51 bonae
974 368 264 51 habitudinis,
1172 368 99 51 haec

760 412 129 38 vero
841 412 226 38 laborandi.
1018 412 113 38 non
1083 412 145 38 tamen
1164 412 113 38 eodem

766 449 142 49 modo:
861 449 110 49 sed
924 449 126 49 haec
1002 449 173 49 quidem,
1128 449 94 49 vt
1160 449 110 49 finis

762 493 146 48 illud
859 493 130 48 vero
940 493 97 48 vt
989 493 227 48 principium
1150 493 130 48 motus.

768 532 114 47 ltem,
844 532 101 47 idem
907 532 164 47 aliquande
1033 532 202 47 contrariorum
1185 532 88 47 causa

767 573 116 45 est.
840 573 116 45 quod
913 573 116 45 enim
985 573 102 45 cum
1044 573 145 45 adsit,
1131 573 145 45 alicuius

767 615 136 44 causa
857 615 121 44 est,
933 615 121 44 idem
1008 615 106 44 cum
1069 615 151 44 absit,
1159 615 121 44 causam

759 661 230 45 contrarim
936 661 247 45 nonnunquam
1112 661 177 45 dicimus.

764 700 98 56 vt
813 700 213 56 absentiam
977 700 279 56 gubernatoris,
1190 700 82 56 nau

771 741 164 46 fragnum,
895 741 123 46 cuius
977 741 205 46 praesentia,
1141 741 68 46 &
1155 741 123 46 salutis

768 783 84 51 cam
816 783 108 51 erat.
888 783 108 51 ambae
961 783 96 51 ant,
1021 783 60 51 &
1045 783 169 51 praesentia
1178 783 60 51 &
1190 783 84 51 prae-

770 836 142 44 uatio,
869 836 156 44 tanquam
982 836 170 44 mouentes
1110 836 128 44 caeam
1181 836 99 44 sunt,

809 869 153 59 Causa
911 869 187 59 dicitur
1047 869 204 59 secundum
1182 869 102 59 unum

770 913 128 57 modum
855 913 142 57 illud,
954 913 85 57 ex
997 913 99 57 quo
1053 913 99 57 sit
1110 913 170 57 aliquid,
1237 913 71 57 &

768 962 99 61 est
824 962 85 61 in
867 962 99 61 eo,
923 962 85 61 vt
966 962 141 61 cuprum
1065 962 85 61 in
1107 962 141 61 idolo,
1206 962 71 61 &
1220 962 71 61 ar-

773 1010 150 60 gentum
878 1010 90 60 in
923 1010 165 60 annulo.
1044 1010 90 60 Et
1089 1010 165 60 dicitur
1194 1010 90 60 alio

764 1057 145 62 modo
854 1057 163 62 forma
963 1057 91 62 &
999 1057 235 62 exemplar.
1180 1057 91 62 &
1198 1057 91 62 hoc

762 1105 217 63 significat
933 1105 124 63 esse
1011 1105 186 63 alicuius
1150 1105 78 63 &
1166 1105 124 63 genera

770 1156 130 61 eius.
856 1156 130 61 sicut
942 1156 187 61 proportio
1086 1156 144 61 duorum
1187 1156 86 61 ad
1216 1156 72 61 vnu

767 1199 234 59 attribuitur
955 1199 94 59 ad
1002 1199 203 59 diapason,
1158 1199 78 59 &
1174 1199 109 59 simi-

767 1253 140 59 liter
861 1253 140 59 omnes
954 1253 171 59 numeri,
1079 1253 78 59 &
1110 1253 156 59 partes
1203 1253 78 59 de-

771 1301 228 54 finitionis.
953 1301 91 54 Et
999 1301 137 54 etiam
1090 1301 167 54 dicitur
1197 1301 91 54 alio

768 1348 136 62 modo,
858 1348 181 62 secundum
994 1348 121 62 quod
1070 1348 106 62 est
1115 1348 181 62 principium

774 1399 295 60 transmutationis
1023 1399 78 60 &
1054 1399 171 60 quietis
1163 1399 124 60 primo.

766 1442 139 64 sicut
858 1442 169 64 dicitur
981 1442 123 64 quod
1058 1442 200 64 ambulatio
1212 1442 108 64 est

766 1492 155 63 causa
869 1492 155 63 agens
972 1492 241 63 sanitatem,
1161 1492 86 63 &
1179 1492 120 63 pater

763 1540 141 62 filu,
857 1540 78 62 &
889 1540 267 62 vniuersaliter
1109 1540 141 62 agens
1187 1540 110 62 acti,

772 1589 86 55 &
806 1589 259 55 transmutans
1014 1589 276 55 transmutati.
1221 1589 69 55 Et

764 1636 144 65 etiam
860 1636 176 65 dicitur
988 1636 128 65 alio
1069 1636 128 65 modo
1133 1636 160 65 tanquam,

764 1685 274 61 complementum.
990 1685 81 61 &
1022 1685 113 61 hoc
1086 1685 129 61 est,
1151 1685 145 61 propter

769 1733 117 65 quid
843 1733 103 65 sit
901 1733 176 65 aliquid.
1034 1733 117 65 v.g.
1107 1733 117 65 quod
1166 1733 132 65 sanitas

775 1781 92 64 est
828 1781 119 64 causa
907 1781 225 64 ambulationis.
1092 1781 79 64 Si
1131 1781 132 64 igitur
1211 1781 79 64 qui-

775 1829 143 69 situm
871 1829 159 69 fuerit
982 1829 80 69 a
1014 1829 143 69 nobis
1110 1829 143 69 quare
1189 1829 112 69 ambu
