1475 2066
184 140 174 46 albus,
305 140 87 46 &
340 140 192 46 musicus
480 140 209 46 dicantur
619 140 87 46 sta

197 185 136 55 tuae
282 185 170 55 causa,
401 185 85 55 &
435 185 119 55 non
502 185 153 55 solum
587 185 119 55 Poly-

210 229 140 45 cletus,
312 229 89 45 aut
363 229 115 45 homo.
440 229 140 45 Praeter
541 229 115 45 omnes
605 229 102 45 autem,

199 273 138 42 quae
285 273 190 42 proprie
423 273 225 42 dicuntur,
579 273 138 42 quaeue

203 316 153 38 secundum
318 316 165 38 accidens,
445 316 114 38 aliae
521 316 76 38 vt
559 316 153 38 potentia
661 316 51 38 di

204 357 146 48 cuntur,
310 357 119 48 aliae
390 357 80 48 vt
429 357 159 48 agentes.
549 357 80 48 vt
575 357 133 48 aedifici

206 396 187 54 extruendi
349 396 230 54 aedificator,
536 396 100 54 aut
579 396 129 54 aedifi-

202 436 119 46 cans
277 436 239 46 aedificator.
470 436 194 46 Similiter
605 436 104 46 autem

201 477 126 44 illae
285 477 139 44 quoque
382 477 167 44 dicuntur
508 477 84 44 de
550 477 112 44 his,
605 477 112 44 quorum

203 522 147 48 causae
306 522 132 48 sunt.
394 522 88 48 vt
439 522 132 48 huius
527 522 176 48 statuae,
644 522 74 48 aut

199 571 160 39 statuae,
319 571 93 39 aut
372 571 200 39 simpliciter
532 571 173 39 imaginis,
651 571 67 39 aut

203 603 141 48 huius
297 603 156 48 aeris,
406 603 109 48 aut
469 603 156 48 aeris,
578 603 109 48 aut
625 603 78 48 sim

196 648 191 50 pliciter
339 648 207 50 materiae.
499 648 80 50 &
531 648 96 50 de
563 648 143 50 acciden

207 687 132 43 tibus
295 687 206 43 similiter.
457 687 118 43 ltem
531 687 118 43 hae,
604 687 73 43 &
619 687 88 43 illa

203 733 214 37 coniunctae
371 733 199 37 dicentur.
524 733 92 37 vt
570 733 123 37 puta
631 733 77 37 non

194 772 237 46 Polycletus,
384 772 111 46 nec
447 772 237 46 statuarius,
637 772 111 46 sed

200 812 232 55 Polycletus
383 812 249 55 statuarius.
566 812 149 55 Attamen

197 855 120 43 hae
266 855 155 43 omnes
369 855 172 43 multit
489 855 155 43 adine
575 855 138 43 quidem

201 899 113 47 sex
265 899 145 47 sunt:
362 899 194 47 dicuntur
507 899 145 47 autem
588 899 129 47 dupli-

198 937 140 41 citer,
296 937 98 41 aut
352 937 112 41 enim
422 937 84 41 vt
464 937 196 41 singulare,
618 937 98 41 aut
660 937 56 41 vt

201 989 135 46 genus
291 989 135 46 eius:
381 989 105 46 aut
441 989 90 46 vt
487 989 165 46 accijs,
607 989 105 46 aut
652 989 60 46 vt

199 1033 140 41 genus
293 1033 233 41 accidentis:
480 1033 109 41 aut
542 1033 93 41 vt
573 1033 140 41 coniun-

198 1061 132 45 ctae,
287 1061 103 45 aut
345 1061 221 45 simpliciter
522 1061 162 45 dictae.
625 1061 88 45 item

200 1106 162 40 tanquam,
321 1106 162 40 agentes,
442 1106 94 40 aut
496 1106 162 40 secundum
603 1106 108 40 poten-

197 1144 130 43 tiam.
283 1144 188 43 Differunt
428 1144 130 43 autem
514 1144 87 43 eo
558 1144 116 43 quod
615 1144 87 43 agen

198 1194 119 46 tes
266 1194 187 46 quidem,
402 1194 85 46 &
436 1194 238 46 singulares
606 1194 102 46 simu

198 1229 140 54 sunt,
292 1229 78 54 &
323 1229 109 54 non
386 1229 125 54 sunt
464 1229 109 54 tam
526 1229 156 54 ipsae,
619 1229 94 54 quam

199 1273 140 41 illa,
292 1273 155 41 quorum
400 1273 155 41 causae
509 1273 140 41 sunt.
586 1273 124 41 veluti

183 1320 123 34 hic
254 1320 211 34 medicans
412 1320 141 34 huic
483 1320 229 34 conualescen

197 1356 110 50 ti,
260 1356 79 50 &
292 1356 110 50 hic
354 1356 236 50 aedificator
543 1356 141 50 huic,
622 1356 94 50 quod

198 1405 234 38 aedificatur.
389 1405 117 38 Quod
462 1405 117 38 vero
535 1405 161 38 secudum
638 1405 73 38 po-

196 1445 216 37 tentiam,
358 1445 126 37 non
430 1445 198 37 semper.
557 1445 144 37 corrum

185 1482 172 48 pitur
299 1482 153 48 enim
395 1482 134 48 non
471 1482 172 48 simul
566 1482 134 48 domus

193 1521 78 48 &
225 1521 250 48 aedificator.

241 1557 137 70 omnes
332 1557 152 70 igitur
438 1557 167 70 causae,
559 1557 121 70 quae
620 1557 91 70 modo

191 1613 169 61 suerunt
314 1613 154 61 dictae
421 1613 154 61 cadunt
529 1613 138 61 super
621 1613 108 61 qua

188 1660 126 47 tuor
267 1660 142 47 modos
362 1660 174 47 famosos
488 1660 158 47 valde.
583 1660 126 47 litera

188 1708 137 46 enim
274 1708 240 46 sllabarum,
463 1708 86 46 &
497 1708 189 46 materia
617 1708 86 46 ar-

188 1756 224 55 tificialiu,
367 1756 75 55 &
397 1756 149 55 terra,
502 1756 90 55 et
547 1756 134 55 omnia
621 1756 90 55 cor-

186 1805 121 61 pora
261 1805 181 61 similia,
398 1805 76 61 &
428 1805 151 61 partes
534 1805 166 61 totius,
655 1805 76 61 &

725 140 235 62 propositiones
918 140 221 62 conclusionis
1098 140 110 62 sunt
1167 140 124 62 sicut
1236 140 55 62 D.

727 189 144 61 causae,
832 189 105 61 quae
898 189 105 61 sunt
963 189 79 61 ex
1003 189 144 61 aliquo.
1108 189 79 61 Et
1147 189 118 61 quae

725 241 110 49 dam
788 241 173 49 istarum
914 241 126 49 sunt
992 241 141 49 sicut
1070 241 173 49 subiectum

727 290 78 56 &
759 290 172 56 quaedam
884 290 141 56 sicut
977 290 172 56 partes,
1102 290 78 56 &
1134 290 141 56 quae

725 333 95 70 dam
780 333 122 70 sicut
861 333 136 70 illud,
957 333 109 70 quod
1024 333 190 70 significat
1160 333 82 70 ali-

727 387 124 55 cuius
810 387 124 55 esse,
893 387 124 55 sicut
975 387 138 55 totum,
1072 387 83 55 et
1099 387 138 55 composi-

724 436 141 46 tio,
813 436 88 46 &
848 436 177 46 forma.
972 436 177 46 Seonen
1096 436 159 46 autem
1184 436 53 46 &

726 481 198 49 medicus,
874 481 83 49 &
907 481 231 49 ambulatio,
1089 481 99 49 et
1122 481 116 49 omne,

726 525 125 65 quod
804 525 125 65 agit
882 525 172 65 aliquam
1007 525 203 65 actionem,
1147 525 94 65 sunt

725 578 198 56 secundum
873 578 231 56 principium
1038 578 198 56 transmuta.

727 624 152 59 tionis
833 624 76 59 &
864 624 183 59 quietis.
1001 624 91 59 Et
1046 624 167 59 quaedam
1153 624 91 59 sunt

727 669 156 73 sicut
831 669 278 73 complementum
1056 669 87 73 &
1074 669 173 73 largitas

733 717 125 66 aliis.
820 717 113 66 illud
895 717 100 66 enim
958 717 138 66 propter
1058 717 100 66 quod
1120 717 88 66 sit
1158 717 88 66 largi

726 765 103 61 tas
785 765 148 61 aliis,
889 765 118 61 vult
962 765 89 61 et
1007 765 118 61 esse
1066 765 177 61 complemen-

727 813 126 56 tum.
806 813 78 56 &
837 813 110 56 non
900 813 110 56 est
963 813 235 56 differentia
1135 813 110 56 inter

733 861 144 62 dicere
833 861 101 62 hoc
891 861 115 62 esse
963 861 159 62 largum,
1078 861 86 62 et
1122 861 101 62 hoc
1165 861 72 62 vi-

720 909 130 63 deri
801 909 179 63 largum.
931 909 163 63 Causae
1046 909 163 63 igitur
1143 909 98 63 sunt

728 957 152 53 istae,
834 957 91 53 et
880 957 167 53 numerus
1002 957 152 53 suarum
1093 957 152 53 formarum

730 1005 103 51 est
789 1005 118 51 iste
863 1005 177 51 numerus.
996 1005 89 51 Et
1040 1005 118 51 modi
1099 1005 148 51 causarum

722 1052 119 55 sunt
797 1052 164 55 plures:
916 1052 119 55 sed,
990 1052 104 55 cum
1035 1052 194 55 referuntur,

728 1108 128 47 fiunt
813 1108 185 47 pauciores
955 1108 128 47 etia.
1040 1108 170 47 Dicuntur
1154 1108 85 47 enim

730 1149 143 61 causae
830 1149 200 61 multotiens
987 1149 100 61 ea,
1044 1149 100 61 qui
1087 1149 157 61 coneniunt

733 1197 92 57 in
779 1197 153 57 forma,
886 1197 77 57 &
916 1197 184 57 dicuntur
1054 1197 168 57 quaedam
1161 1197 77 57 an-

727 1245 106 60 te,
787 1245 76 60 &
818 1245 167 60 quaedam
939 1245 136 60 post.
1030 1245 136 60 sicut
1106 1245 136 60 dicitur

720 1292 124 46 quod
798 1292 140 46 causa
891 1292 202 46 sanitatis
1046 1292 109 46 est
1093 1292 155 46 nedicus,

722 1340 216 62 peritus,
884 1340 90 62 &
920 1340 144 62 ars:
1009 1340 90 62 &
1045 1340 180 62 duplum
1153 1340 90 62 est

730 1388 159 63 causa
837 1388 106 63 ad
890 1388 230 63 diapason,
1067 1388 89 63 &
1085 1388 159 63 numerus

725 1436 93 54 et:
778 1436 67 54 &
805 1436 173 54 similiter
938 1436 120 54 etiam
1018 1436 133 54 illud,
1111 1436 107 54 quod
1164 1436 80 54 con-

726 1492 130 46 tinet
812 1492 159 46 aliquid
928 1492 261 46 particularium,
1146 1492 101 46 est
1189 1492 58 46 ta

730 1528 95 52 le.
785 1528 81 52 Et
825 1528 122 52 etiam
906 1528 122 52 sicut
987 1528 176 52 accidens,
1122 1528 68 52 &
1136 1528 108 52 genera

736 1577 116 62 eius.
813 1577 103 62 v.g.
877 1577 141 62 idolum.
980 1577 116 62 causa
1057 1577 103 62 enim
1122 1577 90 62 est
1160 1577 90 62 idole

733 1624 129 59 artifex
827 1624 153 59 idolorum.
945 1624 141 59 scilicet
1051 1624 177 59 Polocletus,
1192 1624 82 59 sed

727 1672 171 49 diuersis
855 1672 142 49 modis.
954 1672 156 49 accidit
1068 1672 114 49 enim
1139 1672 85 49 vt
1168 1672 85 49 nome

731 1721 177 60 artificis
868 1721 123 60 esset
949 1721 204 60 polocletus.
1113 1721 82 60 Et
1140 1721 109 60 simili

725 1779 100 40 ter
782 1779 114 40 alio
853 1779 114 40 modo
924 1779 85 40 et
967 1779 142 40 illud,
1066 1779 114 40 quod
1123 1779 128 40 cotinet

729 1813 178 53 accidens.
866 1813 123 53 sicut
949 1813 110 53 homo
1017 1813 96 53 cum
1072 1813 137 53 fuerit
1154 1813 96 53 causa
