1475 2066
184 156 144 46 autem
280 156 112 46 est
344 156 256 46 generationis
551 156 160 46 finis.
647 156 64 46 Me

188 197 211 45 taphorice
350 197 130 45 vero
431 197 162 45 omnino
544 197 146 45 omnis
625 197 81 45 sub

194 245 154 45 stantia
306 245 140 45 natura
404 245 154 45 propter
515 245 112 45 hanc
571 245 140 45 dicitur,

196 284 155 58 quoniam
309 284 70 58 &
337 284 141 58 natura
435 284 99 58 est
492 284 141 58 aliqua
576 284 127 58 substan

190 332 116 48 tia.
262 332 87 48 Ex
305 332 145 48 dictis
407 332 145 48 itaque
508 332 145 48 prima,
610 332 72 48 &
624 332 87 48 quae

184 369 175 57 proprie
311 369 175 57 dicitur
438 369 175 57 natura,
565 369 111 57 est
613 369 95 57 sub-

192 410 165 56 stantia
312 410 150 56 eorum,
417 410 120 56 quae
491 410 90 56 in
536 410 180 56 seipsis,
656 410 60 56 vt

190 453 134 45 ipsa
274 453 151 45 sunt,
375 453 151 45 motus
476 453 235 45 principium
644 453 67 45 ha

184 495 140 43 bent.
278 495 171 43 materia
402 495 140 43 enim,
495 495 93 43 eo
541 495 124 43 quod
603 495 109 43 huius

191 538 103 53 est
250 538 220 53 susceptiua,
426 538 161 53 dicitur
543 538 161 53 natura.
645 538 59 53 ge

187 581 236 45 nerationes
373 581 169 45 autem,
491 581 101 45 ac
541 581 152 45 ipsum
626 581 84 45 na-

197 627 112 47 sci,
267 627 84 47 eo
309 627 112 47 quod
378 627 84 47 ab
420 627 98 47 hac
476 627 126 47 motus
560 627 126 47 sunt,
629 627 84 47 prin

192 668 164 47 cipium
306 668 164 47 quoque
421 668 147 47 motus
519 668 164 47 eorum,
618 668 98 47 quae

196 716 152 47 natura
302 716 136 47 sunt,
393 716 121 47 haec
469 716 121 47 est,
529 716 182 47 inexistens

193 749 218 46 quodammodo,
368 749 102 46 aut
426 749 189 46 potentia,
572 749 102 46 aut
615 749 102 46 actu.

226 805 93 53 Et
273 805 171 53 dicitur
397 805 155 53 Natura
506 805 109 53 vno
568 805 124 53 modo
630 805 78 53 de-

196 852 178 63 omnibus
325 852 291 63 pullulantibus.
568 852 97 63 Et
601 852 113 63 etiam

193 900 157 66 dicitur
307 900 143 66 natura
407 900 143 66 illud,
507 900 86 66 in
550 900 100 66 quo
593 900 114 66 pullu-

193 948 92 62 lat
245 948 170 62 pullulans
376 948 131 62 primo.
468 948 78 62 Et
507 948 92 62 est
559 948 78 62 in
598 948 78 62 eo
624 948 92 62 etiam

196 997 153 53 illud,
303 997 92 53 ex
349 997 107 53 quo
410 997 107 53 est
472 997 153 53 primus
579 997 138 53 motus
656 997 61 53 in

204 1047 219 51 vnaquaque,
376 1047 141 51 rerum
470 1047 235 51 naturalium,
658 1047 78 51 &

203 1092 86 62 est
252 1092 74 62 in
289 1092 86 62 eis
339 1092 111 62 sicut
413 1092 86 62 est
462 1092 74 62 in
499 1092 86 62 rei
548 1092 161 62 veritate.
660 1092 49 62 et

198 1141 158 54 dicitur
312 1141 201 54 pullulare,
470 1141 129 54 omne,
556 1141 115 54 quod
614 1141 100 54 habet

196 1193 208 49 crementum
356 1193 96 49 in
404 1193 128 49 alio
483 1193 192 49 secundum
611 1193 96 49 con-

196 1241 166 49 tactum,
317 1241 106 49 aut
377 1241 181 49 secundum
498 1241 211 49 cosolidatio-

195 1290 123 48 nem,
271 1290 138 48 sicut
364 1290 200 48 embrones.
517 1290 92 48 Et
563 1290 138 48 inter
640 1290 77 48 con

188 1338 176 56 tactum
312 1338 88 56 &
347 1338 334 56 consolidationem
610 1338 106 56 haec

195 1384 104 51 est
255 1384 238 51 differentia.
448 1384 89 51 in
492 1384 193 51 contactis
626 1384 89 51 enim

193 1436 136 62 aliud
283 1436 105 62 non
344 1436 105 62 est
404 1436 226 62 necessarium
584 1436 120 62 quod
645 1436 75 62 ali

198 1484 111 54 quid
267 1484 97 54 sit
323 1484 83 54 in
364 1484 125 54 actua
448 1484 139 54 tactu.
545 1484 83 54 in
572 1484 139 54 consoli-

197 1533 119 62 datis
276 1533 106 62 vero
342 1533 93 62 est
395 1533 159 62 vtruque,
514 1533 159 62 aliquid,
634 1533 106 62 quod

190 1581 122 54 Facit
272 1581 81 54 ea
312 1581 108 54 esse
380 1581 203 54 consolulata
543 1581 81 54 in
583 1581 108 54 loco
638 1581 81 54 con-

193 1628 179 63 tactus,
323 1628 81 63 &
355 1628 98 63 vt
404 1628 130 63 sint
485 1628 130 63 vnum
550 1628 163 63 secundum

186 1691 316 47 continuationem
450 1691 88 47 &
468 1691 228 47 quantitatem

199 1725 111 63 non
263 1725 191 63 secundum
406 1725 238 63 qualitatem.
596 1725 95 63 Et
628 1725 95 63 etia

197 1773 162 70 dicitur
315 1773 147 70 natura
418 1773 147 70 illud,
521 1773 88 70 ex
565 1773 103 70 quo
609 1773 103 70 prim-

192 1821 96 69 sit
247 1821 164 69 essentia
370 1821 96 69 rei
425 1821 191 69 naturalis,
575 1821 82 69 et
616 1821 96 69 sua
657 1821 55 69 ge

725 141 198 66 neratio,
874 141 83 66 &
907 141 116 66 est
973 141 248 66 immutabile,
1172 141 83 66 &
1205 141 99 66 in

732 196 254 62 transmutabile
941 196 75 62 a
971 196 105 62 sua
1031 196 179 62 virtute,
1165 196 120 62 quae

727 244 159 63 habet.
839 244 143 63 Sicut
934 244 175 63 dicitur
1062 244 128 63 quod
1126 244 128 63 cuprum

726 297 105 61 est
786 297 150 61 natura
891 297 150 61 idoli,
995 297 75 61 &
1025 297 135 61 cophi
1115 297 165 61 cuprei,

731 348 76 62 &
761 348 137 62 lignu
852 348 122 62 est,
929 348 152 62 natura
1035 348 137 62 cyphi
1111 348 137 62 lignei.

730 396 71 63 &
758 396 184 63 similiter
900 396 128 63 alia.
985 396 227 63 vnumquodque,
1169 396 113 63 enim

725 445 147 61 eorum,
828 445 117 61 quae
902 445 117 61 sunt
975 445 88 61 ex
1019 445 147 61 istis,
1122 445 132 61 prima
1195 445 59 61 ma

731 493 120 62 teria
811 493 93 62 est
864 493 80 62 in
904 493 93 62 eis
958 493 147 62 saluata
1064 493 174 62 concessa.
1198 493 67 62 &

725 545 211 57 secundum
883 545 140 57 hunc
971 545 158 57 modum
1059 545 193 57 dixerunt,

734 591 130 60 quod
815 591 195 60 elementa
962 591 130 60 sunt
1043 591 163 60 natura
1141 591 114 60 rerum

723 641 256 63 naturalium.
927 641 85 63 &
961 641 170 63 quidam
1064 641 187 63 dixerunt,

725 688 123 58 quod
801 688 107 58 est
863 688 215 58 definitio,
1031 688 77 58 &
1062 688 153 58 quidam
1169 688 123 58 quod

727 738 169 61 terra,
846 738 85 61 &
879 738 169 61 quidam
998 738 135 61 quod
1083 738 169 61 ignis,
1201 738 85 61 &

721 786 168 58 quidam
839 786 134 58 quod
923 786 134 58 aer,
1006 786 84 58 &
1040 786 168 58 quidam
1157 786 134 58 quod

732 829 143 67 aqua,
827 829 79 67 &
859 829 158 67 quidam
970 829 143 67 aliud
1065 829 143 67 tale,
1160 829 79 67 &
1176 829 79 67 qui

731 892 108 38 dam
792 892 154 38 omnia.
900 892 92 38 Et
946 892 139 38 etiam
1038 892 169 38 dicitur
1146 892 108 38 natu-

724 925 94 61 ra
771 925 125 61 alio
849 925 125 61 modo
928 925 219 61 substantia
1100 925 141 61 rerum
1178 925 78 61 na-

732 974 195 60 turalium,
882 974 135 60 sicut
972 974 180 60 dicitur,
1107 974 120 60 quod
1167 974 90 60 natu

730 1025 85 62 ra
772 1025 100 62 est
829 1025 128 62 prima
915 1025 213 62 compositio,
1085 1025 114 62 aut,
1142 1025 114 62 sicut,

731 1079 137 52 dicit
822 1079 122 52 Emp.
899 1079 122 52 quod
975 1079 153 52 natura
1082 1079 153 52 entium
1174 1079 76 52 nin

731 1117 109 61 hil
794 1117 140 61 aliud
887 1117 109 61 est
950 1117 125 61 nisi
1028 1117 172 61 mixtum.
1152 1117 78 61 &
1168 1117 78 61 hu-

724 1164 180 58 iusmodi
854 1164 164 58 vocant
969 1164 180 58 homines
1083 1164 164 58 naturam,

734 1220 83 54 Et
776 1220 110 54 ideo
845 1220 138 54 omnia,
941 1220 110 54 quae
1010 1220 110 54 sunt
1079 1220 97 54 per
1121 1220 138 54 naturam.

732 1261 100 65 aut
789 1261 115 65 sunt
861 1261 86 65 ex
904 1261 158 65 aliquo,
1019 1261 100 65 aut
1076 1261 115 65 quod
1148 1261 100 65 est
1191 1261 57 65 ex

728 1307 102 63 eo,
787 1307 73 63 &
816 1307 87 63 ex
860 1307 87 63 eo
903 1307 219 63 naturaliter
1078 1307 102 63 est
1136 1307 102 63 sum
1180 1307 73 63 es-

725 1356 104 62 se,
785 1356 104 62 non
844 1356 164 62 dicitur
963 1356 119 62 quod
1038 1356 164 62 habeant
1142 1356 104 62 natu-

730 1404 114 63 ram,
801 1404 85 63 si
844 1404 100 63 non
900 1404 185 63 habuerint
1043 1404 142 63 formam
1142 1404 85 63 et
1171 1404 85 63 exe,

737 1452 104 63 plar
802 1452 117 63 eius.
880 1452 130 63 Natura
971 1452 104 63 enim
1036 1452 91 63 est
1088 1452 130 63 illud,
1179 1452 104 63 quod

731 1500 97 63 est
787 1500 83 63 ex
828 1500 125 63 istis
911 1500 153 63 duobus,
1022 1500 125 63 sicut
1105 1500 153 63 animal,
1203 1500 55 63 et

730 1548 161 46 membra
843 1548 209 46 animalis.
1004 1548 97 46 Et
1052 1548 177 46 dicitur
1165 1548 80 46 na-

726 1597 127 61 tura
806 1597 143 61 prima
901 1597 191 61 materia.
1044 1597 80 61 &
1076 1597 127 61 ista
1140 1597 111 61 dici-

728 1644 106 62 tur
789 1644 152 62 duobus
895 1644 152 62 modis.
1001 1644 167 62 dicitur
1122 1644 121 62 enim
1183 1644 76 62 pri

732 1692 115 67 mum
797 1692 99 67 in
847 1692 197 67 respectu
994 1692 197 67 alicuus,
1142 1692 82 67 &
1158 1692 99 67 pri-

730 1746 105 60 mum
790 1746 90 60 in
835 1746 105 60 rei
894 1746 194 60 veritate.
1044 1746 134 60 sicut
1133 1746 105 60 res
1178 1746 75 60 fa-

728 1790 117 59 ctae
802 1790 88 59 ex
846 1790 147 59 cupro.
949 1790 147 59 cupram
1051 1790 132 59 enim,
1140 1790 103 59 cum
1184 1790 73 59 ve-

721 1841 158 61 fertur
832 1841 95 61 ad
879 1841 142 61 ista,
973 1841 110 61 est
1036 1841 173 61 primum.
1162 1841 79 61 &
1178 1841 79 61 di
