1475 2066
206 140 61 46 &
230 140 73 46 d.
267 140 73 46 Et
303 140 134 46 dicitur
400 140 170 46 necessitae
534 140 73 46 de
571 140 134 46 actione
656 140 73 46 vio-

210 189 143 50 lenta.
310 189 157 50 faciens
424 189 114 50 enim
496 189 200 50 violentiam
639 189 100 50 coget

219 226 97 41 rem
275 226 83 41 ad
316 226 125 41 illam
400 226 208 41 violentiam.
566 226 125 41 sicut
636 226 97 41 dici-

210 265 111 50 tur,
280 265 111 50 quod
349 265 97 50 res
405 265 125 50 cogit
488 265 139 50 sernum
572 265 167 50 necessario

213 303 88 44 ad
257 303 265 44 interficiendum
478 303 191 44 Platonem:
625 303 74 44 &
640 303 88 44 quid

215 348 198 38 necessitas
370 348 99 38 est
427 348 141 38 contra
525 348 212 38 voluntatem:
695 348 71 38 &

214 381 167 45 voluntas
340 381 98 45 est
395 381 237 45 delectabilis:
591 381 70 45 &
605 381 126 45 necesse

218 427 87 39 tas
267 427 87 39 est
317 427 237 39 contristabilis:
517 427 112 39 sicut
592 427 137 39 dicitur
679 427 50 39 de

220 460 225 49 Versificatore,
407 460 87 49 qui
457 460 112 49 dicit
531 460 100 49 quod
594 460 112 49 omne,
656 460 75 49 quod

204 498 140 40 cocit
298 498 186 40 hominem,
437 498 217 40 necessario
608 498 109 40 est
654 498 78 40 con

215 527 190 61 tristabile.
367 527 101 61 D.d.
431 527 76 61 Et
469 527 190 61 existimatur
621 527 101 61 quod
672 527 63 61 ne-

214 575 160 43 cessitas,
337 575 74 43 &c
374 575 74 43 i.
411 575 62 43 &
436 575 136 43 dicitur
535 575 173 43 necessitas
658 575 74 43 vera

216 615 155 44 opinio,
329 615 85 44 de
371 615 99 44 qua
427 615 211 44 impossibile
596 615 99 44 est
638 615 99 44 reuer

212 653 114 45 ti.
277 653 180 45 Opinans
408 653 131 45 enim
489 653 212 45 opinionem
636 653 98 45 hanc

211 690 108 47 non
272 690 139 47 habet
365 690 217 47 opinionem,
536 690 93 47 vt
582 690 77 47 a
598 690 139 47 secunda

218 740 168 30 vertatur,
348 740 65 30 &
373 740 91 30 est
425 740 117 30 situt
503 740 78 30 d.
542 740 129 30 contra
619 740 117 30 volunm-

216 772 152 40 tatem.
322 772 91 40 D.
367 772 182 40 induxitr
504 772 167 40 quatmum
610 772 121 40 modum,

218 813 61 45 &
242 813 73 45 d.
279 813 73 45 Et
315 813 110 45 etiam
389 813 134 45 dicitur
486 813 195 45 necessarium,
645 813 85 45 &c.
681 813 49 45 i.

217 853 62 46 &
241 853 86 46 est
291 853 136 46 dicitur
389 853 185 46 necessarium
538 853 123 46 illud,
624 853 99 46 quod
673 853 62 46 im-

214 885 130 58 possibile
314 885 70 58 est
354 885 60 58 vt
384 885 70 58 sit
424 885 80 58 alio
474 885 90 58 modo,
533 885 120 58 scilicet
623 885 80 58 quod
663 885 70 58 impos

210 921 142 49 sibile
309 921 100 49 est
366 921 228 49 transmutari,
551 921 100 49 aut
594 921 142 49 inueniri

213 967 90 43 alio
269 967 90 43 modo
325 967 67 43 ab
359 967 67 43 eo
392 967 135 43 secundum
493 967 90 43 quod
549 967 90 43 est.
606 967 56 43 &
628 967 90 43 iste
673 967 56 43 mo-

219 1006 100 43 dus
276 1006 100 43 est
333 1006 171 43 famosior
461 1006 143 43 omnium
561 1006 171 43 istorum.
675 1006 57 43 et

212 1047 97 44 ideo
272 1047 73 44 d.
309 1047 60 44 &
333 1047 145 44 secundum
442 1047 109 44 illud
514 1047 181 44 necessarium
647 1047 85 44 dicun

214 1086 120 44 tur,
289 1086 105 44 &c.
349 1086 90 44 i.
393 1086 75 44 &
423 1086 90 44 ex
468 1086 105 44 hoc
528 1086 120 44 modo
588 1086 149 44 transum-

203 1124 138 55 ptum
289 1124 121 55 est
358 1124 121 55 hoc
427 1124 155 55 nomen
514 1124 224 55 necessarium

218 1164 62 50 ad
249 1164 104 50 omnia,
322 1164 83 50 quae
374 1164 125 50 dicuntur
467 1164 146 50 necessaria
582 1164 114 50 propter
655 1164 83 50 consi-

210 1205 217 37 militudinem
383 1205 130 37 veram
470 1205 130 37 inter
557 1205 130 37 illa.
644 1205 87 37 D.
673 1205 58 37 in

217 1245 143 38 duxit
312 1245 143 38 modum
408 1245 317 38 consimilitudinis
662 1245 63 38 in

218 1292 83 31 ter
266 1292 83 31 ea,
313 1292 60 31 &
337 1292 71 31 d.
373 1292 131 31 dicitur
468 1292 95 31 enim
528 1292 107 31 actio
587 1292 143 31 necessaria

218 1325 88 45 vel
269 1325 126 45 passio
357 1325 188 45 necessaria,
507 1325 88 45 &c.
557 1325 75 45 i.
595 1325 63 45 &
620 1325 113 45 ista,
683 1325 50 45 de

209 1369 132 35 quibus
301 1369 145 35 dicitur
407 1369 211 35 necessarium,
579 1369 92 35 non
618 1369 119 35 dicuntu

217 1400 169 54 necessaria
350 1400 97 54 nisi
410 1400 133 54 propter
495 1400 229 54 consimilitudinem,

214 1442 130 40 quam
295 1442 162 40 habent
408 1442 113 40 cum
473 1442 130 40 vero
538 1442 194 40 necessario

217 1478 92 52 Non
269 1478 105 52 enim
335 1478 157 52 dicuntur
452 1478 157 52 actiones
557 1478 170 52 necessariae

213 1519 106 52 nisi
279 1519 106 52 quia
346 1519 199 52 necessarium
505 1519 93 52 est
558 1519 133 52 illud,
651 1519 106 52 quod

215 1555 207 47 impossibile
381 1555 96 47 est
436 1555 83 47 vt
477 1555 152 47 aliquid
587 1555 110 47 agat
643 1555 96 47 aliud

222 1604 83 44 ab
264 1604 152 44 actione
374 1604 110 44 illa
443 1604 152 44 propter
554 1604 152 44 faciens
650 1604 83 44 vio-

218 1636 159 50 lentiam.
337 1636 66 50 &
364 1636 133 50 illud,
457 1636 106 50 quod
523 1636 199 50 impossibile
670 1636 66 50 est

226 1677 66 49 vt
259 1677 66 49 ab
292 1677 66 49 eo
326 1677 155 49 inueniatur
447 1677 89 49 illa
503 1677 111 49 actio,
580 1677 133 49 secundum
669 1677 66 49 quam

218 1724 150 38 patitur
328 1724 205 38 violentiam,
492 1724 150 38 necesse
601 1724 96 38 est
656 1724 82 38 vt
683 1724 55 38 in

210 1753 89 49 eo
255 1753 208 49 inueniatur
418 1753 134 49 modus
508 1753 134 49 verae
582 1753 149 49 necessit

216 1796 101 38 tis,
279 1796 63 38 &
305 1796 88 38 est
355 1796 126 38 illud,
443 1796 76 38 in
481 1796 113 38 cuius
557 1796 126 38 natura
645 1796 88 38 est
683 1796 50 38 vt

217 1831 86 43 non
266 1831 86 43 sit
315 1831 99 43 alio
377 1831 111 43 modo.
451 1831 99 43 D.d.
513 1831 62 43 &
538 1831 160 43 similiter
649 1831 86 43 incau

743 147 91 40 sis
795 147 130 40 vitae,
886 147 65 40 &
912 147 117 40 boni,
990 147 91 40 &c.
1042 147 78 40 i.
1081 147 65 40 &
1107 147 169 40 similiter
1224 147 65 40 hoc

754 185 111 47 quod
823 185 152 47 dicimus
934 185 83 47 de
976 185 152 47 causis,
1086 185 111 47 quae
1155 185 111 47 sunt
1211 185 55 47 ne

754 224 174 46 cessariae
888 224 80 46 in
928 224 121 46 vita,
1008 224 67 46 &
1035 224 174 46 inessendo
1156 224 107 46 bonum,

751 265 119 41 istae
830 265 132 41 causae
923 265 106 41 sunt
989 265 159 41 acceptae
1107 265 79 41 ex
1147 265 92 41 hoc
1187 265 79 41 modo

758 303 112 42 vero.
832 303 74 42 D.
869 303 149 42 exposuit
981 303 99 42 hoc,
1043 303 62 42 &
1068 303 74 42 d.
1105 303 149 42 quoniam,
1204 303 62 42 cum

743 340 190 55 impossibile
895 340 101 55 est,
958 340 89 55 &c.
1009 340 76 55 i.
1047 340 190 55 impossibile
1186 340 76 55 est,

749 381 86 45 vt
792 381 202 45 inueniatur
950 381 86 45 in
993 381 101 45 eis
1051 381 144 45 bonum,
1152 381 101 45 aut
1195 381 72 45 vi-

751 421 76 51 ta,
794 421 54 51 &
816 421 183 51 vniversaliter
967 421 140 51 generatio
1075 421 86 51 sine
1129 421 119 51 causis,
1204 421 65 51 sine

754 456 110 53 quibus
831 456 99 53 illae
897 456 77 53 res
941 456 132 53 dicuntur
1040 456 176 53 necessariae,
1172 456 99 53 quoniam

753 500 99 38 cum
809 500 212 38 impossibile
979 500 99 38 est
1035 500 85 38 vt
1078 500 113 38 sint
1148 500 113 38 alio
1205 500 56 38 mo

754 532 63 46 do
786 532 126 46 scilicet
881 532 84 46 sine
934 532 95 46 illis
997 532 116 46 causis,
1081 532 53 46 &
1102 532 95 46 istae
1165 532 84 46 sunt
1207 532 53 46 ne-

755 574 137 52 cessariae
861 574 116 52 propter
945 574 84 52 suas
997 574 116 52 causas:
1081 574 84 52 illa
1134 574 105 52 autem,
1197 574 63 52 quae

752 616 109 42 sunt
820 616 190 42 necessaria
970 616 149 42 propter
1078 616 122 42 alia,
1159 616 109 42 sunt
1214 616 54 42 ne

751 653 175 45 cessaria
883 653 102 45 quo
941 653 102 45 quo
1000 653 132 45 modo.
1088 653 73 45 &
1117 653 102 45 hoc
1161 653 102 45 inten

750 693 140 45 debat,
848 693 98 45 cum
904 693 84 45 d.
946 693 70 45 &
974 693 126 45 causa
1057 693 98 45 est
1113 693 140 45 aliqua
1197 693 56 45 ne

753 739 176 37 cessitas.
889 739 81 37 Et
930 739 68 37 d
957 739 108 37 hoc,
1025 739 108 37 quia
1092 739 122 37 entia
1160 739 95 37 neces

754 773 107 49 saria
825 773 71 49 in
861 773 83 49 rei
908 773 142 49 veritate
1015 773 95 49 sunt
1074 773 107 49 illa,
1145 773 95 49 quae
1193 773 71 49 sunt

752 813 194 37 necessaria
905 813 97 37 per
960 813 83 37 se
1002 813 111 37 sine
1072 813 139 37 causa.
1169 813 69 37 &
1183 813 83 37 ideo

753 853 177 46 descriptio
892 853 177 46 necessarij
1031 853 101 46 est,
1094 853 114 46 illud
1170 853 101 46 quod
1221 853 51 46 im

752 893 157 46 possibile
872 893 84 46 est
921 893 72 46 vt
957 893 84 46 sit
1005 893 96 46 alio
1065 893 108 46 modo.
1137 893 72 46 Et
1174 893 84 46 hoc
1210 893 60 46 di-

754 926 174 53 uiditur
881 926 158 53 duobus
991 926 158 53 modis:
1102 926 158 53 Quorum
1197 926 63 53 vn

759 966 83 44 est
807 966 107 44 iste,
878 966 95 44 quod
937 966 178 44 impossibile
1079 966 83 44 est
1127 966 71 44 vt
1162 966 83 44 sit
1198 966 71 44 alio

752 1005 118 46 modo
826 1005 103 46 per
885 1005 103 46 se.
944 1005 74 46 &
974 1005 103 46 est
1033 1005 103 46 hoc
1077 1005 192 46 necessarium

749 1047 258 44 simpliciter:
959 1047 129 44 quod
1039 1047 161 44 quidam
1136 1047 129 44 Moder-

753 1084 80 46 ni
793 1084 173 46 appellant
925 1084 199 46 ineuitabile
1085 1084 146 46 inesse.
1178 1084 93 46 Secun

752 1128 93 42 dus
805 1128 93 42 est
858 1128 133 42 illud,
951 1128 106 42 quod
1017 1128 93 42 sit
1070 1128 146 42 propter
1163 1128 106 42 aliud,

752 1164 184 47 secundum
890 1164 123 47 quem
966 1164 138 47 modum
1058 1164 153 47 dicunt
1150 1164 123 47 quidam

754 1205 152 50 Moderm
860 1205 183 50 debitum,
997 1205 76 50 &
1028 1205 228 50 necessarium
1195 1205 76 50 per

751 1244 154 46 aliud.
858 1244 108 46 Et,
920 1244 108 46 cum
981 1244 169 46 induxit
1104 1244 123 46 hunc
1165 1244 108 46 modum

747 1285 162 49 modorum
865 1285 266 49 necessariorum,
1087 1285 89 49 d.
1131 1285 118 49 haec
1190 1285 74 49 igi

754 1325 88 37 tur
805 1325 88 37 est
855 1325 188 37 declaratio,
1005 1325 88 37 &c.
1056 1325 75 37 i.
1093 1325 63 37 &
1118 1325 151 37 declarat
1219 1325 50 37 ra

750 1361 140 42 tionem
848 1361 210 42 necessarij,
1016 1361 70 42 &
1044 1361 126 42 facit
1128 1361 98 42 eam
1170 1361 98 42 etiam

752 1400 188 57 intelligi
896 1400 87 57 in
940 1400 159 57 omnibus
1056 1400 130 57 rebus
1128 1400 145 57 necessa-

753 1440 97 43 rijs
814 1440 97 43 hoc,
874 1440 97 43 quod
935 1440 183 43 impossibile
1081 1440 85 43 est
1130 1440 73 43 vt
1167 1440 85 43 sit
1203 1440 73 43 alio

750 1478 103 44 modo
815 1478 77 44 ab
853 1478 77 44 eo
892 1478 155 44 secundum
1008 1478 103 44 quod
1073 1478 103 44 est.
1137 1478 64 44 &
1163 1478 90 44 hoc
1202 1478 64 44 est

754 1519 124 43 illud,
840 1519 149 43 secundum
952 1519 99 43 quod
1014 1519 87 43 est
1064 1519 137 43 simplex
1163 1519 87 43 non
1201 1519 74 43 com-

749 1557 178 53 positum.
883 1557 119 53 D.d.
957 1557 89 53 Et
1002 1557 134 53 causa
1091 1557 119 53 eius
1150 1557 119 53 prima,

751 1596 79 52 &c.
796 1596 68 52 i.
830 1596 56 52 &
852 1596 101 52 causa
920 1596 113 52 rerum,
999 1596 90 52 quae
1055 1596 169 52 impossibile
1190 1596 79 52 est
1224 1596 45 52 vt

753 1637 112 45 siut
823 1637 112 45 alio
893 1637 126 45 modo,
977 1637 98 45 est
1033 1637 112 45 pars
1103 1637 126 45 media
1173 1637 98 45 acce-

751 1681 91 45 pta
803 1681 78 45 in
842 1681 183 45 syllogismo
986 1681 209 45 concludente,
1142 1681 131 45 quoniam,

753 1714 88 40 si
797 1714 176 40 terminus
930 1714 147 40 medius
1033 1714 147 40 fuerit
1136 1714 88 40 de
1165 1714 103 40 natu-

755 1757 72 37 ra
791 1757 168 37 possibili,
923 1757 96 37 erit
983 1757 96 37 illa
1044 1757 84 37 res
1092 1757 72 37 de
1128 1757 120 37 natura
1200 1757 72 37 pos-

747 1790 151 45 sibili:
857 1790 68 45 &
884 1790 82 45 si
925 1790 137 45 suerit
1021 1790 82 45 de
1062 1790 137 45 natura
1144 1790 137 45 necessa-

749 1829 91 46 ria
801 1829 104 46 erit
866 1829 104 46 illa
930 1829 91 46 res
982 1829 78 46 de
1021 1829 130 46 natura
1112 1829 194 46 necessaria.
