1475 2066
179 157 93 45 Et
225 157 108 45 hoc
287 157 139 45 etiam
379 157 108 45 est
441 157 155 45 duobus
549 157 155 45 modis:
642 157 62 45 au

194 198 186 44 vtterminus
340 198 133 44 medius
432 198 93 44 sit
486 198 119 44 causa
565 198 146 44 illius:
671 198 66 44 &

190 248 97 47 tunc
251 248 85 47 non
299 248 97 47 erit
360 248 73 47 ex
396 248 121 47 rebus,
481 248 97 47 quae
542 248 97 47 sunt
591 248 121 47 necessa-

194 281 97 53 riae,
259 281 86 53 nisi
313 281 118 53 propter
399 281 86 53 hoc,
453 281 86 53 quod
506 281 108 53 causae
582 281 97 53 eorum
636 281 75 53 sunt,

186 323 218 39 necessariae.
364 323 68 39 &
391 323 82 39 si
432 323 164 39 terminus
555 323 136 39 medius
637 323 68 39 non

183 356 125 46 fuerit
270 356 125 46 causa,
357 356 112 46 erunt
432 356 112 46 illae
507 356 87 46 res
545 356 162 46 necessariae

194 400 85 44 per
242 400 85 44 se,
291 400 85 44 non
340 400 85 44 per
388 400 121 44 causam
473 400 121 44 dantem
558 400 85 44 eis
595 400 109 44 necessi

188 442 116 40 tatem,
270 442 58 40 &
293 442 104 40 istae
362 442 81 40 res
409 442 93 40 sunt
467 442 162 40 simplices,
595 442 93 40 quae
641 442 58 40 non

185 474 149 40 habent
290 474 164 40 causas.
409 474 120 40 D.d.
484 474 209 40 Manifestum
633 474 75 40 est

198 512 139 54 gitur,
295 512 97 54 &c.
351 512 83 54 i.
393 512 194 54 declaratum
545 512 97 54 est
587 512 111 54 igitur

199 551 99 56 quod
260 551 86 56 ens
310 551 185 56 necessarium
458 551 74 56 in
495 551 86 56 rei
544 551 148 56 veritate
643 551 62 56 est

190 596 177 38 simplex,
323 596 118 38 quod
397 596 103 38 non
456 596 207 38 componitur
618 596 89 38 ex
648 596 59 38 ma

186 628 124 54 teria
269 628 69 54 &
296 628 137 54 forma.
392 628 69 54 &
420 628 110 54 quod
488 628 206 54 impossibile
639 628 69 54 est

196 671 83 35 vt
238 671 97 35 sit
293 671 139 35 multis
390 671 139 35 modis.
487 671 69 35 &
515 671 180 35 similiter
640 671 69 35 est

183 708 219 41 impossibile,
361 708 82 41 vt
402 708 96 41 sit
457 708 109 41 alio
525 708 109 41 modo
594 708 82 41 ab
635 708 96 41 eo,

188 745 132 41 secundum
287 745 88 41 quem
342 745 88 41 est.
397 745 99 41 quam,
463 745 66 41 si
496 745 99 41 esset
562 745 143 41 possibile
661 745 44 41 vt

194 784 117 42 esset
272 784 104 42 alio
337 784 117 42 modo,
415 784 169 42 possibile
545 784 117 42 esset
623 784 78 42 vt
649 784 52 42 ef

186 822 100 44 set
243 822 142 44 multas
342 822 142 44 modis.
442 822 85 44 Et
485 822 128 44 dixit
570 822 114 44 hoc,
627 822 71 44 quo

183 869 115 37 niam,
260 869 77 37 si
298 869 128 37 fuerit
388 869 179 37 possibile,
529 869 77 37 vt
554 869 154 37 substantia

189 901 147 45 eius.
287 901 212 45 mutaretur
450 901 98 45 in
499 901 147 45 alium
581 901 114 45 modum

183 948 97 45 non
238 948 110 45 erit
307 948 124 45 illic
390 948 138 45 natura
487 948 138 45 cogens
584 948 83 45 vt
611 948 83 45 mute

191 980 79 54 tio
236 980 79 54 non
281 980 79 54 sit
326 980 68 54 in
360 980 113 54 multos
439 980 113 54 modos.
518 980 124 54 quoniam
597 980 101 54 scilice

181 1020 149 52 fuerit
286 1020 194 52 possibile
435 1020 149 52 mutari
540 1020 90 52 in
570 1020 134 52 aliquam

183 1061 155 38 specien,
299 1061 103 38 tunc
364 1061 129 38 natura
454 1061 103 38 eius
518 1061 103 38 erit
583 1061 77 38 de
622 1061 90 38 na:
660 1061 39 38 u

191 1098 74 50 ra
228 1098 173 50 possibilis
364 1098 185 50 recipientis
512 1098 124 50 multas
586 1098 111 50 species

207 1140 101 49 D.d.
271 1140 76 49 Si
309 1140 127 49 igitur
398 1140 101 49 sunt
461 1140 89 49 res
512 1140 178 49 simplices,
639 1140 63 49 &c.

189 1173 110 45 idest
262 1173 73 45 si
299 1173 122 45 igitur
384 1173 98 45 sunt
445 1173 110 45 entia
518 1173 61 45 *
542 1173 171 45 simplicia,
664 1173 37 45 &

184 1217 171 41 aeterna,
312 1217 71 41 &
341 1217 200 41 immobilia,
498 1217 86 41 vt
527 1217 171 41 declaratum

188 1255 95 44 est
243 1255 135 44 alibi,
337 1255 135 44 nullum
432 1255 122 44 eorum
513 1255 162 44 acquiret
621 1255 81 44 esse

185 1301 191 45 necessarium
338 1301 76 45 ab
376 1301 127 45 aliquo
465 1301 102 45 alio
529 1301 76 45 in
567 1301 102 45 eis,
618 1301 89 45 neque

182 1334 96 44 est
237 1334 123 44 extra
319 1334 164 44 naturam.
442 1334 82 44 Et
483 1334 123 44 dicit
565 1334 109 44 hoc:
620 1334 82 44 quia

189 1372 79 45 in
228 1372 184 45 compositis
373 1372 66 45 i
399 1372 92 45 est
452 1372 131 45 natura
543 1372 131 45 addita
622 1372 79 45 natu

181 1413 93 54 rae
234 1413 226 54 componentium,
420 1413 159 54 scilicet
540 1413 133 54 illud,
619 1413 80 54 quod

182 1451 103 52 fit
241 1451 88 52 ex
271 1451 221 52 compositione.

253 1493 135 51 De
320 1493 180 51 Vno.
432 1493 180 51 Cap.
544 1493 135 51 8.

256 1532 97 67 V
294 1532 135 67 Num
372 1532 213 67 dicitur
526 1532 135 67 vno
584 1532 116 67 modo

296 1577 143 56 secundum
403 1577 155 56 accidens,
522 1577 119 56 altero
606 1577 83 56 per
641 1577 60 56 se.

293 1621 193 49 Secundum
438 1621 193 49 accidens
566 1621 129 49 quidem

192 1661 96 54 vt
240 1661 192 54 Coriscus
384 1661 80 54 &
416 1661 192 54 musicum,
560 1661 96 54 et
592 1661 112 54 Cori-

185 1703 120 43 scus
260 1703 180 43 musicus.
395 1703 120 43 idem
469 1703 120 43 enim
544 1703 105 43 est
589 1703 120 43 dicere

188 1745 225 49 Coriscus
357 1745 94 49 &
395 1745 225 49 musicum,
564 1745 94 49 &
582 1745 113 49 Cori

182 1789 142 46 scus
271 1789 213 46 musicus:
431 1789 89 46 &
467 1789 196 46 musicum
609 1789 89 46 &
627 1789 71 46 iu

184 1837 143 45 stum,
280 1837 80 45 &
312 1837 175 45 musicus
439 1837 159 45 iustus
535 1837 175 45 Coriscus.

720 156 170 46 Cuncta
839 156 170 46 etenim
958 156 136 46 haec
1042 156 136 46 vnum
1110 156 136 46 dicunt

724 202 209 52 secundum
881 202 227 52 accidens.
1055 202 174 52 iustum
1160 202 87 52 qui

723 245 114 45 dem
788 245 81 45 &
820 245 195 45 musicum,
967 245 179 45 quoniam
1097 245 114 45 vni
1145 245 98 45 sub-

715 284 199 46 stantiae
864 284 215 46 accidunt:
1030 284 182 46 musicum
1146 284 99 46 vero

720 327 74 44 &
750 327 193 44 Coriscus,
899 327 164 44 quoniam
1018 327 164 44 alterum
1122 327 119 44 alteri

720 380 171 38 accidit.
848 380 185 38 similiter
991 380 128 38 etiam
1076 380 200 38 quodammodo

715 413 199 45 musicus
860 413 217 45 Coriscus
1022 413 127 45 cum
1076 413 163 45 Corisco

719 455 106 51 vnum
785 455 106 51 est,
851 455 146 51 quoniam
957 455 132 51 altera
1050 455 146 51 partium
1142 455 93 51 earum

725 501 118 44 quae
799 501 89 44 in
843 501 177 44 oratione
976 501 133 44 sunt,
1065 501 148 44 alteri
1153 501 89 44 acci

716 540 129 54 dit.
797 540 97 54 vt
845 540 129 54 puta
926 540 178 54 musicum
1055 540 194 54 Corisco,
1184 540 65 54 et

718 581 183 45 musicus
851 581 199 45 Coriscus
1001 581 149 45 iusto
1084 581 149 45 Corisco

724 624 153 55 quoniam
836 624 181 55 vtriusque
975 624 112 55 pars
1045 624 98 55 vna
1101 624 126 55 eidem
1170 624 70 55 vni

724 665 167 58 accidit.
850 665 126 58 nihil
933 665 112 58 enim
1003 665 167 58 differt,
1128 665 98 58 aut
1170 665 70 58 Co-

718 709 146 45 risco
815 709 178 45 musicum
945 709 211 45 accidere,
1106 709 113 45 aut
1155 709 81 45 ist

722 750 99 52 hoc.
784 750 136 52 Siliter
883 750 112 52 autem
957 750 87 52 tam
1007 750 74 52 si
1044 750 74 52 de
1081 750 124 52 genere
1156 750 74 52 quae

711 800 101 34 si
762 800 101 34 de
813 800 169 34 aliquo
931 800 270 34 vniuersalium
1134 800 101 34 nomi

722 844 102 42 num
781 844 175 42 accidens
912 844 175 42 dicatur.
1043 844 88 42 vt
1087 844 131 42 puta,
1160 844 73 42 quo

715 876 136 46 idem
800 876 153 46 homo,
902 876 85 46 &
936 876 187 46 musicus
1072 876 153 46 homo.
1157 876 85 46 aut

712 918 130 58 enim
793 918 179 58 homini,
923 918 114 58 qui
988 918 114 58 vna
1053 918 114 58 est
1102 918 146 58 substan

718 960 111 50 tia,
787 960 152 50 musicum
898 960 166 50 accidit,
1022 960 97 50 aut
1078 960 152 50 quoniam
1175 960 55 50 am

719 1005 88 45 bo
763 1005 146 45 alicui
865 1005 219 45 singularium
1041 1005 190 45 accidunt,
1172 1005 73 45 ve-

720 1045 120 46 luti
795 1045 180 46 Corisco.
930 1045 105 46 non
990 1045 135 46 tamen
1080 1045 135 46 eodem
1155 1045 90 46 modo

719 1087 135 43 ambo
804 1087 186 43 insunt:
939 1087 119 43 sed
1007 1087 119 43 hoc
1075 1087 169 43 quidem
1176 1087 68 43 vt

723 1125 137 53 genus
814 1125 214 53 fortassis,
982 1125 76 53 &
1013 1125 92 53 vt
1059 1125 92 53 in
1089 1125 153 53 substan-

719 1177 120 41 tia,
794 1177 134 41 illud
883 1177 120 41 vero
958 1177 90 41 vt
1003 1177 164 41 habitus
1122 1177 105 41 aut
1167 1177 75 41 pas

718 1213 105 55 sio
778 1213 240 55 substantiae.
973 1213 210 55 Quaecunque
1123 1213 120 55 itaque

714 1253 212 46 secundum
874 1253 212 46 accidens
1033 1253 142 46 vnum
1103 1253 142 46 dicun-

717 1295 137 43 tur,
802 1295 120 43 hoc
871 1295 137 43 modo
939 1295 188 43 dicuntur.

761 1336 123 51 Vnum
837 1336 169 51 dicitur
960 1336 108 51 aut
1022 1336 108 51 per
1068 1336 169 51 accidens.

720 1384 99 51 aut
777 1384 99 51 per
833 1384 99 51 se:
890 1384 99 51 per
947 1384 185 51 accidens,
1089 1384 128 51 sicut
1160 1384 85 51 naui

712 1437 137 56 gator
803 1437 76 56 &
834 1437 183 56 musicus.
971 1437 152 56 Dicere
1077 1437 122 56 enim
1154 1437 122 56 quod

713 1481 212 65 nauigator
876 1481 82 65 &
909 1481 180 65 musicus
1040 1481 131 65 sunt
1121 1481 114 65 vnu
1170 1481 82 65 non

720 1529 94 65 est
773 1529 94 65 per
827 1529 201 65 differentia
988 1529 188 65 essentiae,
1135 1529 107 65 quia
1188 1529 54 65 ac

727 1580 127 62 cidit
811 1580 197 62 nauigatori
966 1580 169 62 musicum.
1092 1580 84 62 Et
1121 1580 127 62 simili-

722 1629 104 61 ter
781 1629 163 61 dicitur
900 1629 104 61 vnu
959 1629 104 61 per
1018 1629 178 61 accidens
1151 1629 89 61 in
1181 1629 59 61 ge

723 1677 115 53 nere
795 1677 101 53 et,
852 1677 72 53 &
881 1677 86 53 in
924 1677 130 53 rebus
996 1677 245 53 vniuersalibus.,

729 1725 115 69 v.g.
801 1725 115 69 quod
873 1725 101 69 ho,
930 1725 86 69 et
973 1725 115 69 homo
1045 1725 158 69 musicus
1146 1725 101 69 sunt,

725 1778 142 65 vnum,
820 1778 110 65 aut
883 1778 126 65 quia
962 1778 174 65 musicus
1088 1778 189 65 accidit,

722 1837 162 54 vtrique,
844 1837 149 54 homini,
952 1837 95 54 qui
1007 1837 68 54 e
1034 1837 189 54 substancia
1169 1837 81 54 una,
