1475 2066
204 141 167 53 continua
329 141 111 53 sunt
399 141 111 53 illa
468 141 83 53 in
510 141 208 53 reiveritate
663 141 69 53 per

215 185 146 41 tactum
318 185 73 41 &
347 185 131 41 visum
434 185 73 41 *
463 185 190 41 continua.
609 185 73 41 &
624 185 102 41 forte

218 221 100 59 erunt
284 221 155 59 necessarij
406 221 89 59 isti
462 221 78 59 duo
506 221 111 59 sensus
584 221 133 59 scilicet
672 221 67 59 quia

217 267 108 40 vnus
284 267 121 40 iuuat
365 267 162 40 alterum.
486 267 67 40 &
513 267 189 40 multotiens
648 267 81 40 con-

217 301 169 53 iunguntur
347 301 143 53 corpora
451 301 91 53 per
504 301 195 53 artificium,
647 301 91 53 tali-

216 340 112 40 modo
286 340 112 40 quod
357 340 141 40 tactus
455 340 70 40 &
483 340 127 40 visus
553 340 169 40 falluntur,

214 381 67 38 &
240 381 160 38 reputant
360 381 80 38 ea
400 381 107 38 esse
467 381 173 38 continua.
600 381 67 38 &
626 381 107 38 caum
680 381 53 38 hu

219 420 95 49 ius
274 420 109 49 est,
342 420 109 49 quia
409 420 204 49 continuatio
572 420 95 49 est
626 420 81 49 de
654 420 81 49 ensi

218 458 121 48 bilibus
306 458 165 48 communibus.
438 458 88 48 D.d.
492 458 88 48 illa
547 458 110 48 autem,
624 458 88 48 quae
668 458 66 48 sunt

216 500 159 47 perfectae
338 500 233 47 continuationis,
534 500 86 47 &c.
583 500 73 47 i.
620 500 98 47 illa
669 500 61 47 au-

211 541 101 39 tem,
275 541 101 39 quae
338 541 101 39 sunt
401 541 164 39 perfectae
514 541 215 39 continuationis,

220 578 163 40 sciliceper
348 578 128 40 naturam
441 578 140 40 dicuntur
546 578 105 40 vnum,
616 578 105 40 licet
674 578 58 40 non

211 615 104 44 sint
276 615 131 44 recta,
368 615 91 44 sed
420 615 78 44 in
459 615 91 44 eis
511 615 131 44 fuerit
589 615 144 44 aliquator

220 653 137 54 tuositas,
326 653 95 54 sicut
389 653 95 54 erus,
452 653 53 54 &
473 653 105 54 cora,.
546 653 126 54 scilicet
641 653 84 54 quia
683 653 42 54 di

221 697 117 41 vnum
295 697 132 41 erus,
382 697 73 41 &
412 697 102 41 vna
470 697 132 41 eoxa.
558 697 117 41 D.d.
617 697 102 41 possi

220 733 100 45 bile.
287 733 78 45 est
331 733 89 45 enim
387 733 67 45 vt
420 733 89 45 crus
475 733 78 45 non
520 733 78 45 sit
564 733 100 45 vnum,
631 733 67 45 i.
664 733 56 45 &
675 733 56 45 tor

210 774 141 51 tuosum
308 774 127 51 minus
393 774 98 51 est
449 774 127 51 vnum,
533 774 98 51 qui
589 774 70 51 a
604 774 127 51 possibi

208 814 76 45 le
246 814 89 45 est
297 814 127 45 diuidi
386 814 102 45 crus
450 814 76 45 in
488 814 102 45 duas
551 814 140 45 partes,
653 814 64 45 &
666 814 64 45 non

209 857 149 41 remanere
320 857 112 41 vnum.
394 857 149 41 scilicet
506 857 74 41 in
543 857 99 41 loco
593 857 136 41 tortuosi-

218 894 107 41 tatis.
293 894 85 41 D.d.
346 894 53 41 &
368 894 128 41 dicitur,
464 894 85 41 quod
517 894 96 41 linea
581 894 107 41 recta,
656 894 75 41 &c.
688 894 43 41 i.

215 931 69 53 &
243 931 124 53 linea
325 931 124 53 recta
408 931 124 53 magis
491 931 110 53 vnum
560 931 96 53 est
615 931 96 53 qua
656 931 69 53 tor

218 972 128 52 tuosa,
308 972 141 52 quoniam
410 972 154 52 tortuosa
526 972 90 52 est
577 972 115 52 quasi
641 972 90 52 compo

210 1015 98 44 sita
271 1015 73 44 ex
308 1015 122 44 duabus
393 1015 134 44 lineis.
491 1015 73 44 in
527 1015 110 44 linea
601 1015 98 44 enim
650 1015 73 44 tor-

208 1053 127 48 tuosa
293 1053 113 48 sunt
363 1053 113 48 tria
434 1053 156 48 puncta,
547 1053 99 48 cum
590 1053 141 48 habuerit

218 1093 160 49 angulum:
338 1093 67 49 &
365 1093 107 49 ideo
431 1093 134 49 dixit:
525 1093 67 49 &
551 1093 147 49 dicitur
645 1093 80 49 quod

209 1131 99 39 linea
275 1131 143 39 tortuosa,
385 1131 77 39 &c.
429 1131 66 39 i.
462 1131 55 39 &
485 1131 121 39 digitur
573 1131 88 39 quod
628 1131 99 39 linea
683 1131 44 39 ha

213 1168 124 54 bens
290 1168 171 54 angulum
414 1168 109 54 est
476 1168 109 54 vna
538 1168 109 54 vno
600 1168 140 54 modo,
678 1168 47 54 &

211 1210 83 50 non
259 1210 83 50 vna
306 1210 95 50 alio
366 1210 107 50 modo.
437 1210 143 50 secundum
544 1210 95 50 enim
604 1210 95 50 quod
652 1210 71 50 term

218 1248 126 51 natur
302 1248 70 51 a
330 1248 140 51 tribus
428 1248 168 51 punctis,
554 1248 98 51 est
610 1248 98 51 non
652 1248 70 51 vna

214 1287 95 43 sed
269 1287 163 43 secundum
391 1287 109 43 quod
459 1287 109 43 vnum
526 1287 190 43 extremorum
662 1287 68 43 est

214 1328 126 54 apud
293 1328 190 54 angulum,
435 1328 111 54 est
499 1328 126 54 vna:
562 1328 158 54 econtra-

222 1368 91 42 rio
274 1368 78 42 de
313 1368 117 42 linea
392 1368 131 42 recta.
483 1368 78 42 D.
522 1368 117 42 dedit
600 1368 131 42 causam
679 1368 52 42 in

215 1406 100 44 hoc.
278 1406 63 44 &
303 1406 75 44 d.
341 1406 163 44 possibile
466 1406 100 44 enim
529 1406 100 44 est,
592 1406 88 44 &c.
642 1406 75 44 i.
667 1406 63 44 par

216 1453 93 37 tes
269 1453 107 37 enim
336 1453 133 37 lineae
429 1453 187 37 tortuosae,
575 1453 93 37 cum
615 1453 107 37 mouen-

215 1492 94 44 tur
268 1492 161 44 secundum
389 1492 134 44 totum,
482 1492 94 44 non
536 1492 161 44 mouentur
643 1492 80 44 par-

222 1525 86 52 tes
271 1525 183 52 aequaliter,
417 1525 86 52 sed
466 1525 134 52 quaedam
564 1525 122 52 citius
650 1525 98 52 qui

224 1564 134 55 busdam.
321 1564 61 55 &
346 1564 85 55 sic
395 1564 159 55 iudicatur
517 1564 73 55 de
553 1564 98 55 illa
614 1564 98 55 quod
663 1564 61 55 mo-

218 1602 102 53 tus
277 1602 160 53 partium
393 1602 117 53 sunt
466 1602 175 53 insimul,
598 1602 117 53 quia
656 1602 73 53 mo-

224 1646 93 37 tus
277 1646 93 37 est
330 1646 79 37 in
369 1646 119 37 eodem
448 1646 159 37 tempore,
567 1646 66 37 &
594 1646 93 37 non
633 1646 93 37 insi-

222 1685 113 37 mul,
292 1685 113 37 quia
363 1685 212 37 diuersantur
532 1685 85 37 in
561 1685 169 37 velocitate

220 1724 72 38 &
248 1724 202 38 tarditate.
407 1724 130 38 linea
493 1724 130 38 autem
580 1724 130 38 recta
652 1724 72 38 mo-

221 1761 155 41 uetur
324 1761 206 41 secundum
479 1761 155 41 totum
564 1761 155 41 insimul

220 1799 75 43 Et
257 1799 125 43 potest
344 1799 162 43 intelligi
469 1799 112 43 quod,
544 1799 87 43 cum
593 1799 112 43 linea
656 1799 62 43 tor

219 1839 128 59 tuosa
304 1839 171 59 mouetur,
433 1839 143 59 potest
533 1839 185 59 distingui
661 1839 57 59 al

741 141 116 57 tera
814 141 189 57 linearum.
960 141 87 57 ab
1003 141 146 57 altera
1105 141 116 57 apud
1178 141 131 57 angus

742 185 135 42 lum,
826 185 84 42 &
860 185 118 42 non
928 185 236 42 mouebuntur
1096 185 169 42 insimula

748 222 110 45 quod
817 222 207 45 impossibile
983 222 97 45 est
1038 222 83 45 in
1080 222 124 45 linea
1149 222 110 45 recta.

746 268 84 36 Et
788 268 238 36 intelligendum
984 268 98 36 est
1041 268 98 36 hic
1097 268 98 36 per
1139 268 126 36 lineam,

748 304 153 49 corpus:
860 304 126 49 linea
943 304 112 49 enim
1013 304 98 49 non
1069 304 167 49 mouetur.
1180 304 84 49 D.d.

749 341 83 52 &
783 341 166 52 nullum
899 341 166 52 corpus
1016 341 166 52 habens
1115 341 150 52 magnitu

750 381 147 51 dinem,
853 381 103 51 &c.
912 381 88 51 i.
956 381 73 51 &
985 381 132 51 nulla
1073 381 191 51 magnitudo
1205 381 59 51 re

747 419 105 51 cta
807 419 210 51 inuenitur,
972 419 135 51 cuius
1062 419 165 51 quaedam
1167 419 105 51 pars,

750 460 195 46 quiescat,
900 460 75 46 &
930 460 165 46 quaedam
1051 460 195 46 moueatur,
1186 460 75 46 fi-

751 496 99 53 cut
808 496 185 53 inuenitur
950 496 71 53 m
978 496 128 53 linea
1063 496 156 53 habente
1163 496 99 53 angu-

745 536 100 43 lum,
807 536 100 43 quia
869 536 87 43 est
919 536 162 43 composita
1043 536 75 43 ex
1080 536 124 43 duabus
1155 536 112 43 lineis.

779 597 147 46 Alio
871 597 147 46 item
963 597 147 46 modo
1055 597 147 46 vnum
1128 597 129 46 dici-

738 640 146 49 tur,
829 640 128 49 cum
902 640 237 49 subiectum
1085 640 128 49 sit
1139 640 128 49 forma

744 689 248 41 indifferens.
945 689 233 41 Indifferens
1131 689 155 41 autem,

746 725 167 53 quorum
863 725 150 53 forma
963 725 283 53 indiuisibilis
1180 725 83 53 se-

744 768 180 44 cundum
870 768 180 44 sensum
996 768 144 44 est.
1067 768 198 44 subiectum

749 813 155 46 vero,
852 813 120 46 aut
921 813 189 46 primum,
1058 813 120 46 aut
1109 813 155 46 vltimum

736 854 98 53 ad
785 854 164 53 finem.
899 854 164 53 etenim
1014 854 147 53 vinum
1113 854 147 53 vnum,
1211 854 82 53 &

744 899 134 50 aqua
828 899 117 50 vna
895 899 201 50 dicitur,
1045 899 201 50 quatenus
1179 899 84 50 in-

747 943 194 45 diuisibilis
902 943 155 45 secundum
1019 943 129 45 formam
1110 943 104 45 est:
1161 943 104 45 liquo-

745 981 139 45 resque
843 981 139 45 omnes,
940 981 84 45 vt
982 981 139 45 oleum,
1080 981 139 45 vinum,
1177 981 70 45 &
1191 981 70 45 li-

748 1024 191 50 quabilia
891 1024 127 50 vnum
971 1024 207 50 dicuntur,
1114 1024 143 50 quoniam

750 1067 143 42 omnium
850 1067 157 42 vltimum
964 1067 186 42 subiectum
1107 1067 114 42 idem
1178 1067 114 42 est,

741 1109 123 45 aqua
817 1109 154 45 nanque
925 1109 77 45 &
956 1109 108 45 aer
1017 1109 123 45 haec
1094 1109 138 45 omnia
1171 1109 92 45 sunt

787 1149 94 53 Et
834 1149 172 53 dicitur
960 1149 125 53 etia
1038 1149 125 53 vnum
1116 1149 125 53 alio
1179 1149 78 53 mo-

737 1197 111 60 do,
800 1197 158 60 quorum
911 1197 206 60 subiectum
1069 1197 111 60 non
1117 1197 142 60 diuidi-

746 1244 106 65 tur
807 1244 183 65 secundum
944 1244 167 65 formam.
1065 1244 91 65 Et
1111 1244 122 65 illa
1187 1244 106 65 non

738 1293 231 61 diuiduntur
919 1293 198 61 secundum
1068 1293 165 61 forma,
1167 1293 83 61 quo

744 1344 107 58 rum
805 1344 153 58 formae
912 1344 107 58 non
973 1344 214 58 diuiduntur
1126 1344 122 58 secun-

744 1392 99 63 du
794 1392 165 63 situm,
910 1392 83 63 &
943 1392 215 63 subiectum
1108 1392 116 63 aut
1158 1392 99 63 pri-

742 1441 130 58 mum,
823 1441 114 58 aut
888 1441 195 58 vltimum,
1034 1441 130 58 quod
1115 1441 114 58 est
1164 1441 97 58 pro-

745 1489 116 59 prie
817 1489 246 59 coomplementu.
1019 1489 159 59 dicitur
1135 1489 116 59 enim
1193 1489 72 59 vi-

742 1538 120 48 num
811 1538 155 48 vnum,
914 1538 86 48 &
948 1538 137 48 aqua
1034 1538 137 48 vna,
1120 1538 120 48 cum
1171 1538 86 48 non

740 1588 233 54 diuidantur
924 1588 200 54 secundum
1074 1588 183 54 formam,
1190 1588 67 54 et

746 1636 192 61 dicuntur
890 1636 144 61 omnia
986 1636 224 61 liquabilia
1145 1636 96 61 vnum

746 1685 148 53 sicut
844 1685 165 53 oleum,
960 1685 82 53 &
993 1685 165 53 vinum,
1108 1685 99 53 et
1141 1685 115 53 omnia

742 1738 199 56 liquida.
892 1738 216 56 subiectum
1058 1738 133 56 enim
1124 1738 133 56 omnium

744 1781 183 62 istorum
878 1781 117 62 est
944 1781 150 62 vnum,
1044 1781 83 62 &
1078 1781 150 62 omnia
1161 1781 100 62 sunt

741 1841 108 49 aut
802 1841 138 49 aqua,
894 1841 108 49 aut
956 1841 123 49 aer.
