1475 2066
208 157 238 47 animalibus,
398 157 79 47 &
430 157 174 47 idolis,
557 157 95 47 et
588 157 143 47 membri-

222 205 151 61 istorum
332 205 124 61 omnia
414 205 110 61 enim
483 205 110 61 ista
552 205 165 61 dicuntur
661 205 69 61 sub

224 254 179 62 stantiae,
362 254 110 62 quia
431 254 96 62 non
486 254 165 62 dicuntur
610 254 83 62 de
637 254 83 62 sub-

224 302 127 53 iecto,
313 302 89 53 sed
364 302 101 53 alia
427 302 152 53 dicuntur
541 302 76 53 de
579 302 101 53 eis.
642 302 76 53 Et
668 302 63 53 di-

218 353 117 50 citur
296 353 117 50 etiam
373 353 181 50 substantia
516 353 104 50 alio
581 353 104 50 modo
632 353 91 50 illud

218 397 108 69 quod
286 397 95 69 est
340 397 122 69 causa
421 397 176 69 essentiae
556 397 135 69 rerum,
651 397 108 69 quae

215 449 184 65 dicuntur
353 449 92 65 de
399 449 200 65 subiecto,
553 449 138 65 sicut
629 449 108 65 anima

222 497 219 52 animalium.
395 497 94 52 Et
442 497 94 52 et
489 497 172 52 dicitur
598 497 141 52 substan

225 545 100 49 tia
282 545 85 49 de
324 545 128 49 illo,
410 545 114 49 quod
481 545 100 49 est
538 545 185 49 subiectum
666 545 71 49 ani

220 596 121 46 mae,
295 596 76 46 &
326 596 181 46 habentia
462 596 257 46 definitiones,
674 596 91 46 et

221 651 259 57 significantia
434 651 183 57 aliquid,
572 651 76 57 &
602 651 107 57 per
648 651 76 57 quo

215 701 116 53 rum
282 701 249 53 priuationem
480 701 199 53 priuatur
613 701 116 53 totu,

208 748 140 50 sicut
302 748 155 50 corpus
411 748 249 50 superficiei,
613 748 78 50 &
628 748 109 50 sicut

215 788 151 62 quidam
321 788 151 62 dicunt
427 788 227 62 superficies
593 788 136 62 lineae.

220 837 92 55 &
256 837 166 55 omnes
367 837 203 55 numeri.
515 837 185 55 quidam
626 837 111 55 enim

226 884 208 63 existimant,
393 884 111 63 quod
462 884 125 63 istis
545 884 167 63 priuatis
657 884 69 63 ni-

222 933 87 46 hil
271 933 112 46 erit.
346 933 75 46 Et
383 933 112 46 etiam
458 933 137 46 dicitur
558 933 174 46 substantia
682 933 50 46 in

213 985 119 59 lud,
287 985 119 59 quod
362 985 208 59 significat
525 985 119 59 quid
599 985 89 59 in
629 985 104 59 omni-

216 1028 111 61 bus
279 1028 158 61 rebus,
390 1028 79 61 &
422 1028 253 61 definitionem
611 1028 111 61 earum

222 1076 79 65 et
261 1076 92 65 hoc
314 1076 92 65 est
367 1076 184 65 substantia
511 1076 184 65 cuiuslibet
656 1076 105 65 rei.

220 1125 169 66 Accidit
343 1125 154 66 igitur
450 1125 92 66 vt
496 1125 215 66 substantia
650 1125 77 66 di-

219 1172 144 58 catur
315 1172 160 58 duobus
427 1172 160 58 modis.
538 1172 160 58 quorum
634 1172 96 58 vnus

212 1220 110 62 est
275 1220 173 62 vltimum
401 1220 220 62 subiectum,
574 1220 126 62 quod
652 1220 110 62 non

219 1269 157 61 dicitur
333 1269 86 61 de
376 1269 128 61 alio:
461 1269 128 61 alius
547 1269 143 61 autem,
646 1269 114 61 quod

224 1316 219 62 significat
396 1316 110 62 hoc
459 1316 266 62 demonstratum,
678 1316 78 62 &

224 1365 98 61 est
280 1365 196 61 distinctum
434 1365 70 61 a
462 1365 140 61 rebus,
561 1365 126 61 sicut
631 1365 98 61 form.

213 1413 138 62 cuius
305 1413 138 62 libet
397 1413 123 62 rei,
474 1413 77 62 &
505 1413 123 62 eius
566 1413 154 62 exemplas

264 1477 114 56 Cum
329 1477 261 56 determinauit
541 1477 131 56 quot
606 1477 131 56 modis:

219 1521 152 41 dicitur
330 1521 110 41 ens,
399 1521 69 41 &
426 1521 110 41 vnum
495 1521 138 41 eorum,
592 1521 83 41 de
620 1521 110 41 quibus

220 1561 131 41 dicitur
316 1561 84 41 est
363 1561 179 41 substantia,
507 1561 60 41 &
531 1561 167 41 substantia
650 1561 72 41 dici

221 1602 88 39 tur
272 1602 138 39 inultis
372 1602 126 39 modis,
460 1602 151 39 incoepit
574 1602 113 39 etiam
636 1602 101 39 diuide

223 1638 83 44 re
265 1638 125 44 illos
348 1638 139 44 modos:
445 1638 69 44 &
473 1638 83 44 d.
515 1638 83 44 Et
556 1638 153 44 dicitur
654 1638 69 44 sub

221 1676 141 47 stantia,
327 1676 82 47 &c.
374 1676 70 47 i.
409 1676 59 47 &
432 1676 164 47 substantia
561 1676 129 47 dicitur
655 1676 70 47 de
678 1676 59 47 om-

219 1717 131 51 nibus
307 1717 204 51 corporibus
467 1717 233 51 simplicibus,
657 1717 73 51 &
672 1717 58 51 de

223 1757 185 51 compositis
368 1757 79 51 ex
408 1757 106 51 his,
474 1757 79 51 vt
513 1757 159 51 minerae,
632 1757 66 51 &
646 1757 92 51 plan-

219 1793 115 41 tae,
291 1793 72 41 &
319 1793 187 41 animalia,
463 1793 72 41 &
492 1793 86 41 de
535 1793 158 41 membris
636 1793 101 41 isto-

220 1839 110 44 rum.
289 1839 96 44 Et,
344 1839 96 44 cum
399 1839 193 44 declarauit
550 1839 96 44 hoc
605 1839 96 44 per
647 1839 83 44 exem

756 157 114 50 plum,
832 157 139 50 incepit
933 157 164 50 declarare
1059 157 114 50 illud
1135 157 88 50 per
1173 157 88 50 defi-

753 197 160 38 nitionem,
876 197 61 38 &
900 197 74 38 d.
937 197 111 38 omnia
1011 197 98 38 enim
1072 197 111 38 ista,
1146 197 86 38 &c.
1195 197 61 38 &
1208 197 61 38 in-

759 237 124 49 tendit
845 237 111 49 neque
919 237 74 49 in
956 237 161 49 subiecto.
1080 237 62 49 &
1104 237 99 49 ista
1166 237 86 49 est
1203 237 62 49 de-

754 277 145 50 finitio
859 277 171 50 indiuidui
991 277 211 50 substantiae.
1162 277 79 50 Et
1188 277 79 50 qua-

747 317 80 37 si
787 317 133 37 dicat,
880 317 187 37 substantia
1027 317 147 37 dicitur
1134 317 120 37 primo
1200 317 67 37 de-

755 354 102 48 illo,
823 354 91 48 quod
879 354 79 48 non
924 354 125 48 dicitur
1015 354 68 48 de
1049 354 125 48 aliquo,
1140 354 102 48 neque
1207 354 79 48 est

748 397 84 45 in
790 397 155 45 aliquo,
903 397 70 45 &
931 397 112 45 alia
1001 397 169 45 dicuntur
1127 397 84 45 de
1170 397 98 45 eo.
1226 397 70 45 &

746 434 99 40 hoc
803 434 156 40 dicitur
916 434 199 40 indiuiduum
1058 434 199 40 substantiae,

748 474 75 41 &
778 474 105 41 hoc
838 474 209 41 appellatur
1002 474 90 41 in
1032 474 239 41 praedicamentis

756 509 125 51 prima
839 509 208 51 substantia.
1005 509 83 51 Et
1047 509 125 51 forte
1116 509 152 51 intendit,

753 548 100 51 per
810 548 114 51 hoc,
881 548 114 51 quod
953 548 86 51 d.
996 548 100 51 de,
1053 548 157 51 aliquam
1153 548 114 51 inten-

753 586 150 41 tionem
858 586 90 41 in
903 586 105 41 ea.
963 586 75 41 &
993 586 180 41 secundum
1129 586 105 41 hoc
1174 586 90 41 iste

747 629 133 39 sermo
836 629 178 39 continet
969 629 148 39 primas
1058 629 207 39 substantias,

747 668 67 38 &
773 668 175 38 secundas.
908 668 108 38 D.d.
976 668 81 38 Et
1016 668 148 38 dicitur
1124 668 121 38 etiam
1192 668 67 38 &c.

747 703 84 43 i.
789 703 70 43 &
817 703 98 43 hoc
873 703 154 43 dicitur
985 703 196 43 substantia
1138 703 84 43 de
1166 703 84 43 illo

749 740 89 51 per
800 740 102 51 quod
864 740 178 51 indiuiduum
1004 740 191 51 substantiae
1156 740 89 51 sit
1194 740 64 51 sub

756 781 132 54 stantia.
855 781 132 54 scilicet
954 781 66 54 de
987 781 110 54 forma,
1065 781 77 54 per
1109 781 88 54 quam
1164 781 77 54 sit
1197 781 66 54 sub-

741 821 175 37 stantia,
873 821 131 37 sicut
960 821 131 37 anima
1047 821 87 37 in
1091 821 175 37 animato.
1222 821 73 37 &

751 860 117 51 dedit
829 860 156 51 exemplum
946 860 78 51 de
985 860 130 51 anima,
1076 860 104 51 quae
1141 860 91 51 est
1180 860 78 51 for-

750 901 83 37 ma
792 901 83 37 in
833 901 193 37 substantia
985 901 83 37 in
1026 901 124 37 actu,
1109 901 152 37 econtra
1206 901 55 37 de

749 936 153 42 formis
856 936 230 42 simplicium.
1040 936 123 42 D.d.
1116 936 92 42 Et
1147 936 107 42 etiam

753 975 150 51 dicitur
862 975 191 51 substantia
1012 975 82 51 de
1053 975 123 51 illo,
1135 975 109 51 quod
1189 975 68 51 est

751 1017 186 41 subiectum
894 1017 157 41 animae,
1008 1017 86 41 v.
1051 1017 86 41 g.
1094 1017 86 41 de
1122 1017 143 41 corpore.

754 1053 188 45 animalium.
901 1053 67 45 &
928 1053 107 45 haec
995 1053 94 45 est
1049 1053 188 45 substantia
1183 1053 80 45 modo

750 1096 177 38 materiae.
887 1096 109 38 D.d.
955 1096 82 38 et
996 1096 164 38 habentia
1105 1096 150 38 definitio

746 1133 95 45 nes,
806 1133 83 45 &c.
853 1133 71 45 i.
889 1133 60 45 &
913 1133 131 45 dicitur
1008 1133 83 45 hoc
1056 1133 107 45 nomen
1115 1133 143 45 substantia

749 1173 93 37 est
802 1173 80 37 de
842 1173 200 37 definitione
1002 1173 67 37 &
1028 1173 80 37 in
1068 1173 120 37 rebus
1135 1173 120 37 habenti

754 1213 98 48 bus
810 1213 239 48 definitiones.
1007 1213 112 48 D.d.
1077 1213 70 48 &
1105 1213 98 48 per
1148 1213 112 48 quorum

748 1252 187 46 priuationem,
901 1252 70 46 &c
936 1252 70 46 i.
971 1252 59 46 &
994 1252 129 46 dicitur
1088 1252 164 46 substantia
1205 1252 47 46 de

749 1288 110 42 rebus,
826 1288 88 42 quae
881 1288 88 42 sunt
936 1288 121 42 priores
1023 1288 132 42 secundum
1111 1288 143 42 definitione

747 1328 126 43 rebus
831 1328 238 43 scusibilibus,
1028 1328 84 43 de
1070 1328 140 43 quibus
1154 1328 112 43 quidam

747 1372 170 46 opinantur
878 1372 118 46 illas
957 1372 105 46 esse
1022 1372 197 46 substantias
1166 1372 92 46 rerum

752 1403 180 53 sensibilium.
898 1403 135 53 quoniam,
1000 1403 113 53 quando
1079 1403 169 53 intellectus
1203 1403 56 53 ab-

746 1446 152 36 stulerit
860 1446 101 36 eas,
923 1446 177 36 auferentur
1063 1446 89 36 cum
1113 1446 89 36 eis
1164 1446 89 36 res
1202 1446 63 36 sen

750 1484 143 52 sibiles,
858 1484 108 52 sicut
929 1484 84 52 est
977 1484 143 52 dispomeo
1085 1484 72 52 de
1121 1484 131 52 corpore
1204 1484 60 52 sim

754 1521 118 53 plici
833 1521 92 53 cum
885 1521 144 53 corpore
990 1521 183 53 sensibili,
1134 1521 66 53 &
1160 1521 79 53 de
1186 1521 79 53 sup-

748 1561 115 49 ficie
825 1561 89 49 cum
876 1561 153 49 corpore,
991 1561 64 49 &
1016 1561 77 49 de
1055 1561 115 49 linea
1131 1561 89 49 cum
1170 1561 89 49 supe-

747 1597 126 49 ficiae.
838 1597 80 49 et,
884 1597 91 49 quia
941 1597 114 49 Arist.
1020 1597 80 49 non
1066 1597 137 49 opinatur
1169 1597 91 49 hoc,
1214 1597 46 49 d.

752 1638 117 50 quidam
834 1638 94 50 enim
893 1638 175 50 existimant,
1033 1638 82 50 &c.
1080 1638 70 50 i.
1115 1638 58 50 &
1138 1638 117 50 quidam
1209 1638 58 50 ap-

752 1677 131 54 pellant
847 1677 107 54 istas
919 1677 190 54 substantias,
1074 1677 95 54 quia
1121 1677 143 54 existimant

754 1716 86 46 quod
808 1716 107 46 illud,
883 1716 75 46 per
926 1716 97 46 cuius
991 1716 161 46 priuationem
1119 1716 129 46 secundum
1205 1716 54 46 iu-

749 1757 152 50 tellectum
866 1757 141 50 priuatur
972 1757 141 50 aliquid,
1077 1757 105 50 debet
1148 1757 94 50 esse
1195 1757 70 50 sub-

751 1797 140 49 stantia
853 1797 140 49 illius.
955 1797 64 49 &
980 1797 76 49 io
1018 1797 216 49 appellauerunt
1183 1797 89 49 istas

750 1834 246 56 substantias.
950 1834 123 56 vnde
1027 1834 154 56 quidam
1119 1834 154 56 singunt,
