1475 2066
175 173 181 31 numerum
306 173 132 31 esse
389 173 247 31 substantiam
570 173 132 31 entium

194 207 104 43 D.d.
259 207 78 43 Et
298 207 117 43 etiam
376 207 143 43 dicitur
481 207 117 43 illud
546 207 169 43 substantia.

190 245 111 53 quod
260 245 195 53 significat
413 245 125 53 quid,
496 245 97 53 &c.
552 245 84 53 i.
594 245 70 53 &
608 245 97 53 dicit

188 285 195 38 substantia
341 285 84 38 de
383 285 126 38 illo,
467 285 112 38 quod
537 285 126 38 datur
620 285 84 38 ad
648 285 56 38 in

194 325 265 50 terrogationem
413 325 156 50 factam
522 325 109 50 per
584 325 125 50 quid
647 325 62 50 in

198 361 185 43 vnaquaque
340 361 143 43 rerum.
440 361 71 43 &
469 361 114 43 haec
540 361 100 43 est
583 361 128 43 substan

190 404 95 38 tia
245 404 190 38 cuiuslibet
394 404 109 38 rei.
462 404 136 38 Deinde
557 404 82 38 d.
585 404 122 38 Accidit

201 439 131 59 igitur
292 439 78 59 vt
332 439 196 59 substantia,
476 439 65 59 &c.

192 501 73 44 De
228 501 122 44 Fodem.
314 501 147 44 Diuerso,
424 501 183 44 Differenti,
571 501 134 44 Simili,
668 501 61 44 &

308 540 213 54 Dissimili.
475 540 122 54 Cap.
536 540 61 54 8.

211 588 83 53 V
245 588 149 53 VAdem
344 588 133 53 vero
427 588 182 53 quaedam
543 588 166 53 secundum

238 630 196 44 accidens
385 630 213 44 dicuntur.
549 630 98 44 vt
581 630 115 44 album

199 669 80 56 †
231 669 80 56 A
263 669 80 56 &
295 669 177 56 musicum
424 669 145 56 idem,
520 669 177 56 quoniam
633 669 80 56 ei-

191 713 127 41 dem
263 713 235 41 accidunt:
444 713 108 41 ac
498 713 145 41 homo
589 713 90 41 &
607 713 108 41 musi

201 757 106 45 cum,
267 757 146 45 quoniam
374 757 146 45 alterum
480 757 133 45 alteri
573 757 160 45 accidit.

196 796 175 47 musicus
324 796 127 47 vero
403 796 143 47 homo,
499 796 175 47 quoniam
610 796 96 47 musi

192 842 113 41 cum
257 842 162 41 homini
370 842 194 41 accidit.
516 842 178 41 vtrique
629 842 81 41 ve-

198 885 93 50 ro
245 885 125 50 hoc,
323 885 78 50 &
354 885 125 50 huic
432 885 187 50 vtrunque
556 885 156 50 illorum.

185 925 170 47 etenim
304 925 170 47 homini
423 925 170 47 musico
543 925 85 47 &
577 925 153 47 homo,
662 925 51 47 &

194 965 168 45 musicum
316 965 122 45 idem
392 965 168 45 dicitur
514 965 76 45 &
545 965 107 45 his
591 965 122 45 illud.

197 1009 121 41 Quare
277 1009 121 41 omnia
358 1009 108 41 haec
425 1009 188 41 vniversale
573 1009 94 41 non
614 1009 94 41 dicum

190 1051 115 49 tur.
262 1051 101 49 non
319 1051 115 49 enim
391 1051 101 49 est
449 1051 130 49 verum
535 1051 144 49 dicere
622 1051 86 49 quod

188 1091 180 46 omnis
308 1091 160 46 homo
408 1091 160 46 idem
509 1091 100 46 &
529 1091 180 46 musicum

192 1140 215 39 vniuersalia
363 1140 143 39 nanque
464 1140 100 39 per
521 1140 86 39 se
550 1140 157 39 existunt,

188 1178 230 48 accidentia
368 1178 131 48 vero
450 1178 115 48 non
516 1178 115 48 per
582 1178 115 48 se,
631 1178 82 48 sed

192 1221 82 45 de
233 1221 218 45 singularibus
411 1221 205 45 simpliciter
561 1221 150 45 dicuntur.

191 1260 126 39 idem
270 1260 126 39 enim
348 1260 173 39 videtur
474 1260 204 39 Socrates,
631 1260 78 39 &
646 1260 63 39 So

189 1300 150 46 crates
294 1300 165 46 musicus
414 1300 135 46 esse.
504 1300 180 46 Socrates
624 1300 90 46 enim

193 1347 116 39 non
260 1347 99 39 de
309 1347 182 39 multis,
442 1347 149 39 quare
541 1347 116 39 non
591 1347 116 39 dicit

196 1388 113 47 omnis
272 1388 163 47 Socrates,
397 1388 126 47 sicuti
485 1388 113 47 omnis
561 1388 113 47 homo.
624 1388 75 47 quae

193 1429 118 46 dam
261 1429 169 46 igitur
379 1429 118 46 ita
447 1429 203 46 dicuntur
582 1429 135 46 eadem.

197 1469 191 53 Quaedam
335 1469 139 53 vero
422 1469 121 53 per
492 1469 121 53 se,
561 1469 173 53 sicuti
665 1469 52 53 &

190 1516 164 47 vnum.
299 1516 182 47 etenim
427 1516 182 47 quorum
536 1516 164 47 materia

188 1556 116 47 aut
255 1556 182 47 specie,
387 1556 116 47 aut
453 1556 165 47 numero
568 1556 132 47 vna,
634 1556 83 47 ea-

193 1597 130 53 dem
268 1597 241 53 dicuntur:
453 1597 93 53 &
490 1597 185 53 quorum
601 1597 111 53 sub-

197 1638 153 43 stantia
309 1638 112 43 vna.
378 1638 126 43 Quare
462 1638 139 43 patet,
560 1638 112 43 quod
615 1638 98 43 idem-

203 1686 127 39 titas
287 1686 141 39 vnitas
386 1686 155 39 quaedam
499 1686 183 39 essentiae
625 1686 85 39 est,

197 1731 116 39 aut
264 1731 200 39 plurium,
414 1731 116 39 aut
480 1731 116 39 cum
547 1731 100 39 vt
580 1731 133 39 pluri-

195 1764 107 46 bus
256 1764 168 46 vtatur.
378 1764 92 46 vt
424 1764 122 46 puta
500 1764 107 46 cum
561 1764 137 46 dicat
638 1764 76 46 ip-

189 1804 103 47 sum
248 1804 118 47 sibi
322 1804 118 47 ipsi
395 1804 132 47 idem.
484 1804 88 47 vt
528 1804 162 47 duobus.
631 1804 88 47 enim

193 1849 131 51 ipso
274 1849 180 51 vtitur.
405 1849 180 51 Diuersa
536 1849 131 51 vero
602 1849 114 51 dicun

718 165 128 52 tur,
798 165 160 52 quorum
910 165 112 52 aut
974 165 176 52 species
1086 165 144 52 plures,

727 213 100 48 aut
784 213 171 48 materia,
912 213 100 48 aut
969 213 128 48 ratio
1040 213 199 48 substantiae,

718 256 86 45 &
752 256 171 45 omnino
872 256 206 45 diuersum
1026 256 189 45 dicitur
1146 256 86 45 ope

722 293 155 49 posite
831 293 93 49 ad
878 293 109 49 id,
940 293 124 49 quod
1018 293 124 49 idem
1080 293 155 49 dicitur.

726 333 240 60 Differentia
918 333 128 60 vero
997 333 208 60 dicuntur,
1141 333 96 60 quae

716 381 174 37 cunque
838 381 192 37 diuersa
977 381 157 37 sunt,
1082 381 122 37 cum
1134 381 105 37 idem

723 417 139 49 quid
809 417 156 49 sint,
913 417 139 49 modo
1000 417 121 49 non
1070 417 139 49 sint
1139 417 104 49 idem

716 461 176 53 numero,
844 461 112 53 sed
908 461 112 53 aut
972 461 176 53 specie,
1099 461 112 53 aut
1147 461 96 53 gene

716 505 111 40 re,
780 505 111 40 aut
843 505 254 40 proportione.
1050 505 143 40 Item,
1145 505 127 40 quo¬

713 545 119 49 rum
781 545 204 49 diuersum
934 545 187 49 geneus,
1070 545 85 49 &
1087 545 153 49 contra-

722 585 133 44 ria,
805 585 83 44 &
839 585 232 44 quaecunque
1005 585 232 44 diuersitatem

721 628 94 46 in
768 628 219 46 substantia
940 628 172 46 habent.
1065 628 172 46 Similia
1175 628 63 46 di

727 670 177 45 cuntur,
855 670 80 45 &
888 670 129 45 quae
968 670 129 45 idem
1048 670 145 45 passa
1129 670 112 45 sunt.

723 717 79 37 &
755 717 126 37 quae
834 717 142 37 plura
928 717 142 37 eadem
1023 717 126 37 quam
1086 717 158 37 diuersa-

729 756 154 55 passa
832 756 154 55 sunt.
934 756 86 55 &
968 756 171 55 quorum
1071 756 171 55 qualitas

730 798 126 54 vna.
809 798 95 54 ac
857 798 190 54 secundum
999 798 221 54 quaecunque
1157 798 79 54 com

728 842 207 48 trariorum
887 842 191 48 alterari
1030 842 207 48 contingit
1173 842 64 48 id

728 892 134 38 quod
812 892 151 38 plura
912 892 134 38 his,
996 892 117 38 aut
1063 892 151 38 magis
1147 892 100 38 pro-

721 924 117 47 pria
794 924 146 47 habet,
897 924 146 47 simile
999 924 117 47 illi
1072 924 117 47 est.
1130 924 117 47 Opposi

728 965 81 45 te
769 965 108 45 vero
837 965 176 45 similibus
972 965 189 45 dissimilia
1107 965 149 45 dicuntur.

725 1028 73 54 Dt
761 1028 171 54 oppositis,
895 1028 183 54 Contrarijs.
1042 1028 158 54 Diuersis,
1164 1028 61 54 &
1176 1028 73 54 eis.

820 1068 109 47 dem
883 1068 171 47 specie.
1007 1068 124 47 Cap.
1069 1068 78 47 2o-

845 1125 171 56 Pposita
970 1125 203 56 dicuntur,
1110 1125 125 56 contra

857 1172 151 49 dictio,
967 1172 193 49 contraria,
1119 1172 83 49 ad
1146 1172 83 49 ali-

852 1215 151 48 quid,
953 1215 201 48 priuatio
1103 1215 84 48 &
1120 1215 117 48 habi-

727 1259 131 55 tus,
809 1259 82 55 &
842 1259 115 55 ea,
907 1259 99 55 ex
957 1259 181 55 quibus,
1088 1259 82 55 &
1121 1259 99 55 in
1154 1259 82 55 qua

732 1301 182 45 vltima.
864 1301 99 45 vt
913 1301 264 45 generationes
1128 1301 83 45 &
1144 1301 99 45 cor-

721 1341 224 53 ruptiones,
897 1341 80 53 &
929 1341 224 53 quaecunque
1089 1341 160 53 suscepti

722 1385 107 49 uo
776 1385 197 49 amborum
919 1385 125 49 non
991 1385 233 49 contingit
1152 1385 89 49 si-

727 1428 106 48 mul
788 1428 167 48 adesse,
909 1428 121 48 haec
985 1428 152 48 opponi
1076 1428 167 48 dicuntur,

728 1468 106 47 aut
789 1468 137 47 ipsa,
880 1468 106 47 aut
941 1468 91 47 ex
986 1468 152 47 quibus
1093 1468 137 47 sunt,
1169 1468 76 47 fu-

726 1512 139 42 scum
813 1512 174 42 nanque
934 1512 87 42 &
969 1512 156 42 album
1073 1512 156 42 simul
1160 1512 87 42 ei-

733 1559 111 45 dem
796 1559 111 45 non
860 1559 174 45 insunt,
986 1559 142 45 quare
1081 1559 111 45 ea,
1144 1559 95 45 ex
1176 1559 79 45 qui

731 1597 110 54 bus
794 1597 141 54 sunt,
888 1597 220 54 opponuntur
1061 1597 157 54 ipsis.
1155 1597 94 54 Con-

728 1639 153 44 traria
835 1639 199 44 dicuntur,
988 1639 123 44 quae
1065 1639 107 44 non
1111 1639 138 44 possunt

723 1680 159 42 simul
829 1680 159 42 eidem
935 1680 194 42 adesse,
1076 1680 124 42 cum
1129 1680 124 42 eorum

734 1725 122 52 sint,
816 1725 108 52 quae
883 1725 162 52 secundum
1005 1725 135 52 geneus
1087 1725 162 52 differunt.

724 1764 84 54 &
758 1764 134 54 quae
842 1764 201 54 plurimum
993 1764 235 54 differunt,
1160 1764 84 54 cum

723 1812 94 54 in
770 1812 141 54 eodem
864 1812 156 54 genere
974 1812 141 54 sint,
1067 1812 156 54 quaeue
1161 1812 94 54 plu-

731 1848 158 50 rimum
837 1848 245 50 differunt,
1029 1848 123 50 cum
1099 1848 105 50 in
1134 1848 123 50 eodem
