1475 2066
148 154 157 48 illic
252 154 139 48 enim
339 154 209 48 tripudum
496 154 174 48 ductor
600 154 87 48 hic

168 196 127 50 vero
248 196 143 50 media
343 196 223 50 principium
518 196 127 50 est.
582 196 95 50 Haec

161 237 155 42 itaque
269 237 109 42 hoc
331 237 124 42 modo
409 237 155 42 priora
502 237 171 42 dicuntur,

161 277 127 57 Alio
241 277 127 57 vero
320 277 143 57 modo,
416 277 127 57 quod
479 277 191 57 cognitione

159 322 146 48 prius,
262 322 161 48 tanquam
379 322 73 48 &
408 322 220 48 simpliciter
569 322 103 48 prius

164 364 106 38 Horum
235 364 106 38 autem
305 364 117 38 aliter
387 364 82 38 ea,
434 364 94 38 quae
493 364 141 38 secundum
587 364 82 38 ratio

159 408 104 52 nem,
224 408 117 52 atque
302 408 91 52 ea,
354 408 104 52 quae
419 408 156 52 secundum
537 408 143 52 sensum.
628 408 52 52 Se

164 445 135 45 cundum
259 445 108 45 enim
327 445 162 45 rationem
449 445 203 45 vniversalia
598 445 81 45 prio

162 484 95 54 ra,
217 484 162 54 secundum
338 484 108 54 uero
406 484 135 54 sensum
500 484 203 54 singularia.

159 529 103 43 Et
210 529 206 43 secundum
365 529 206 43 rationem
502 529 171 43 accidens

163 572 138 47 toto
249 572 172 47 prius.
370 572 103 47 vt
421 572 190 47 musicum
542 572 138 47 homine

161 613 171 45 musico.
285 613 109 45 non
347 613 124 45 enim
424 613 124 45 erit
502 613 140 45 ratio
579 613 93 45 tota

159 653 153 61 absque
266 653 153 61 parte.
373 653 169 61 tametsi
496 653 107 61 non
542 653 123 61 contin

162 709 97 45 git
218 709 153 45 musicum
329 709 125 45 esse,
413 709 84 45 si
454 709 97 45 non
510 709 97 45 sit
552 709 125 45 aliquis

160 743 172 51 musicus.
289 743 115 51 Item
360 743 157 51 priores
475 743 172 51 dicuntur
589 743 86 51 pas-

153 789 159 48 siones
264 789 191 48 priorum,
407 789 95 48 vt
455 789 206 48 rectitudo
598 789 79 48 lae

160 829 157 45 uitate.
274 829 114 45 ista
345 829 114 45 enim
417 829 143 45 lineae
517 829 100 45 per
574 829 86 45 se
603 829 71 45 pa-

152 869 115 55 sio,
224 869 115 55 haec
296 869 115 55 uero
368 869 230 55 superficiei.
540 869 130 55 quaedam

160 915 148 44 igitur
264 915 104 44 ita
323 915 148 44 priora
427 915 89 44 et
471 915 208 44 posteriora
620 915 59 44 di

158 964 148 47 cuntur.
265 964 148 47 Quaedam
373 964 108 47 uero
441 964 162 47 secundum
549 964 121 47 naturam

152 1004 70 43 &
180 1004 225 43 substantiam,
363 1004 197 43 quaecumque
503 1004 169 43 contingunt

162 1047 127 50 absque
251 1047 114 50 aliis
327 1047 114 50 esse,
403 1047 102 50 ista
467 1047 102 50 uero
530 1047 102 50 sine
581 1047 89 50 illis

157 1083 185 39 minime:
292 1083 118 39 qua
359 1083 218 39 diuisione
527 1083 134 39 usus
594 1083 84 39 est

154 1124 162 46 Plato.
267 1124 113 46 Cum
332 1124 145 46 autem
429 1124 145 46 ipsum
526 1124 129 46 esse
590 1124 81 46 mul

154 1167 190 43 tipliciter
304 1167 163 43 dicatur,
426 1167 122 43 primo
507 1167 136 43 quidem
588 1167 95 43 subie

155 1208 121 57 ctum
231 1208 106 57 est
291 1208 152 57 prius,
398 1208 167 57 propter
519 1208 121 57 quod
580 1208 91 57 sub-

164 1249 156 40 stantia
277 1249 142 40 prior.
377 1249 142 40 Deinde
476 1249 142 40 aliter
576 1249 128 40 quae¬

160 1293 146 45 secundum
270 1293 171 45 potentiam,
404 1293 61 45 &
428 1293 98 45 quae
489 1293 146 45 secundum
587 1293 85 45 actum

159 1338 149 40 quaedam
268 1338 109 40 enim
336 1338 163 40 secundum
458 1338 176 40 potentiam
580 1338 95 40 prio-

161 1378 83 40 ra
203 1378 124 40 sunt,
285 1378 152 40 quaedam
395 1378 110 40 uero
464 1378 165 40 secundum
575 1378 96 40 actum

159 1419 132 39 ueluti
251 1419 158 39 secundum
369 1419 171 39 potentiam
501 1419 132 39 quidem
580 1419 92 39 dimi-

157 1461 94 54 dia
210 1461 107 54 quam
277 1461 121 54 tota,
358 1461 67 54 &
384 1461 174 54 particula
518 1461 107 54 quam
572 1461 107 54 totum,

156 1500 62 59 &
180 1500 137 59 materia
280 1500 100 59 quam
343 1500 187 59 substantia.
493 1500 150 59 secundum
593 1500 87 59 actum

157 1542 126 44 uero
236 1542 221 44 posterior,
409 1542 205 44 dissoluto
551 1542 126 44 etenim

162 1588 156 55 secundum
279 1588 117 55 actum
357 1588 117 55 erit.
436 1588 130 55 Quodam
527 1588 104 55 modo
579 1588 104 55 igitur

156 1629 132 45 omnia,
248 1629 185 45 quaecumque
393 1629 119 45 prius
472 1629 66 45 &
498 1629 171 45 posterius
617 1629 66 45 di-

154 1673 122 55 cunt,
236 1673 163 55 secundum
358 1673 109 55 haec
427 1673 177 55 dicuntur.
563 1673 150 55 Quaedam

160 1719 112 51 enim
230 1719 168 51 secundum
356 1719 224 51 generationem
525 1719 154 51 contingit

162 1758 136 44 absque
258 1758 123 44 aliis
340 1758 123 44 esse,
422 1758 82 44 ut
463 1758 123 44 totum
531 1758 150 44 partibus,

166 1805 159 48 quaedam
281 1805 116 48 uero
354 1805 174 48 secundum
469 1805 203 48 corruptionem

167 1845 76 53 ut
205 1845 101 53 pars
268 1845 113 53 toto.
344 1845 164 53 similiter
470 1845 113 53 etiam
533 1845 126 53 caetera.

736 141 196 74 Dicuntur
883 141 180 74 quaedam
1014 141 147 74 ante,
1112 141 82 74 &
1145 141 147 74 post.

688 208 189 51 tanquam
825 208 155 51 primu
929 208 120 51 ens
997 208 86 51 &
1015 208 206 51 principium

686 245 81 62 in
727 245 190 62 vnoquoque,
877 245 149 62 genere,
985 245 81 62 et
1026 245 109 62 quod
1094 245 95 62 est
1135 245 81 62 pro-

696 293 131 56 xcimu
783 293 145 56 alicui
884 293 189 56 principio
1015 293 189 56 terminmato,

686 340 109 62 aut
749 340 124 62 modo
826 340 202 62 simplici,
982 340 109 62 aut
1044 340 140 62 natur
1122 340 93 62 ali-

694 388 118 50 ter,
768 388 103 50 aut
827 388 118 50 modo
900 388 221 50 relationis,
1077 388 103 50 aut
1121 388 88 50 vbi,

699 436 100 65 aut
756 436 157 65 quando,
870 436 100 65 aut
928 436 115 65 quia
999 436 129 65 sunt,
1085 436 129 65 sicut
1157 436 57 65 di

688 485 128 61 cimus
773 485 128 61 illa,
859 485 114 61 quae
930 485 171 61 dicuntur
1058 485 114 61 ante
1115 485 100 61 secu-

696 532 104 63 dum
755 532 133 63 locu,
844 532 104 63 qui
904 532 104 63 est
963 532 178 63 proximus
1082 532 133 63 alicus,

687 581 125 64 loco
765 581 218 64 terminmato
937 581 140 64 verbi
1030 581 156 64 gratia
1124 581 93 64 loco

691 629 159 45 medio,
803 629 112 45 aut
866 629 175 45 vltimo,
994 629 112 45 aut
1042 629 175 45 naturali-

694 676 139 47 liter,
792 676 97 47 aut
847 676 125 47 casu.
931 676 84 47 Et
972 676 153 47 remotum
1084 676 153 47 dicitur

692 725 141 61 post.
786 725 94 61 Et
833 725 125 61 etia
911 725 172 61 dicitur
1036 725 125 61 ante
1099 725 156 61 secundum

693 778 156 56 tempus,
806 778 99 56 aut
863 778 85 56 in
905 778 213 56 praeterito,
1075 778 71 56 &
1104 778 99 56 est
1146 778 71 56 il-

694 821 116 68 lud,
767 821 116 68 quod
840 821 102 68 est
898 821 174 68 remotius
1028 821 87 68 ab
1057 821 160 68 instanti-

687 869 136 62 sicut
778 869 136 62 bella
868 869 212 62 Trotanorum
1035 869 151 62 fuerut
1125 869 91 62 ante

693 917 138 65 bella
785 917 184 65 Medorum.
923 917 77 65 &
954 917 92 65 in
1000 917 169 65 futuro,
1123 917 77 65 &
1138 917 77 65 est

697 968 137 59 illud,
793 968 110 59 quod
862 968 96 59 est
917 968 178 59 praesenti
1041 968 178 59 propinquius

693 1014 121 60 alio
768 1014 136 60 modo.
859 1014 136 60 sicut
949 1014 166 60 dicimus
1070 1014 121 60 quod
1130 1014 91 60 fuit

696 1067 149 59 clitus
800 1067 119 59 ante
874 1067 178 59 Hirinum,
1008 1067 119 59 quia
1082 1067 104 59 est
1127 1067 89 59 pro-

690 1115 176 56 pinquior
822 1115 206 56 praesenti.
984 1115 73 56 &
1013 1115 191 56 praesenti
1146 1115 73 56 vti

685 1165 106 62 tur
745 1165 121 62 hoc,
821 1165 151 62 tanqua
926 1165 151 62 primo,
1032 1165 75 62 &
1047 1165 166 62 posterio,

686 1210 82 61 re
727 1210 192 61 principio.
878 1210 82 61 Et
919 1210 151 61 dicitur
1029 1210 110 61 ante
1084 1210 137 61 secundum

696 1260 122 63 motum
778 1260 136 63 illud,
873 1260 109 63 quod
941 1260 95 63 est
995 1260 204 63 propinquius
1158 1260 81 63 ac

686 1308 170 63 motorem.
813 1308 128 63 sicut
898 1308 128 63 puer.
983 1308 99 63 qui
1040 1308 71 63 e
1068 1308 113 63 ante
1125 1308 85 63 viri

690 1364 192 55 secundus
834 1364 160 55 motum.
946 1364 80 55 &
977 1364 128 55 ista
1041 1364 176 55 principia

685 1404 118 54 sunt
759 1404 118 54 modo
832 1404 191 54 simplici.
980 1404 88 54 Et
1024 1404 162 54 dicitur
1127 1404 88 54 ante

699 1453 154 62 secundum
815 1453 180 62 potentiam,
957 1453 90 62 vel
1008 1453 167 62 virtutem.
1124 1453 90 62 sicut

694 1500 186 46 dominus
830 1500 135 46 ante
914 1500 220 46 dominatu.
1067 1500 152 46 dominus

696 1548 127 63 enim,
780 1548 112 63 quia
851 1548 98 63 est
907 1548 183 63 superior,
1047 1548 84 63 in
1075 1548 141 63 potentia

695 1597 160 61 dicitur
812 1597 131 61 ante.
899 1597 73 61 &
929 1597 102 61 est
987 1597 146 61 illud,
1089 1597 117 61 quod
1147 1597 73 61 est

699 1653 172 54 fortius,
828 1653 158 54 dicitur
942 1653 129 54 ante.
1029 1653 72 54 &
1057 1653 115 54 tale
1115 1653 100 54 illud

701 1696 108 66 est,
769 1696 108 66 quod
837 1696 122 66 coget
918 1696 149 66 alterum
1026 1696 122 66 sequi
1107 1696 108 66 suam
1161 1696 54 66 vo

704 1748 171 56 luntatem,
835 1748 92 56 ita
888 1748 118 56 quod,
967 1748 79 56 si
1006 1748 132 56 illud,
1099 1748 105 56 quod
1151 1748 66 56 est

699 1797 130 46 ante,
785 1797 101 46 non
843 1797 173 46 mouetur,
973 1797 101 46 non
1030 1797 188 46 mouebitur
1160 1797 58 46 il

703 1844 114 54 lud,
774 1844 114 54 quod
845 1844 100 54 est
902 1844 128 54 post,
987 1844 71 54 &
1016 1844 85 54 si
1044 1844 171 54 mouebitur,
