1475 2066
156 141 122 53 quod
232 141 152 53 verum,
338 141 106 53 sed
399 141 137 53 verum
490 141 106 53 est
551 141 137 53 semp.
627 141 61 53 D.

162 183 70 56 d.
197 183 129 56 symeter
291 183 117 56 igitur
373 183 82 56 non
420 183 82 56 est
467 183 117 56 tantum
549 183 129 56 falsum,
630 183 59 56 &c.

164 229 81 38 i.
204 229 135 38 dicere
298 229 108 38 enim
366 229 175 38 diametrum
500 229 108 38 esse
554 229 135 38 symetrum

170 260 90 47 non
221 260 90 47 est
273 260 128 47 tantum
362 260 141 47 falsum,
465 260 90 47 sed
516 260 128 47 falsum
593 260 90 47 necer

172 303 133 43 sarium,
269 303 85 43 non
317 303 169 43 possibile.
450 303 85 43 Et,
498 303 85 43 cum
534 303 145 43 declarauit

171 341 100 45 quod
234 341 125 45 falsum
322 341 75 45 in
359 341 113 45 istis
434 341 88 45 est
484 341 125 45 falsum
559 341 113 45 necessa

165 388 111 46 rium,
238 388 61 46 &
263 388 123 46 verum,
349 388 111 46 verum
423 388 197 46 necessarium,
570 388 123 46 incoepit

172 427 199 44 notificare,
331 427 106 44 quod
397 427 172 44 econuerso
530 427 93 44 est
570 427 119 44 impoten

169 460 87 46 tia
218 460 112 46 vera,
293 460 62 46 &
318 460 75 46 d.
356 460 75 46 Et
393 460 175 46 contrarium
530 460 100 46 huic
593 460 87 46 est
630 460 50 46 po

169 501 115 37 tens,
246 501 90 37 &c.
297 501 77 37 i.
336 501 64 37 &
361 501 128 37 dicere
451 501 128 37 potens
540 501 77 37 in
579 501 90 37 rei
617 501 64 37 ve-

167 548 136 31 ritate,
265 548 62 31 &
290 548 86 31 est
339 548 123 31 illud,
426 548 99 31 quod
488 548 86 31 est
537 548 74 31 in
574 548 111 31 rebus
636 548 49 31 na

171 578 182 48 turalibus
311 578 154 48 potens,
423 578 70 48 &
451 578 140 48 dicere
549 578 126 48 posse
619 578 70 48 est

165 617 186 41 econuerso
308 617 215 41 Geometriae.
480 617 100 41 cum
537 617 115 41 enim
594 617 86 41 dix-

161 660 133 50 rimus
250 660 89 50 in
294 660 133 50 rebus
383 660 192 50 aliquibus
516 660 163 50 possibili

170 696 95 43 bus
225 696 150 43 aliquid
334 696 109 43 esse
402 696 68 43 &
429 696 136 43 fuerit
524 696 136 43 verum,
605 696 82 43 tunc

158 734 127 44 suum
237 734 221 44 contrarium
411 734 127 44 erit
490 734 174 44 falsum,
601 734 79 44 non

170 773 114 45 semper,
253 773 73 45 sed
294 773 83 45 quod
346 773 104 45 potest
419 773 83 45 esse
471 773 104 45 verum.
544 773 83 45 D.d.
585 773 104 45 quoniam,

169 812 68 46 si
203 812 124 46 hominem
293 812 124 46 sedere,
383 812 79 46 &c.
428 812 68 46 i.
462 812 135 46 quoniam,
563 812 68 46 si
586 812 101 46 hominem

171 852 126 42 sedere
260 852 126 42 fuerit
348 852 164 42 potentia,
474 852 152 42 antequam
575 852 114 42 exisset

171 893 75 49 in
208 893 125 49 actum,
296 893 88 49 non
346 893 113 49 tamen
421 893 113 49 ipsum
496 893 125 49 sedere
583 893 88 49 est
621 893 63 49 ne-

174 933 178 37 cessarium,
314 933 89 37 sed
365 933 127 37 potest
454 933 203 37 transmutari.
607 933 76 37 D.d.

170 969 111 42 ergo
240 969 97 42 non
295 969 139 42 sedere
392 969 97 42 est
448 969 153 42 falsum.
559 969 83 42 i.
601 969 69 42 &
615 969 69 42 cum

166 1011 136 52 sedere
262 1011 95 52 non
316 1011 95 52 est
370 1011 218 52 necessarium,
547 1011 109 52 ergo
601 1011 82 52 dice

162 1047 89 43 re
207 1047 89 43 de
251 1047 162 43 sedente
369 1047 133 43 ipsum
458 1047 118 43 esse
531 1047 103 43 non
576 1047 103 43 seden

164 1088 101 50 tem,
228 1088 89 50 dum
278 1088 127 50 sedet,
367 1088 89 50 est
417 1088 139 50 falsum,
519 1088 89 50 sed
557 1088 127 50 possibil

173 1130 108 40 tamen
245 1130 84 40 est
293 1130 72 40 vt
330 1130 84 40 sit
378 1130 120 40 verum.
462 1130 96 40 D.d.
522 1130 145 40 Potentia
619 1130 60 40 igi

169 1165 80 58 tur
214 1165 148 58 signerat,
328 1165 80 58 &c.
373 1165 68 58 i.
408 1165 91 58 vera
464 1165 114 58 igitur
544 1165 137 58 potentia
635 1165 57 58 est

175 1205 94 54 illa,
237 1205 84 54 quae
290 1205 94 54 qande
353 1205 84 54 res,
405 1205 63 54 in
437 1205 94 54 quoma
500 1205 84 54 pot,
552 1205 105 54 fuerit
615 1205 63 54 post

174 1242 65 56 ta
207 1242 65 56 in
240 1242 87 56 actu
294 1242 109 56 quando
371 1242 120 56 potest,
458 1242 87 56 erit
512 1242 120 56 falsum,
600 1242 76 56 sed
632 1242 55 56 non

173 1284 109 39 falsum
249 1284 174 39 necessarium,
391 1284 76 39 sed
434 1284 109 39 falsum
510 1284 163 39 possibilec,
630 1284 54 39 ice

172 1324 92 45 quod
230 1324 150 45 possibile
345 1324 81 45 est
391 1324 69 45 in
426 1324 104 45 verum
495 1324 138 45 reuerti.
599 1324 92 45 D.d.
656 1324 58 45 &

171 1363 112 53 alio
241 1363 112 53 modo
312 1363 169 53 signeat,
438 1363 98 53 &c.
494 1363 84 53 i.
536 1363 70 53 &
565 1363 127 53 verum
649 1363 70 53 &

171 1404 141 40 falsum,
274 1404 102 40 quae
338 1404 192 40 inueniuntur
491 1404 77 40 in
517 1404 166 40 impossibili

163 1442 110 52 sunt
232 1442 110 52 alio
301 1442 110 52 modo
369 1442 82 52 ab
410 1442 110 52 eis,
479 1442 110 52 quae
534 1442 151 52 inueniunt

175 1480 74 54 in
212 1480 185 54 necessario.
359 1480 62 54 &
384 1480 148 54 potentia
495 1480 86 54 non
544 1480 135 54 dicitur
630 1480 62 54 ve-

171 1518 85 44 re
213 1518 113 44 nisi
284 1518 85 44 in
327 1518 241 44 possibilibus.
525 1518 85 44 in
553 1518 142 44 Geometri

169 1559 74 43 cis
212 1559 95 43 autem
275 1559 116 43 dicitur
359 1559 137 43 aequiuoce
465 1559 127 43 secundum
549 1559 137 43 transumptio

175 1604 91 47 nem.
232 1604 91 47 D.d.
288 1604 91 47 Ista
345 1604 125 47 igitur.
437 1604 68 47 i.
471 1604 91 47 ista
528 1604 114 47 autem,
607 1604 102 47 quae

175 1645 168 38 dicuntur
301 1645 168 38 potentia
427 1645 84 38 in
470 1645 196 38 Geometria,
610 1645 70 38 non

170 1677 97 45 vere
230 1677 157 45 dicuntur:
351 1677 85 45 sed
400 1677 206 45 transumptiue.
569 1677 97 45 illa
618 1677 60 45 au-

172 1724 123 34 tem,
248 1724 92 34 de
294 1724 153 34 quibus
402 1724 169 34 dicitur
525 1724 107 34 hoc
571 1724 107 34 nomen

177 1757 141 48 potentia,
286 1757 65 48 in
318 1757 76 48 rei
362 1757 141 48 veritate,
471 1757 130 48 scilicet
568 1757 76 48 res
601 1757 76 48 mobi-

172 1797 120 37 les,
247 1797 134 37 omnia
336 1797 179 37 dicuntur
471 1797 179 37 secundum
590 1797 90 37 simi

165 1837 192 53 litudinem
313 1837 89 53 ad
357 1837 148 53 illud,
461 1837 89 53 de
505 1837 103 53 quo
549 1837 133 53 dicitur

707 144 114 56 hoc
772 144 276 56 nomenpotentia
999 144 98 56 in
1048 144 114 56 hoc
1097 144 130 56 genere

705 189 266 44 principaliter:
927 189 74 44 &
956 189 103 44 est
1015 189 207 44 principium
1163 189 59 44 in

707 234 105 49 re,
767 234 105 49 per
827 234 120 49 quod
902 234 165 49 innatum
1023 234 105 49 est
1083 234 135 49 agere
1158 234 60 49 in

707 264 111 42 aliud,
785 264 78 42 aut
829 264 89 42 pati
884 264 78 42 sub
929 264 89 42 alio
984 264 133 42 secundum
1084 264 89 42 quod
1139 264 111 42 aliud.

713 305 88 50 D.d.
768 305 88 50 Alia
823 305 88 50 enim
878 305 132 50 dicuntur
978 305 143 50 potentia,
1088 305 77 50 &c.
1132 305 66 50 i.
1154 305 77 50 poten

705 344 93 53 tia
758 344 133 53 autem,
851 344 107 53 quae
918 344 147 53 dicitur
1025 344 80 53 de
1065 344 133 53 rebus,
1145 344 80 53 quae

709 383 100 44 sunt
772 383 138 44 generis
872 383 163 44 passionis
998 383 75 44 ab
1035 383 113 44 illo,
1098 383 125 44 dicitur,

711 422 106 44 quia
777 422 93 44 hoc
830 422 146 44 accidit
936 422 106 44 eis,
1002 422 106 44 quia
1068 422 79 44 in
1108 422 93 44 eis
1148 422 79 44 exi-

707 463 98 51 stit
768 463 159 51 potentia,
891 463 110 51 sicut
964 463 147 51 potentia
1075 463 98 51 vera
1124 463 98 51 agens.

708 501 75 45 &
738 501 166 45 dicitur
859 501 105 45 hoc
919 501 136 45 nomen
1009 501 211 45 impotentia
1160 501 60 45 de

705 542 138 51 rebus,
802 542 110 51 quae
870 542 110 51 sunt
939 542 151 51 velocis
1049 542 179 51 passionis
1173 542 55 51 ab

704 580 133 38 aliis,
797 580 106 38 quae
863 580 133 38 carent
956 580 159 38 potentia
1075 580 119 38 vera.
1155 580 66 38 &
1168 580 53 38 di

699 620 135 38 citur
789 620 180 38 potentia
924 620 195 38 naturalis
1058 620 165 38 quandoque

704 662 92 37 de
750 662 108 37 eo,
811 662 123 37 quod
888 662 139 37 habet
981 662 139 37 veram
1058 662 169 37 potentiam

707 701 167 47 agentem,
832 701 167 47 secundum
957 701 111 47 quod
1027 701 167 47 oportet,
1138 701 83 47 sci-

709 738 122 38 licet
791 738 81 38 in
832 738 109 38 fine
899 738 190 38 bonitatis.
1049 738 81 38 Et
1089 738 95 38 hoc
1130 738 95 38 inten

701 777 139 45 debat
793 777 108 45 cum
855 777 92 45 d.
901 777 169 45 quaedam
1024 777 154 45 habent
1116 777 108 45 istan

698 821 201 39 potentiam,
855 821 172 39 secundum
984 821 115 39 quod
1056 821 172 39 oportet.
1185 821 72 39 &

708 860 93 45 per
761 860 119 45 totum
840 860 93 45 hoc
893 860 186 45 intendebat
1039 860 106 45 quod
1106 860 106 45 haec
1159 860 66 45 no-

708 893 121 45 mina
783 893 181 45 potentia
920 893 76 45 &
950 893 227 45 impotentia,
1116 893 106 45 quae-

705 934 112 50 sunt
775 934 139 50 genera
872 934 209 50 qualitatis,
1040 934 167 50 dicuntur
1151 934 70 50 his

708 972 125 39 modis
791 972 152 39 propter
902 972 111 39 hoc,
972 972 111 39 quod
1041 972 139 39 habent
1138 972 83 39 in
1166 972 55 39 se

702 1013 159 37 aliquid
817 1013 87 37 ex
860 1013 101 37 eo,
918 1013 87 37 de
961 1013 101 37 quo
1019 1013 159 37 dicitur
1120 1013 101 37 nomen

709 1045 77 53 in
748 1045 89 53 rei
799 1045 166 53 veritate,
926 1045 153 53 scilicet
1041 1045 77 53 de
1067 1045 153 53 potentiias

696 1091 203 47 agentibus
852 1091 94 47 in
899 1091 156 47 aliud,
1009 1091 187 47 secundum
1133 1091 94 47 quod

709 1128 90 42 est
761 1128 129 42 aliud,
851 1128 64 42 &
876 1128 193 42 patientibus
1031 1128 77 42 ex
1070 1128 116 42 alio,
1134 1128 90 42 secun

706 1173 98 37 dum
762 1173 112 37 quod
832 1173 98 37 est
888 1173 140 37 aliud.
987 1173 140 37 Deinde
1085 1173 140 37 dicit:
1169 1173 56 37 De

709 1206 136 44 finitio
808 1206 136 44 igitur,
907 1206 99 44 quae
969 1206 99 44 est,
1031 1206 87 44 &c.
1081 1206 74 44 i.
1105 1206 112 44 defini-

706 1246 99 44 tio
762 1246 127 44 vera,
847 1246 113 44 quae
918 1246 99 44 est
975 1246 141 44 primae
1059 1246 170 44 potentiae-

708 1284 142 51 prior
803 1284 174 51 omnibus
929 1284 284 51 definitionibus
1150 1284 63 51 eo

710 1325 124 38 rum,
787 1325 93 38 de
834 1325 155 38 quibus
942 1325 171 38 dicitur
1066 1325 109 38 hoc
1113 1325 109 38 nomen

707 1365 162 50 potentia,
831 1365 87 50 est
881 1365 174 50 definitio,
1018 1365 124 50 dicens
1105 1365 100 50 quod
1167 1365 87 50 est

710 1405 206 48 principium
872 1405 280 48 transmutationis
1108 1405 88 48 in
1138 1405 88 48 alte

706 1440 87 51 rum,
761 1440 131 51 secundum
859 1440 87 51 quod
913 1440 76 51 est
946 1440 98 51 alterum

786 1516 109 46 De
840 1516 200 46 Quanto.
986 1516 145 46 Cap.
1058 1516 73 46 22

828 1565 145 54 Vantum
929 1565 159 54 dicitur
1044 1565 116 54 quod
1117 1565 101 54 est
1160 1565 58 54 in

829 1613 74 53 ea
866 1613 99 53 quae
928 1613 124 53 insunt
1015 1613 186 53 diuisibile,
1151 1613 62 53 qui

875 1656 109 50 rum
938 1656 202 50 vtrunque,
1093 1656 109 50 aut
1140 1656 78 50 sin

698 1677 160 70 culum
805 1677 142 70 vnum
894 1677 160 70 quid,
1001 1677 89 70 &
1036 1677 142 70 quid
1107 1677 107 70 quid

697 1748 142 45 aptum
792 1748 110 45 est
855 1748 142 45 esse.
949 1748 205 45 Multitudo
1091 1748 126 45 igitur

706 1786 166 47 quantum
827 1786 136 47 quid,
917 1786 91 47 si
962 1786 226 47 numerabilis
1128 1786 91 47 est:

694 1829 213 53 magnitudo
857 1829 147 53 vero,
955 1829 98 53 si
988 1829 229 53 mesurabilis.
