1475 2066
214 149 139 51 dentia
311 149 222 51 quantitatis.
492 149 83 51 &,
534 149 97 51 cum
575 149 167 51 respiciunt

237 197 98 42 vnum
298 197 74 42 in
335 197 147 42 respectu
445 197 160 42 alterius,
568 197 110 42 vndtu
630 197 110 42 colloca

230 228 71 50 ri
266 228 71 50 in
301 228 118 50 capsio
383 228 177 50 relationis.
525 228 130 50 relatio
619 228 94 50 enim
666 228 83 50 acci-

228 269 86 37 dit
277 269 172 37 quantitati
412 269 61 37 &
437 269 148 37 caeteris
535 269 209 37 praedicamentis,

233 308 72 47 Dd.
274 308 72 47 per
315 308 62 47 se
346 308 93 47 autem
408 308 72 47 &c.
449 308 62 47 i.
480 308 144 47 quantitas,
593 308 82 47 quae
644 308 72 47 est
675 308 62 47 quam

229 348 99 53 titas
295 348 77 53 per
339 348 77 53 se,
383 348 121 53 dicitur
471 348 66 53 de
504 348 143 53 continua,
614 348 55 53 &
636 348 66 53 de
658 348 88 53 aliis.

231 389 54 38 &
253 389 129 38 intendit
349 389 64 38 vt
381 389 86 38 mihi
435 389 150 38 vniversale
553 389 86 38 ens.
607 389 64 38 Et
639 389 107 38 potest
703 389 43 38 in

223 429 149 45 telligi
332 429 81 45 de
373 429 122 45 aliis
454 429 217 45 accidentibus
617 429 122 45 quanti-

225 465 131 50 tatis.
316 465 78 50 v.
356 465 78 50 g.
395 465 157 50 aequale,
513 465 65 50 &
539 465 105 50 alia
604 465 105 50 D.d.
657 465 78 50 Quan

230 504 105 50 titates
307 504 96 50 autem,
374 504 77 50 quae
422 504 115 50 dicuntur
508 504 67 50 per
546 504 125 50 accidens,
642 504 67 50 &c.
681 504 57 50 i.
700 504 38 50 il

233 542 59 44 la
263 542 98 44 autem,
331 542 78 44 quae
380 542 118 44 dicuntur
468 542 186 44 accidentaliter,
625 542 69 44 non
655 542 88 44 dicuntu

224 581 198 55 quantitates,
385 581 99 55 nisi
447 581 124 55 illud,
533 581 74 55 in
571 581 87 55 quo
620 581 112 55 sunt,
682 581 62 55 sit

230 621 159 55 quantitas
352 621 86 55 per
401 621 86 55 se.
451 621 98 55 D.d.
512 621 74 55 Et
549 621 135 55 quaedam
635 621 110 55 dicuntu

232 661 122 45 sicut
314 661 136 45 motus,
409 661 95 45 &c.
463 661 81 45 i.
504 661 68 45 &
531 661 204 45 quantitatum
680 661 68 45 est

228 700 125 48 motus
311 700 69 48 &
339 700 153 48 tempus.
450 700 111 48 ista
520 700 125 48 autem
603 700 111 48 sunt
659 700 83 48 quam

232 741 135 50 titates
330 741 86 50 per
379 741 86 50 se.
428 741 61 50 &
453 741 172 50 continuae.
588 741 74 50 D.
625 741 111 50 dedit
687 741 61 50 cau

234 780 95 49 sam,
294 780 60 49 &
317 780 71 49 d.
353 780 95 49 illa
413 780 95 49 enim
472 780 119 49 quorum
555 780 107 49 istae
627 780 95 49 sunt
674 780 60 49 pal

230 820 135 46 siones,
328 820 147 46 diuidun,
438 820 86 46 &c.
488 820 74 46 i.
524 820 61 46 &
549 820 98 46 ista
610 820 98 46 sunt
659 820 74 46 quam

228 861 156 50 titates,
345 861 104 50 quia
410 861 104 50 sunt
475 861 182 50 accidentia
604 861 143 50 consequem

230 901 84 50 tia
278 901 203 50 essentialiter
445 901 107 50 illa,
516 901 95 50 quae
576 901 95 50 sunt
624 901 119 50 quantita

233 937 85 53 tes
282 937 85 53 per
330 937 98 53 suam
391 937 195 53 substantiam.
550 937 146 53 scilicet
648 937 85 53 magni

233 983 157 35 tudinem,
350 983 104 35 quae
416 983 170 35 diuiditur
533 983 209 35 essentialiter.

227 1020 84 38 &
261 1020 151 38 primo
361 1020 151 38 motus
462 1020 134 38 enim
529 1020 218 38 consequitur

223 1053 250 54 magnitudinem,
429 1053 73 54 &
458 1053 191 54 diuiditur
605 1053 103 54 per
649 1053 88 54 suan

230 1092 215 54 diuisionem:
402 1092 72 54 &
430 1092 143 54 tempus
531 1092 215 54 consequitur
689 1092 57 54 mo

227 1133 100 53 tum
284 1133 114 53 Ista
355 1133 143 53 igitur
455 1133 114 53 sunt
526 1133 86 53 de
555 1133 185 53 passionibus

227 1174 165 44 quanti,
347 1174 105 44 non
407 1174 90 44 de
452 1174 210 44 substantia
603 1174 120 44 quanti

228 1213 116 37 D.d.
301 1213 73 37 &
330 1213 116 37 dico
403 1213 102 37 non
461 1213 145 37 motum,
562 1213 102 37 &c.
620 1213 87 37 i.
664 1213 73 37 &
678 1213 73 37 di-

225 1258 86 46 co,
274 1258 98 46 quod
335 1258 110 46 motus
408 1258 98 46 sunt
469 1258 159 46 passiones
579 1258 159 46 quantitatis

235 1290 79 40 non
280 1290 124 40 propter
370 1290 113 40 motum,
449 1290 79 40 sed
494 1290 124 40 propter
584 1290 113 40 illud,
663 1290 68 40 in
686 1290 56 40 quo

225 1329 79 54 est
270 1329 102 54 motus
338 1329 136 54 scilicet
440 1329 193 54 magnitudinem,
599 1329 79 54 per
644 1329 91 54 quam
689 1329 57 54 est

225 1369 122 50 motus.
310 1369 98 50 D.d.
371 1369 134 50 quoniam
469 1369 98 50 quia
530 1369 110 50 illud
604 1369 86 50 est
640 1369 98 50 qtitas

230 1412 71 47 &c.
271 1412 61 47 i.
301 1412 112 47 quoniam
383 1412 102 47 illud,
454 1412 71 47 per
495 1412 81 47 quod
545 1412 71 47 est
586 1412 102 47 motus,
657 1412 61 47 et
678 1412 71 47 quati

230 1451 98 51 tas,
291 1451 110 51 motus
365 1451 110 51 etiam
438 1451 98 51 erit
500 1451 147 51 qutitas.
610 1451 61 51 &
635 1451 98 51 quia
684 1451 61 51 mo-

230 1486 73 53 tus
271 1486 73 53 est
313 1486 145 53 quantitas,
427 1486 104 53 tempus
500 1486 104 53 estiam
572 1486 83 53 erit
624 1486 145 53 quantitas:

224 1533 207 37 consequitur
390 1533 110 37 enim
459 1533 124 37 motus
541 1533 165 37 spacium,
665 1533 69 37 &
679 1533 69 37 tem

228 1567 96 49 pus
283 1567 207 49 consequitur
449 1567 138 49 motum.
545 1567 83 49 Et
586 1567 138 49 posuit
669 1567 69 49 hic

233 1605 98 38 motum
298 1605 65 38 de
331 1605 141 38 speciebus
440 1605 174 38 quantitatis,
581 1605 87 38 quod
635 1605 76 38 non
668 1605 76 38 fecit

228 1645 81 38 in
269 1645 122 38 libro
351 1645 285 38 Praedicamentorum:
595 1645 68 38 &
622 1645 122 38 illic
690 1645 54 38 lo

231 1692 107 31 cum,
298 1692 107 31 quid
364 1692 94 31 non
418 1692 120 31 fecit
498 1692 107 31 hic.
565 1692 80 31 Et
605 1692 120 31 forte
672 1692 67 31 dim

225 1724 94 52 sit
278 1724 94 52 hic
332 1724 134 52 locum,
426 1724 108 52 quia
494 1724 108 52 apud
561 1724 121 52 ipsum
641 1724 94 52 est
682 1724 67 52 de-

228 1763 198 45 passionibus
386 1763 211 45 quantitatis:
558 1763 66 45 &
584 1763 106 45 ideo
651 1763 92 45 non
690 1763 53 45 po

230 1804 100 36 suit
292 1804 113 36 ipsum
367 1804 75 36 in
405 1804 100 36 eis,
467 1804 100 36 quae
530 1804 100 36 sunt
592 1804 138 36 quantum
680 1804 63 36 per

229 1838 109 44 suam
297 1838 218 44 substantiam.
475 1838 123 44 Motus
556 1838 123 44 autem
638 1838 95 44 non
679 1838 68 44 est

756 148 218 46 consuetudo
928 148 93 46 vt
974 148 218 46 mensuretur
1145 148 109 46 per
1192 148 109 46 suamb

762 190 131 52 partem,
857 190 83 52 sed
905 190 83 52 per
952 190 95 52 suum
1012 190 143 52 spacium,
1119 190 83 52 aut
1166 190 83 52 per
1202 190 71 52 tem-

767 237 101 40 pus:
830 237 63 40 &
856 237 101 40 ideo
919 237 88 40 non
969 237 151 40 nomnauit
1083 237 114 40 illum
1158 237 76 40 in
1184 237 88 40 prae-

759 276 184 47 dicamento
900 276 198 47 quatitatis
1056 276 85 47 in
1084 276 184 47 praedicamen

762 316 112 30 tis.
832 316 70 30 &
860 316 125 30 illic
943 316 125 30 solum
1027 316 112 30 modo
1097 316 167 30 intendit
1208 316 56 30 nu

764 344 130 42 merare
855 344 143 42 species
959 344 143 42 famosas
1049 344 182 42 quantitatis,

874 397 113 46 De
931 397 188 46 Quali.
1062 397 150 46 Cap.
1137 397 56 46 2

881 444 92 46 Vale
938 444 126 46 dicitur
1029 444 80 46 vno
1075 444 92 46 modo
1121 444 149 46 differentia

875 485 252 53 substantiae.
1080 485 95 53 vt
1127 485 126 53 puta
1190 485 79 53 qua

894 526 59 52 u
918 526 70 52 le
953 526 117 52 animal
1035 526 106 52 homo,
1106 526 129 52 quoniam
1188 526 82 52 bipes

767 570 134 56 quus
851 570 134 56 vero
935 570 252 56 quandrupes.
1137 570 84 56 &
1153 570 118 56 circu

783 610 72 52 us
819 610 121 52 qualis
903 610 133 52 quaedam
1000 610 133 52 sigura,
1096 610 133 52 quoniam
1181 610 96 52 absque

765 653 109 45 angulis
844 653 79 45 est,
894 653 109 45 tanquam
973 653 159 45 differentia,
1102 653 79 45 quae
1152 653 119 45 secundum
1231 653 50 45 sub

766 698 191 41 stantiam,
913 698 176 41 qualitas
1046 698 118 41 sit.
1119 698 103 41 vno
1163 698 118 41 itaque

760 742 105 47 modo
826 742 158 47 qualitas
944 742 145 47 dicitur
1049 742 197 47 substantiae
1194 742 79 47 difi

764 781 204 45 ferentia.
921 781 141 45 Alio,
1015 781 94 45 vt
1062 781 219 45 immobilia,
1234 781 78 45 &

763 821 251 51 mathematica,
967 821 157 51 veluti
1077 821 157 51 numeri
1171 821 94 51 quae

764 863 102 51 les
823 863 146 51 quidam
925 863 131 51 sunt.
1012 863 88 51 vt
1056 863 102 51 qui
1100 863 175 51 compositi:

755 909 84 50 &
789 909 118 50 non
856 909 168 50 solum,
974 909 118 50 qui
1041 909 101 50 ad
1091 909 134 50 vnum
1158 909 118 50 sunt,

762 933 114 63 sed
827 933 114 63 hi.
892 933 163 63 quorum
1006 933 195 63 imitatio
1136 933 147 63 superfi

757 992 119 51 cies
831 992 74 51 &
861 992 178 51 solidum.
994 992 89 51 hi
1039 992 133 51 autem
1128 992 133 51 sunt,
1202 992 74 51 qui

766 1037 177 46 quoties
895 1037 161 46 quanti
1008 1037 113 46 aut
1072 1037 177 46 quoties
1185 1037 97 46 quam

767 1082 80 41 ti
807 1082 160 41 quoties.
927 1082 67 41 &
954 1082 134 41 omnino
1047 1082 107 41 quod
1114 1082 80 41 in
1140 1082 134 41 substan-

758 1124 115 47 tia,
829 1124 158 47 praeter
944 1124 143 47 quatum
1045 1124 158 47 existit
1145 1124 129 47 substan

766 1164 91 51 tia
818 1164 130 51 namque
909 1164 156 51 cuiusque
1026 1164 91 51 est
1078 1164 104 51 quid
1143 1164 130 51 semel,
1221 1164 52 51 vt

757 1204 136 54 puta
842 1204 187 54 ipsorum
978 1204 136 54 sex,
1064 1204 119 54 non
1132 1204 119 54 qui
1183 1204 85 54 bis

762 1248 153 42 velter,
873 1248 97 42 sed
929 1248 97 42 qui
984 1248 139 42 semel.
1082 1248 97 42 sex
1137 1248 111 42 enim
1193 1248 83 42 seme

759 1290 95 56 sex
814 1290 122 56 sunt.
895 1290 108 56 Item
962 1290 189 56 quaecunque
1097 1290 176 56 substantia,

764 1341 115 29 rum,
835 1341 115 29 quae
907 1341 172 29 mouentur
1037 1341 201 29 passiones,
1195 1341 86 29 vt
1224 1341 57 29 ca

761 1373 168 58 liditas
883 1373 77 58 &
914 1373 230 58 frigiditas,
1097 1373 153 58 albedo
1204 1373 77 58 &
1220 1373 61 58 ni

761 1417 152 49 gredo,
867 1417 182 49 grauitas
1003 1417 76 49 &
1034 1417 182 49 leuitas,
1170 1417 76 49 &
1185 1417 91 49 quae

768 1461 109 37 cunque
844 1461 130 37 similia,
942 1461 130 37 secundum
1039 1461 87 37 quae
1094 1461 130 37 dicuntur
1180 1461 109 37 alterari

760 1501 159 54 corpora,
879 1501 120 54 ipsis
959 1501 159 54 mutatis.
1079 1501 120 54 Item,
1145 1501 133 54 secundum

755 1542 225 44 virtutem
924 1542 94 44 &
962 1542 244 44 malitiam,
1150 1542 94 44 &
1168 1542 113 44 omni

758 1585 105 49 no
810 1585 157 49 bonum
915 1585 87 49 &
949 1585 174 49 malum.
1072 1585 140 49 Fere
1141 1585 140 49 itaque

762 1629 161 45 secundum
882 1629 107 45 duos
949 1629 121 45 modos
1030 1629 107 45 dici
1097 1629 134 45 possit
1191 1629 121 45 ipsum

759 1670 193 44 quale,
894 1670 97 44 &
933 1670 174 44 horum
1049 1670 155 44 vnum
1126 1670 155 44 maxime

764 1720 224 42 proprium.
936 1720 155 42 prima
1040 1720 172 42 etenim
1143 1720 138 42 quali-

768 1757 100 38 tas
825 1757 214 38 substantiae
996 1757 214 38 differentia
1167 1757 114 38 est.
1224 1757 57 38 hu

756 1796 119 55 ius
824 1796 152 55 autem
925 1796 152 55 pars,
1027 1796 85 55 &
1061 1796 135 55 quae
1146 1796 102 55 in
1179 1796 102 55 nume

753 1837 105 45 ris
813 1837 179 45 qualitas
947 1837 120 45 est.
1022 1837 149 45 etenim
1112 1837 164 45 differen
