1475 2066
189 140 282 62 multiplicatur
422 140 249 62 multotiens,
621 140 83 62 &
638 140 83 62 est

209 189 134 61 sicut
299 189 119 61 quod
373 189 104 61 est
433 189 194 61 superius,
582 189 89 61 ad
612 189 104 61 illud

198 237 118 61 quod
272 237 103 61 est
331 237 132 61 magis
419 237 103 61 sup
478 237 147 61 erius.
581 237 88 61 Et
625 237 118 61 quod

197 284 105 62 dam
257 284 181 62 dicitur,
393 284 136 62 sicut
483 284 226 62 calefaciens
664 284 90 62 ac

203 333 237 45 calefactum,
393 333 79 45 &
424 333 221 45 abscindens
598 333 95 45 ad
629 333 79 45 abs

207 381 186 62 scissum,
346 381 77 62 &
377 381 124 62 omne
454 381 139 62 agens
547 381 93 62 ad
578 381 139 62 paties,

206 429 98 62 Et
255 429 195 62 quaedam,
401 429 147 62 sicut
499 429 228 62 mensuratum
662 429 65 62 ad

196 477 208 58 mensuram,
356 477 80 58 &
388 477 160 58 scitum
500 477 96 58 ad
532 477 192 58 scientiam,

194 524 90 55 &
230 524 216 55 sensatum
392 524 108 55 ad
446 524 198 55 sensum.
573 524 144 55 Primum

205 572 149 46 autem
304 572 248 46 relatiuorum
502 572 182 46 dicitur
617 572 99 46 mode

208 620 149 66 numeri,
317 620 95 66 aut
371 620 136 66 illud,
466 620 109 66 quod
534 620 95 66 est
588 620 109 66 modo
643 620 81 66 sim-

202 669 143 62 plici,
302 669 100 62 aut
359 669 229 62 terminmatur,
546 669 72 62 &
575 669 100 62 per
618 669 100 62 illuo

192 716 171 62 refertur
320 716 86 62 ad
363 716 129 62 illa,
449 716 100 62 aut
506 716 86 62 ad
549 716 129 62 unum.
620 716 100 62 sicut

196 765 169 62 duplum
315 765 102 62 ad
365 765 152 62 vnum,
467 765 135 62 quod
552 765 119 62 est
602 765 119 62 nume-

209 818 99 48 rus
265 818 226 48 terminmatus,
449 818 155 48 numerus
562 818 127 48 autem
632 818 85 48 mul-

200 861 158 62 tiplex
311 861 111 62 non
374 861 111 62 est
437 861 206 62 relatiuum
596 861 95 62 ad
627 861 95 62 vnum

202 906 236 64 terminmatum
391 906 141 64 sicut
485 906 157 64 istud.
595 906 79 64 &
611 906 110 64 istuo

204 963 210 55 terminmatu
369 963 90 55 ex
414 963 225 55 simplicibus
594 963 105 55 est
639 963 90 55 ante

202 1005 176 61 duplum.
330 1005 208 61 multiplex
490 1005 112 61 aut
538 1005 176 61 superpar-

204 1058 130 49 tiens
290 1058 101 49 non
348 1058 101 49 est
406 1058 216 49 terminmatu.
579 1058 115 49 totu
636 1058 87 49 enim

200 1108 89 54 &
236 1108 215 54 dimidium
397 1108 107 54 ad
451 1108 161 54 totum
540 1108 179 54 dimidim,

198 1149 87 61 &
232 1149 190 61 numerus
371 1149 104 61 ad
423 1149 190 61 numerum
561 1149 121 61 est
613 1149 104 61 ter-

198 1211 216 47 minatum.
360 1211 162 47 totum
468 1211 126 47 aut
540 1211 90 47 &
576 1211 144 47 pars
648 1211 72 47 ac

205 1245 186 61 diminutum
348 1245 86 61 in
391 1245 129 61 parte
477 1245 100 61 non
535 1245 100 61 est
578 1245 143 61 terminma

191 1293 116 53 tum,
264 1293 131 53 sicut
351 1293 189 53 multiplex
497 1293 87 53 ad
540 1293 131 53 vnum.
613 1293 102 53 supe-

206 1343 122 63 rius
282 1343 122 63 aute
358 1343 92 63 ad
404 1343 137 63 magis
496 1343 183 63 superius
633 1343 122 63 modo

209 1389 205 61 vniuersali
370 1389 102 61 non
429 1389 102 61 est
487 1389 219 61 terminmatum
648 1389 73 61 se-

198 1453 182 37 cundum
325 1453 219 37 numerum:
489 1453 200 37 numerus
617 1453 109 37 enim

206 1491 100 56 est
263 1491 186 56 aequalis.
406 1491 71 56 &
434 1491 114 56 ista
506 1491 171 56 dicuntur
620 1491 100 56 secun

199 1538 121 56 dum
268 1538 172 56 numeru
388 1538 121 56 non
457 1538 224 56 aequalem.
630 1538 86 56 &
647 1538 69 56 su

204 1589 142 69 perius
303 1589 85 69 ad
346 1589 128 69 magis
431 1589 185 69 superius,
574 1589 128 69 sicut
645 1589 71 69 il-

193 1633 102 65 tud
252 1633 88 65 ad
296 1633 131 65 illud
383 1633 102 65 non
442 1633 219 65 terminmatu,
617 1633 117 65 quia
675 1633 73 65 est

210 1684 111 62 vnu
273 1684 174 62 duorum,
400 1684 127 62 quod
479 1684 95 62 ex
527 1684 111 62 eis
574 1684 174 62 comprehen

203 1732 147 62 ditur,
306 1732 103 62 aut
365 1732 177 62 aequale,
498 1732 103 62 aut
557 1732 103 62 non
601 1732 147 62 aequale.

196 1780 146 67 omnia
293 1780 162 67 igitur
407 1780 130 67 ista
488 1780 195 67 rolatiua
618 1780 130 67 dicun-

189 1829 119 62 tur
257 1829 119 62 per
325 1829 186 62 numeru,
460 1829 85 62 &
494 1829 119 62 per
545 1829 203 62 accidentia

738 139 151 47 numeri
843 139 136 47 etia.
934 139 90 47 Et
979 139 166 47 dicitur
1099 139 136 47 etiam
1175 139 105 47 alio.

733 188 131 62 modo
815 188 197 62 aequale,
962 188 82 62 &
995 188 181 62 simile,
1127 188 82 62 &
1143 188 115 62 idem.

743 236 121 64 sunt
818 236 151 64 igitur
924 236 151 64 eadem.
1030 236 136 64 omnia
1120 236 121 64 enim
1180 236 91 64 ista

733 284 209 54 dicuntur
889 284 209 54 secundum
1045 284 139 54 vnum
1115 284 139 54 modum,

733 332 130 62 quia
814 332 228 62 conueniunt
993 332 98 62 in
1042 332 179 62 aliquo.
1172 332 130 62 Sunt

736 380 163 62 quaedam
855 380 148 62 igitur
958 380 148 62 eadem,
1062 380 118 62 quia
1136 380 163 62 substan

736 428 102 63 tia
795 428 131 63 eorum
882 428 102 63 est
940 428 116 63 vna.
1012 428 87 63 Et
1056 428 174 63 similia,
1172 428 87 63 quo-

734 477 101 65 rum
791 477 173 65 qualitas
921 477 101 65 est
979 477 116 65 vna.
1052 477 101 65 Et,
1095 477 159 65 aequalia,

737 525 160 63 quorum
849 525 208 63 quantitas
1009 525 112 63 est
1073 525 128 63 vna.
1153 525 96 63 Et
1185 525 80 63 vnu

737 573 114 61 est
802 573 229 61 principium
982 573 229 61 numerorum,
1161 573 82 61 &
1177 573 82 61 men

740 620 121 62 sura
815 620 151 62 eorum.
921 620 136 62 omnia
1012 620 151 62 igitur
1117 620 121 62 ista
1178 620 75 62 di-

731 669 151 46 cuntur
837 669 196 46 relatiua,
987 669 106 46 sed
1048 669 106 46 non
1108 669 136 46 eodem
1184 669 75 46 mo.

732 716 183 62 Actiua
860 716 164 62 autem
969 716 91 62 &
1006 716 201 62 passiua
1152 716 128 62 per
1207 716 73 62 po

734 765 181 53 tentiam
865 765 181 53 actiuam
996 765 82 53 &
1029 765 213 53 passiuam,
1193 765 99 53 et

734 812 184 62 actionem
872 812 245 62 potentiarum.
1071 812 138 62 sicut
1148 812 107 62 cale-

731 861 180 61 factiuum
866 861 90 61 ad
911 861 150 61 illud,
1017 861 120 61 quod
1077 861 180 61 calefacit,

739 917 113 63 quia
809 917 155 63 potest.
922 917 113 63 etia
993 917 212 63 calefaciens
1162 917 85 63 ad
1190 917 71 63 il-

740 956 117 59 lud,
814 956 117 59 quod
887 956 205 59 calefacit,
1048 956 73 59 &
1077 956 219 59 abscindens,

740 1004 89 62 ad
785 1004 148 62 illud,
888 1004 119 62 quod
963 1004 237 62 abscinditur.
1140 1004 119 62 Secun-

731 1053 120 46 dum
799 1053 120 46 aut
868 1053 154 46 modum
971 1053 171 46 numeri
1091 1053 120 46 non
1142 1053 120 46 habet

739 1100 181 62 actiones,
878 1100 111 62 nisi
947 1100 167 62 secundum
1073 1100 125 62 modum
1142 1100 125 62 dictum-

742 1148 78 63 in
781 1148 129 63 aliis.
871 1148 155 63 actiones
988 1148 116 63 enim,
1065 1148 103 63 quae
1130 1148 90 63 non
1181 1148 103 63 sunt

730 1197 111 61 per
794 1197 159 61 motum,
905 1197 111 61 non
968 1197 175 61 habent.
1095 1197 95 61 Et
1127 1197 127 61 dicun-

739 1245 95 65 tur
794 1245 162 65 velatiua
915 1245 122 65 illa,
996 1245 108 65 quae
1064 1245 108 65 sunt
1132 1245 81 65 se
1159 1245 108 65 cundum

737 1310 177 48 tempus.
866 1310 97 48 vt
914 1310 145 48 agens
1011 1310 97 48 ad
1059 1310 194 48 patiens:
1205 1310 81 48 &

738 1341 143 71 illud,
838 1341 115 71 quod
909 1341 129 71 aget,
995 1341 86 71 ad
1038 1341 129 71 illud
1124 1341 115 71 quod
1181 1341 72 71 pa-

736 1396 157 55 tietur.
850 1396 86 55 et
893 1396 100 55 sic
950 1396 157 55 dicitur
1064 1396 128 55 pater
1149 1396 100 55 est
1192 1396 71 55 pa-

741 1437 107 53 ter
802 1437 122 53 filu
878 1437 137 53 pater
970 1437 137 53 etia:
1061 1437 168 53 quoddam
1168 1437 92 53 enim

741 1493 106 61 est
801 1493 136 61 agens
892 1493 75 61 &
922 1493 151 61 paties
1028 1493 151 61 etiam.
1133 1493 91 61 Et
1163 1493 106 61 etiam

737 1539 162 63 quoddam
855 1539 162 63 dicitur
973 1539 88 63 de
1017 1539 103 63 eo,
1076 1539 118 63 quod
1149 1539 147 63 caret,

738 1588 186 63 potentia.
881 1588 129 63 sicut
967 1588 143 63 illud,
1067 1588 129 63 quod.
1153 1588 100 63 non
1196 1588 72 63 ha-

723 1633 105 65 bet
783 1633 210 65 potentiam.
948 1633 75 65 &
978 1633 150 65 omnia,
1082 1633 120 65 quae
1142 1633 120 65 dicun-

723 1678 106 61 tur
783 1678 181 61 similia,
919 1678 136 61 sicut
1010 1678 106 61 non
1055 1678 211 61 terminmatum.

722 1733 141 62 omnia
817 1733 157 62 igitur
926 1733 204 62 relatiua,
1084 1733 126 62 quae
1146 1733 126 62 dicun-

723 1781 108 61 tur
784 1781 93 61 mo
831 1781 155 61 numeri
939 1781 77 61 &
970 1781 201 61 potetiae,
1125 1781 124 61 sunt
1187 1781 77 61 ve-

723 1829 166 62 latiua,
844 1829 121 62 quia
919 1829 181 62 essentia
1055 1829 136 62 eorum
1131 1829 136 62 dicitur
