<?xml version="1.0" encoding="UTF-8"?>
<alto xmlns:xsi="http://www.w3.org/2001/XMLSchema-instance"
      xmlns="http://www.loc.gov/standards/alto/ns-v2#"
      xmlns:page="http://schema.primaresearch.org/PAGE/gts/pagecontent/2013-07-15"
      xsi:schemaLocation="http://www.loc.gov/standards/alto/ns-v2# http://www.loc.gov/standards/alto/alto.xsd">
   <Description>
      <MeasurementUnit>pixel</MeasurementUnit>
      <OCRProcessing ID="IdOcr">
         <ocrProcessingStep>
            <processingDateTime>2020-11-21T10:32:08.735-05:00</processingDateTime>
            <processingSoftware>
               <softwareCreator>READ COOP</softwareCreator>
               <softwareName>Transkribus</softwareName>
            </processingSoftware>
         </ocrProcessingStep>
      </OCRProcessing>
   </Description>
   <Tags/>
   <Layout>
      <Page ID="Page1" PHYSICAL_IMG_NR="1" HEIGHT="2066" WIDTH="1475">
         <TopMargin HEIGHT="0" WIDTH="1475" VPOS="0" HPOS="0"/>
         <LeftMargin HEIGHT="2066" WIDTH="0" VPOS="0" HPOS="0"/>
         <RightMargin HEIGHT="2066" WIDTH="0" VPOS="0" HPOS="1475"/>
         <BottomMargin HEIGHT="0" WIDTH="1475" VPOS="2066" HPOS="0"/>
         <PrintSpace HEIGHT="2066" WIDTH="1475" VPOS="0" HPOS="0">
            <TextBlock ID="TextRegion_1604258271488_4212"
                       HEIGHT="1772"
                       WIDTH="509"
                       VPOS="102"
                       HPOS="231">
               <Shape>
                  <Polygon POINTS="231,102 740,102 740,1874 231,1874"/>
               </Shape>
               <TextLine ID="line_1604258271588_4215"
                         BASELINE="194"
                         HEIGHT="50"
                         WIDTH="515"
                         VPOS="144"
                         HPOS="226">
                  <String HEIGHT="50"
                          WIDTH="121"
                          VPOS="144"
                          HPOS="211"
                          CONTENT="D.d."/>
                  <SP HEIGHT="50" WIDTH="15" VPOS="144" HPOS="332"/>
                  <String HEIGHT="50"
                          WIDTH="136"
                          VPOS="144"
                          HPOS="287"
                          CONTENT="totum"/>
                  <SP HEIGHT="50" WIDTH="15" VPOS="144" HPOS="423"/>
                  <String HEIGHT="50"
                          WIDTH="121"
                          VPOS="144"
                          HPOS="377"
                          CONTENT="enim"/>
                  <SP HEIGHT="50" WIDTH="15" VPOS="144" HPOS="499"/>
                  <String HEIGHT="50" WIDTH="76" VPOS="144" HPOS="453" CONTENT="&amp;"/>
                  <SP HEIGHT="50" WIDTH="15" VPOS="144" HPOS="529"/>
                  <String HEIGHT="50"
                          WIDTH="197"
                          VPOS="144"
                          HPOS="484"
                          CONTENT="dimidium,"/>
                  <SP HEIGHT="50" WIDTH="15" VPOS="144" HPOS="680"/>
                  <String HEIGHT="50" WIDTH="106" VPOS="144" HPOS="635" CONTENT="&amp;c."/>
                  <SP HEIGHT="50" WIDTH="15" VPOS="144" HPOS="741"/>
                  <String HEIGHT="50" WIDTH="61" VPOS="144" HPOS="680" CONTENT="i."/>
               </TextLine>
               <TextLine ID="r2l3"
                         BASELINE="241"
                         HEIGHT="52"
                         WIDTH="505"
                         VPOS="189"
                         HPOS="231">
                  <String HEIGHT="52"
                          WIDTH="177"
                          VPOS="189"
                          HPOS="217"
                          CONTENT="proportio"/>
                  <SP HEIGHT="52" WIDTH="14" VPOS="189" HPOS="395"/>
                  <String HEIGHT="52"
                          WIDTH="109"
                          VPOS="189"
                          HPOS="354"
                          CONTENT="enim"/>
                  <SP HEIGHT="52" WIDTH="14" VPOS="189" HPOS="463"/>
                  <String HEIGHT="52" WIDTH="68" VPOS="189" HPOS="422" CONTENT="&amp;"/>
                  <SP HEIGHT="52" WIDTH="14" VPOS="189" HPOS="490"/>
                  <String HEIGHT="52"
                          WIDTH="177"
                          VPOS="189"
                          HPOS="449"
                          CONTENT="dimidium,"/>
                  <SP HEIGHT="52" WIDTH="14" VPOS="189" HPOS="627"/>
                  <String HEIGHT="52" WIDTH="96" VPOS="189" HPOS="586" CONTENT="&amp;c."/>
                  <SP HEIGHT="52" WIDTH="14" VPOS="189" HPOS="681"/>
                  <String HEIGHT="52" WIDTH="82" VPOS="189" HPOS="640" CONTENT="i."/>
                  <SP HEIGHT="52" WIDTH="14" VPOS="189" HPOS="722"/>
                  <String HEIGHT="52" WIDTH="68" VPOS="189" HPOS="668" CONTENT="pro"/>
               </TextLine>
               <TextLine ID="r2l4"
                         BASELINE="276"
                         HEIGHT="47"
                         WIDTH="498"
                         VPOS="229"
                         HPOS="236">
                  <String HEIGHT="47"
                          WIDTH="131"
                          VPOS="229"
                          HPOS="223"
                          CONTENT="portio"/>
                  <SP HEIGHT="47" WIDTH="13" VPOS="229" HPOS="354"/>
                  <String HEIGHT="47"
                          WIDTH="105"
                          VPOS="229"
                          HPOS="315"
                          CONTENT="enim"/>
                  <SP HEIGHT="47" WIDTH="13" VPOS="229" HPOS="419"/>
                  <String HEIGHT="47"
                          WIDTH="131"
                          VPOS="229"
                          HPOS="380"
                          CONTENT="totius"/>
                  <SP HEIGHT="47" WIDTH="13" VPOS="229" HPOS="511"/>
                  <String HEIGHT="47" WIDTH="79" VPOS="229" HPOS="472" CONTENT="ad"/>
                  <SP HEIGHT="47" WIDTH="13" VPOS="229" HPOS="551"/>
                  <String HEIGHT="47"
                          WIDTH="118"
                          VPOS="229"
                          HPOS="511"
                          CONTENT="totum"/>
                  <SP HEIGHT="47" WIDTH="13" VPOS="229" HPOS="629"/>
                  <String HEIGHT="47" WIDTH="66" VPOS="229" HPOS="590" CONTENT="&amp;"/>
                  <SP HEIGHT="47" WIDTH="13" VPOS="229" HPOS="655"/>
                  <String HEIGHT="47"
                          WIDTH="131"
                          VPOS="229"
                          HPOS="603"
                          CONTENT="dimidium"/>
               </TextLine>
               <TextLine ID="r2l5"
                         BASELINE="319"
                         HEIGHT="54"
                         WIDTH="503"
                         VPOS="265"
                         HPOS="232">
                  <String HEIGHT="54" WIDTH="84" VPOS="265" HPOS="220" CONTENT="est"/>
                  <SP HEIGHT="54" WIDTH="12" VPOS="265" HPOS="304"/>
                  <String HEIGHT="54"
                          WIDTH="156"
                          VPOS="265"
                          HPOS="268"
                          CONTENT="proportio"/>
                  <SP HEIGHT="54" WIDTH="12" VPOS="265" HPOS="424"/>
                  <String HEIGHT="54"
                          WIDTH="168"
                          VPOS="265"
                          HPOS="388"
                          CONTENT="terminata:"/>
                  <SP HEIGHT="54" WIDTH="12" VPOS="265" HPOS="555"/>
                  <String HEIGHT="54" WIDTH="60" VPOS="265" HPOS="519" CONTENT="&amp;"/>
                  <SP HEIGHT="54" WIDTH="12" VPOS="265" HPOS="579"/>
                  <String HEIGHT="54"
                          WIDTH="156"
                          VPOS="265"
                          HPOS="543"
                          CONTENT="similiter"/>
                  <SP HEIGHT="54" WIDTH="12" VPOS="265" HPOS="699"/>
                  <String HEIGHT="54"
                          WIDTH="84"
                          VPOS="265"
                          HPOS="651"
                          CONTENT="talit"/>
               </TextLine>
               <TextLine ID="r2l6"
                         BASELINE="347"
                         HEIGHT="38"
                         WIDTH="493"
                         VPOS="309"
                         HPOS="238">
                  <String HEIGHT="38"
                          WIDTH="181"
                          VPOS="309"
                          HPOS="222"
                          CONTENT="numerus"/>
                  <SP HEIGHT="38" WIDTH="16" VPOS="309" HPOS="402"/>
                  <String HEIGHT="38" WIDTH="99" VPOS="309" HPOS="353" CONTENT="ad"/>
                  <SP HEIGHT="38" WIDTH="16" VPOS="309" HPOS="452"/>
                  <String HEIGHT="38"
                          WIDTH="148"
                          VPOS="309"
                          HPOS="402"
                          CONTENT="talem"/>
                  <SP HEIGHT="38" WIDTH="16" VPOS="309" HPOS="550"/>
                  <String HEIGHT="38"
                          WIDTH="197"
                          VPOS="309"
                          HPOS="501"
                          CONTENT="numerum."/>
                  <SP HEIGHT="38" WIDTH="16" VPOS="309" HPOS="698"/>
                  <String HEIGHT="38" WIDTH="99" VPOS="309" HPOS="632" CONTENT="D.d."/>
               </TextLine>
               <TextLine ID="r2l7"
                         BASELINE="394"
                         HEIGHT="40"
                         WIDTH="506"
                         VPOS="354"
                         HPOS="229">
                  <String HEIGHT="40"
                          WIDTH="108"
                          VPOS="354"
                          HPOS="217"
                          CONTENT="totum"/>
                  <SP HEIGHT="40" WIDTH="12" VPOS="354" HPOS="325"/>
                  <String HEIGHT="40"
                          WIDTH="108"
                          VPOS="354"
                          HPOS="289"
                          CONTENT="autem"/>
                  <SP HEIGHT="40" WIDTH="12" VPOS="354" HPOS="398"/>
                  <String HEIGHT="40" WIDTH="60" VPOS="354" HPOS="362" CONTENT="&amp;"/>
                  <SP HEIGHT="40" WIDTH="12" VPOS="354" HPOS="422"/>
                  <String HEIGHT="40"
                          WIDTH="108"
                          VPOS="354"
                          HPOS="386"
                          CONTENT="pars,"/>
                  <SP HEIGHT="40" WIDTH="12" VPOS="354" HPOS="494"/>
                  <String HEIGHT="40" WIDTH="84" VPOS="354" HPOS="458" CONTENT="&amp;c."/>
                  <SP HEIGHT="40" WIDTH="12" VPOS="354" HPOS="542"/>
                  <String HEIGHT="40" WIDTH="72" VPOS="354" HPOS="506" CONTENT="i."/>
                  <SP HEIGHT="40" WIDTH="12" VPOS="354" HPOS="578"/>
                  <String HEIGHT="40"
                          WIDTH="169"
                          VPOS="354"
                          HPOS="542"
                          CONTENT="proportio."/>
                  <SP HEIGHT="40" WIDTH="12" VPOS="354" HPOS="711"/>
                  <String HEIGHT="40" WIDTH="72" VPOS="354" HPOS="663" CONTENT="enim"/>
               </TextLine>
               <TextLine ID="r2l8"
                         BASELINE="427"
                         HEIGHT="42"
                         WIDTH="500"
                         VPOS="385"
                         HPOS="234">
                  <String HEIGHT="42"
                          WIDTH="139"
                          VPOS="385"
                          HPOS="220"
                          CONTENT="totius"/>
                  <SP HEIGHT="42" WIDTH="14" VPOS="385" HPOS="359"/>
                  <String HEIGHT="42" WIDTH="83" VPOS="385" HPOS="317" CONTENT="ad"/>
                  <SP HEIGHT="42" WIDTH="14" VPOS="385" HPOS="401"/>
                  <String HEIGHT="42"
                          WIDTH="153"
                          VPOS="385"
                          HPOS="359"
                          CONTENT="partem,"/>
                  <SP HEIGHT="42" WIDTH="14" VPOS="385" HPOS="512"/>
                  <String HEIGHT="42" WIDTH="69" VPOS="385" HPOS="470" CONTENT="&amp;"/>
                  <SP HEIGHT="42" WIDTH="14" VPOS="385" HPOS="540"/>
                  <String HEIGHT="42"
                          WIDTH="139"
                          VPOS="385"
                          HPOS="498"
                          CONTENT="illius"/>
                  <SP HEIGHT="42" WIDTH="14" VPOS="385" HPOS="637"/>
                  <String HEIGHT="42"
                          WIDTH="139"
                          VPOS="385"
                          HPOS="595"
                          CONTENT="partis"/>
                  <SP HEIGHT="42" WIDTH="14" VPOS="385" HPOS="734"/>
                  <String HEIGHT="42" WIDTH="56" VPOS="385" HPOS="678" CONTENT="ad"/>
               </TextLine>
               <TextLine ID="r2l9"
                         BASELINE="474"
                         HEIGHT="45"
                         WIDTH="500"
                         VPOS="429"
                         HPOS="237">
                  <String HEIGHT="45"
                          WIDTH="145"
                          VPOS="429"
                          HPOS="221"
                          CONTENT="magis"/>
                  <SP HEIGHT="45" WIDTH="16" VPOS="429" HPOS="366"/>
                  <String HEIGHT="45"
                          WIDTH="210"
                          VPOS="429"
                          HPOS="318"
                          CONTENT="diminutum"/>
                  <SP HEIGHT="45" WIDTH="16" VPOS="429" HPOS="527"/>
                  <String HEIGHT="45" WIDTH="113" VPOS="429" HPOS="479" CONTENT="non"/>
                  <SP HEIGHT="45" WIDTH="16" VPOS="429" HPOS="592"/>
                  <String HEIGHT="45" WIDTH="113" VPOS="429" HPOS="543" CONTENT="est"/>
                  <SP HEIGHT="45" WIDTH="16" VPOS="429" HPOS="656"/>
                  <String HEIGHT="45"
                          WIDTH="145"
                          VPOS="429"
                          HPOS="592"
                          CONTENT="propor"
                          SUBS_TYPE="HypPart1"
                          SUBS_CONTENT="proportio"/>
                  <HYP CONTENT="-"/>
               </TextLine>
               <TextLine ID="r2l10"
                         BASELINE="506"
                         HEIGHT="44"
                         WIDTH="499"
                         VPOS="462"
                         HPOS="232">
                  <String HEIGHT="44"
                          WIDTH="94"
                          VPOS="462"
                          HPOS="219"
                          CONTENT="tio"
                          SUBS_TYPE="HypPart2"
                          SUBS_CONTENT="proportio"/>
                  <SP HEIGHT="44" WIDTH="13" VPOS="462" HPOS="313"/>
                  <String HEIGHT="44"
                          WIDTH="189"
                          VPOS="462"
                          HPOS="272"
                          CONTENT="terminata,"/>
                  <SP HEIGHT="44" WIDTH="13" VPOS="462" HPOS="461"/>
                  <String HEIGHT="44"
                          WIDTH="121"
                          VPOS="462"
                          HPOS="421"
                          CONTENT="sicut"/>
                  <SP HEIGHT="44" WIDTH="13" VPOS="462" HPOS="542"/>
                  <String HEIGHT="44"
                          WIDTH="162"
                          VPOS="462"
                          HPOS="502"
                          CONTENT="dicimus,"/>
                  <SP HEIGHT="44" WIDTH="13" VPOS="462" HPOS="664"/>
                  <String HEIGHT="44"
                          WIDTH="108"
                          VPOS="462"
                          HPOS="623"
                          CONTENT="iste"/>
                  <SP HEIGHT="44" WIDTH="13" VPOS="462" HPOS="731"/>
                  <String HEIGHT="44" WIDTH="54" VPOS="462" HPOS="677" CONTENT="nu"/>
               </TextLine>
               <TextLine ID="r2l11"
                         BASELINE="549"
                         HEIGHT="49"
                         WIDTH="506"
                         VPOS="500"
                         HPOS="228">
                  <String HEIGHT="49"
                          WIDTH="142"
                          VPOS="500"
                          HPOS="212"
                          CONTENT="merus"/>
                  <SP HEIGHT="49" WIDTH="16" VPOS="500" HPOS="355"/>
                  <String HEIGHT="49" WIDTH="111" VPOS="500" HPOS="307" CONTENT="est"/>
                  <SP HEIGHT="49" WIDTH="16" VPOS="500" HPOS="418"/>
                  <String HEIGHT="49"
                          WIDTH="206"
                          VPOS="500"
                          HPOS="370"
                          CONTENT="multiplex"/>
                  <SP HEIGHT="49" WIDTH="16" VPOS="500" HPOS="576"/>
                  <String HEIGHT="49" WIDTH="95" VPOS="500" HPOS="528" CONTENT="ad"/>
                  <SP HEIGHT="49" WIDTH="16" VPOS="500" HPOS="623"/>
                  <String HEIGHT="49"
                          WIDTH="127"
                          VPOS="500"
                          HPOS="576"
                          CONTENT="vnum"/>
                  <SP HEIGHT="49" WIDTH="16" VPOS="500" HPOS="702"/>
                  <String HEIGHT="49" WIDTH="95" VPOS="500" HPOS="639" CONTENT="sine"/>
               </TextLine>
               <TextLine ID="r2l12"
                         BASELINE="591"
                         HEIGHT="51"
                         WIDTH="495"
                         VPOS="540"
                         HPOS="234">
                  <String HEIGHT="51"
                          WIDTH="269"
                          VPOS="540"
                          HPOS="220"
                          CONTENT="determinatione."/>
                  <SP HEIGHT="51" WIDTH="14" VPOS="540" HPOS="489"/>
                  <String HEIGHT="51"
                          WIDTH="113"
                          VPOS="540"
                          HPOS="446"
                          CONTENT="D.d."/>
                  <SP HEIGHT="51" WIDTH="14" VPOS="540" HPOS="559"/>
                  <String HEIGHT="51"
                          WIDTH="170"
                          VPOS="540"
                          HPOS="517"
                          CONTENT="superius"/>
                  <SP HEIGHT="51" WIDTH="14" VPOS="540" HPOS="687"/>
                  <String HEIGHT="51"
                          WIDTH="99"
                          VPOS="540"
                          HPOS="630"
                          CONTENT="autem"/>
               </TextLine>
               <TextLine ID="r2l13"
                         BASELINE="630"
                         HEIGHT="51"
                         WIDTH="503"
                         VPOS="579"
                         HPOS="236">
                  <String HEIGHT="51" WIDTH="84" VPOS="579" HPOS="224" CONTENT="&amp;c."/>
                  <SP HEIGHT="51" WIDTH="12" VPOS="579" HPOS="308"/>
                  <String HEIGHT="51" WIDTH="72" VPOS="579" HPOS="272" CONTENT="i."/>
                  <SP HEIGHT="51" WIDTH="12" VPOS="579" HPOS="344"/>
                  <String HEIGHT="51"
                          WIDTH="120"
                          VPOS="579"
                          HPOS="308"
                          CONTENT="dicere"/>
                  <SP HEIGHT="51" WIDTH="12" VPOS="579" HPOS="428"/>
                  <String HEIGHT="51"
                          WIDTH="108"
                          VPOS="579"
                          HPOS="392"
                          CONTENT="autem"/>
                  <SP HEIGHT="51" WIDTH="12" VPOS="579" HPOS="499"/>
                  <String HEIGHT="51" WIDTH="96" VPOS="579" HPOS="464" CONTENT="quod"/>
                  <SP HEIGHT="51" WIDTH="12" VPOS="579" HPOS="559"/>
                  <String HEIGHT="51" WIDTH="96" VPOS="579" HPOS="523" CONTENT="iste"/>
                  <SP HEIGHT="51" WIDTH="12" VPOS="579" HPOS="619"/>
                  <String HEIGHT="51" WIDTH="84" VPOS="579" HPOS="583" CONTENT="est"/>
                  <SP HEIGHT="51" WIDTH="12" VPOS="579" HPOS="667"/>
                  <String HEIGHT="51"
                          WIDTH="120"
                          VPOS="579"
                          HPOS="619"
                          CONTENT="superior"/>
               </TextLine>
               <TextLine ID="r2l14"
                         BASELINE="658"
                         HEIGHT="38"
                         WIDTH="510"
                         VPOS="620"
                         HPOS="228">
                  <String HEIGHT="38"
                          WIDTH="118"
                          VPOS="620"
                          HPOS="215"
                          CONTENT="isto,"/>
                  <SP HEIGHT="38" WIDTH="13" VPOS="620" HPOS="333"/>
                  <String HEIGHT="38" WIDTH="65" VPOS="620" HPOS="293" CONTENT="&amp;"/>
                  <SP HEIGHT="38" WIDTH="13" VPOS="620" HPOS="359"/>
                  <String HEIGHT="38"
                          WIDTH="105"
                          VPOS="620"
                          HPOS="320"
                          CONTENT="iste"/>
                  <SP HEIGHT="38" WIDTH="13" VPOS="620" HPOS="424"/>
                  <String HEIGHT="38"
                          WIDTH="157"
                          VPOS="620"
                          HPOS="385"
                          CONTENT="superior"/>
                  <SP HEIGHT="38" WIDTH="13" VPOS="620" HPOS="542"/>
                  <String HEIGHT="38"
                          WIDTH="118"
                          VPOS="620"
                          HPOS="503"
                          CONTENT="alio,"/>
                  <SP HEIGHT="38" WIDTH="13" VPOS="620" HPOS="620"/>
                  <String HEIGHT="38" WIDTH="92" VPOS="620" HPOS="581" CONTENT="est"/>
                  <SP HEIGHT="38" WIDTH="13" VPOS="620" HPOS="673"/>
                  <String HEIGHT="38"
                          WIDTH="118"
                          VPOS="620"
                          HPOS="620"
                          CONTENT="propor"
                          SUBS_TYPE="HypPart1"
                          SUBS_CONTENT="proportio"/>
                  <HYP CONTENT="-"/>
               </TextLine>
               <TextLine ID="r2l15"
                         BASELINE="698"
                         HEIGHT="38"
                         WIDTH="500"
                         VPOS="660"
                         HPOS="232">
                  <String HEIGHT="38"
                          WIDTH="97"
                          VPOS="660"
                          HPOS="218"
                          CONTENT="tio"
                          SUBS_TYPE="HypPart2"
                          SUBS_CONTENT="proportio"/>
                  <SP HEIGHT="38" WIDTH="14" VPOS="660" HPOS="315"/>
                  <String HEIGHT="38" WIDTH="97" VPOS="660" HPOS="274" CONTENT="non"/>
                  <SP HEIGHT="38" WIDTH="14" VPOS="660" HPOS="371"/>
                  <String HEIGHT="38"
                          WIDTH="194"
                          VPOS="660"
                          HPOS="329"
                          CONTENT="terminata."/>
                  <SP HEIGHT="38" WIDTH="14" VPOS="660" HPOS="524"/>
                  <String HEIGHT="38"
                          WIDTH="111"
                          VPOS="660"
                          HPOS="482"
                          CONTENT="quia"/>
                  <SP HEIGHT="38" WIDTH="14" VPOS="660" HPOS="593"/>
                  <String HEIGHT="38"
                          WIDTH="111"
                          VPOS="660"
                          HPOS="551"
                          CONTENT="isti"/>
                  <SP HEIGHT="38" WIDTH="14" VPOS="660" HPOS="663"/>
                  <String HEIGHT="38"
                          WIDTH="125"
                          VPOS="660"
                          HPOS="607"
                          CONTENT="excedum"/>
               </TextLine>
               <TextLine ID="r2l16"
                         BASELINE="738"
                         HEIGHT="41"
                         WIDTH="507"
                         VPOS="697"
                         HPOS="233">
                  <String HEIGHT="41" WIDTH="76" VPOS="697" HPOS="220" CONTENT="se"/>
                  <SP HEIGHT="41" WIDTH="13" VPOS="697" HPOS="296"/>
                  <String HEIGHT="41"
                          WIDTH="152"
                          VPOS="697"
                          HPOS="258"
                          CONTENT="secundum"/>
                  <SP HEIGHT="41" WIDTH="13" VPOS="697" HPOS="410"/>
                  <String HEIGHT="41"
                          WIDTH="139"
                          VPOS="697"
                          HPOS="372"
                          CONTENT="numeros"/>
                  <SP HEIGHT="41" WIDTH="13" VPOS="697" HPOS="512"/>
                  <String HEIGHT="41" WIDTH="63" VPOS="697" HPOS="474" CONTENT="&amp;"/>
                  <SP HEIGHT="41" WIDTH="13" VPOS="697" HPOS="537"/>
                  <String HEIGHT="41" WIDTH="89" VPOS="697" HPOS="499" CONTENT="non"/>
                  <SP HEIGHT="41" WIDTH="13" VPOS="697" HPOS="588"/>
                  <String HEIGHT="41"
                          WIDTH="165"
                          VPOS="697"
                          HPOS="550"
                          CONTENT="aequales:"/>
                  <SP HEIGHT="41" WIDTH="13" VPOS="697" HPOS="715"/>
                  <String HEIGHT="41" WIDTH="63" VPOS="697" HPOS="677" CONTENT="&amp;"/>
                  <SP HEIGHT="41" WIDTH="13" VPOS="697" HPOS="740"/>
                  <String HEIGHT="41" WIDTH="51" VPOS="697" HPOS="689" CONTENT="il"/>
               </TextLine>
               <TextLine ID="line_1604258271590_4217"
                         BASELINE="778"
                         HEIGHT="44"
                         WIDTH="494"
                         VPOS="734"
                         HPOS="226">
                  <String HEIGHT="44" WIDTH="102" VPOS="734" HPOS="211" CONTENT="lud"/>
                  <SP HEIGHT="44" WIDTH="15" VPOS="734" HPOS="313"/>
                  <String HEIGHT="44"
                          WIDTH="247"
                          VPOS="734"
                          HPOS="270"
                          CONTENT="estterminatum"/>
                  <SP HEIGHT="44" WIDTH="15" VPOS="734" HPOS="517"/>
                  <String HEIGHT="44" WIDTH="87" VPOS="734" HPOS="473" CONTENT="ex"/>
                  <SP HEIGHT="44" WIDTH="15" VPOS="734" HPOS="560"/>
                  <String HEIGHT="44"
                          WIDTH="116"
                          VPOS="734"
                          HPOS="517"
                          CONTENT="eis,"/>
                  <SP HEIGHT="44" WIDTH="15" VPOS="734" HPOS="633"/>
                  <String HEIGHT="44"
                          WIDTH="116"
                          VPOS="734"
                          HPOS="589"
                          CONTENT="quia"/>
                  <SP HEIGHT="44" WIDTH="15" VPOS="734" HPOS="705"/>
                  <String HEIGHT="44" WIDTH="73" VPOS="734" HPOS="647" CONTENT="suc"/>
               </TextLine>
               <TextLine ID="r2l18"
                         BASELINE="819"
                         HEIGHT="45"
                         WIDTH="497"
                         VPOS="774"
                         HPOS="233">
                  <String HEIGHT="45"
                          WIDTH="118"
                          VPOS="774"
                          HPOS="220"
                          CONTENT="cedit"/>
                  <SP HEIGHT="45" WIDTH="13" VPOS="774" HPOS="338"/>
                  <String HEIGHT="45" WIDTH="92" VPOS="774" HPOS="298" CONTENT="per"/>
                  <SP HEIGHT="45" WIDTH="13" VPOS="774" HPOS="390"/>
                  <String HEIGHT="45"
                          WIDTH="144"
                          VPOS="774"
                          HPOS="351"
                          CONTENT="numeros"/>
                  <SP HEIGHT="45" WIDTH="13" VPOS="774" HPOS="495"/>
                  <String HEIGHT="45"
                          WIDTH="170"
                          VPOS="774"
                          HPOS="455"
                          CONTENT="aequales:"/>
                  <SP HEIGHT="45" WIDTH="13" VPOS="774" HPOS="625"/>
                  <String HEIGHT="45"
                          WIDTH="105"
                          VPOS="774"
                          HPOS="586"
                          CONTENT="isti"/>
                  <SP HEIGHT="45" WIDTH="13" VPOS="774" HPOS="691"/>
                  <String HEIGHT="45"
                          WIDTH="92"
                          VPOS="774"
                          HPOS="638"
                          CONTENT="autem"/>
               </TextLine>
               <TextLine ID="r2l19"
                         BASELINE="867"
                         HEIGHT="55"
                         WIDTH="506"
                         VPOS="812"
                         HPOS="230">
                  <String HEIGHT="55"
                          WIDTH="133"
                          VPOS="812"
                          HPOS="218"
                          CONTENT="possunt"/>
                  <SP HEIGHT="55" WIDTH="12" VPOS="812" HPOS="350"/>
                  <String HEIGHT="55"
                          WIDTH="145"
                          VPOS="812"
                          HPOS="314"
                          CONTENT="excedere"/>
                  <SP HEIGHT="55" WIDTH="12" VPOS="812" HPOS="459"/>
                  <String HEIGHT="55" WIDTH="72" VPOS="812" HPOS="423" CONTENT="se"/>
                  <SP HEIGHT="55" WIDTH="12" VPOS="812" HPOS="495"/>
                  <String HEIGHT="55"
                          WIDTH="145"
                          VPOS="812"
                          HPOS="459"
                          CONTENT="secundum"/>
                  <SP HEIGHT="55" WIDTH="12" VPOS="812" HPOS="603"/>
                  <String HEIGHT="55"
                          WIDTH="133"
                          VPOS="812"
                          HPOS="567"
                          CONTENT="nuneros"/>
                  <SP HEIGHT="55" WIDTH="12" VPOS="812" HPOS="700"/>
                  <String HEIGHT="55"
                          WIDTH="84"
                          VPOS="812"
                          HPOS="652"
                          CONTENT="aequa"/>
               </TextLine>
               <TextLine ID="r2l20"
                         BASELINE="906"
                         HEIGHT="53"
                         WIDTH="504"
                         VPOS="853"
                         HPOS="235">
                  <String HEIGHT="53" WIDTH="98" VPOS="853" HPOS="221" CONTENT="les"/>
                  <SP HEIGHT="53" WIDTH="14" VPOS="853" HPOS="319"/>
                  <String HEIGHT="53" WIDTH="70" VPOS="853" HPOS="277" CONTENT="&amp;"/>
                  <SP HEIGHT="53" WIDTH="14" VPOS="853" HPOS="347"/>
                  <String HEIGHT="53" WIDTH="98" VPOS="853" HPOS="305" CONTENT="non"/>
                  <SP HEIGHT="53" WIDTH="14" VPOS="853" HPOS="403"/>
                  <String HEIGHT="53"
                          WIDTH="182"
                          VPOS="853"
                          HPOS="361"
                          CONTENT="aequales."/>
                  <SP HEIGHT="53" WIDTH="14" VPOS="853" HPOS="543"/>
                  <String HEIGHT="53" WIDTH="98" VPOS="853" HPOS="501" CONTENT="D.d"/>
                  <SP HEIGHT="53" WIDTH="14" VPOS="853" HPOS="599"/>
                  <String HEIGHT="53"
                          WIDTH="126"
                          VPOS="853"
                          HPOS="557"
                          CONTENT="Omnia"/>
                  <SP HEIGHT="53" WIDTH="14" VPOS="853" HPOS="683"/>
                  <String HEIGHT="53"
                          WIDTH="112"
                          VPOS="853"
                          HPOS="627"
                          CONTENT="igitur"/>
               </TextLine>
               <TextLine ID="r2l21"
                         BASELINE="946"
                         HEIGHT="53"
                         WIDTH="507"
                         VPOS="893"
                         HPOS="228">
                  <String HEIGHT="53"
                          WIDTH="101"
                          VPOS="893"
                          HPOS="215"
                          CONTENT="ista"/>
                  <SP HEIGHT="53" WIDTH="13" VPOS="893" HPOS="317"/>
                  <String HEIGHT="53"
                          WIDTH="165"
                          VPOS="893"
                          HPOS="279"
                          CONTENT="relatiua,"/>
                  <SP HEIGHT="53" WIDTH="13" VPOS="893" HPOS="443"/>
                  <String HEIGHT="53" WIDTH="89" VPOS="893" HPOS="405" CONTENT="&amp;c."/>
                  <SP HEIGHT="53" WIDTH="13" VPOS="893" HPOS="494"/>
                  <String HEIGHT="53" WIDTH="76" VPOS="893" HPOS="456" CONTENT="i."/>
                  <SP HEIGHT="53" WIDTH="13" VPOS="893" HPOS="532"/>
                  <String HEIGHT="53"
                          WIDTH="114"
                          VPOS="893"
                          HPOS="494"
                          CONTENT="omnia"/>
                  <SP HEIGHT="53" WIDTH="13" VPOS="893" HPOS="608"/>
                  <String HEIGHT="53"
                          WIDTH="101"
                          VPOS="893"
                          HPOS="570"
                          CONTENT="igit"/>
                  <SP HEIGHT="53" WIDTH="13" VPOS="893" HPOS="672"/>
                  <String HEIGHT="53"
                          WIDTH="101"
                          VPOS="893"
                          HPOS="634"
                          CONTENT="ista"/>
                  <SP HEIGHT="53" WIDTH="13" VPOS="893" HPOS="735"/>
                  <String HEIGHT="53" WIDTH="51" VPOS="893" HPOS="684" CONTENT="re"/>
               </TextLine>
               <TextLine ID="r2l22"
                         BASELINE="982"
                         HEIGHT="49"
                         WIDTH="500"
                         VPOS="933"
                         HPOS="228">
                  <String HEIGHT="49"
                          WIDTH="141"
                          VPOS="933"
                          HPOS="215"
                          CONTENT="latiua,"/>
                  <SP HEIGHT="49" WIDTH="13" VPOS="933" HPOS="356"/>
                  <String HEIGHT="49"
                          WIDTH="103"
                          VPOS="933"
                          HPOS="318"
                          CONTENT="quae"/>
                  <SP HEIGHT="49" WIDTH="13" VPOS="933" HPOS="420"/>
                  <String HEIGHT="49"
                          WIDTH="128"
                          VPOS="933"
                          HPOS="382"
                          CONTENT="numeri"/>
                  <SP HEIGHT="49" WIDTH="13" VPOS="933" HPOS="510"/>
                  <String HEIGHT="49"
                          WIDTH="115"
                          VPOS="933"
                          HPOS="472"
                          CONTENT="vnius"/>
                  <SP HEIGHT="49" WIDTH="13" VPOS="933" HPOS="587"/>
                  <String HEIGHT="49"
                          WIDTH="103"
                          VPOS="933"
                          HPOS="549"
                          CONTENT="sunt"/>
                  <SP HEIGHT="49" WIDTH="13" VPOS="933" HPOS="651"/>
                  <String HEIGHT="49"
                          WIDTH="128"
                          VPOS="933"
                          HPOS="600"
                          CONTENT="relatiua"/>
               </TextLine>
               <TextLine ID="r2l23"
                         BASELINE="1022"
                         HEIGHT="51"
                         WIDTH="497"
                         VPOS="971"
                         HPOS="232">
                  <String HEIGHT="51" WIDTH="94" VPOS="971" HPOS="219" CONTENT="aut"/>
                  <SP HEIGHT="51" WIDTH="13" VPOS="971" HPOS="313"/>
                  <String HEIGHT="51"
                          WIDTH="107"
                          VPOS="971"
                          HPOS="272"
                          CONTENT="quia"/>
                  <SP HEIGHT="51" WIDTH="13" VPOS="971" HPOS="380"/>
                  <String HEIGHT="51"
                          WIDTH="107"
                          VPOS="971"
                          HPOS="339"
                          CONTENT="sunt"/>
                  <SP HEIGHT="51" WIDTH="13" VPOS="971" HPOS="447"/>
                  <String HEIGHT="51"
                          WIDTH="134"
                          VPOS="971"
                          HPOS="407"
                          CONTENT="ipsius"/>
                  <SP HEIGHT="51" WIDTH="13" VPOS="971" HPOS="541"/>
                  <String HEIGHT="51"
                          WIDTH="148"
                          VPOS="971"
                          HPOS="501"
                          CONTENT="numeri,"/>
                  <SP HEIGHT="51" WIDTH="13" VPOS="971" HPOS="648"/>
                  <String HEIGHT="51" WIDTH="94" VPOS="971" HPOS="608" CONTENT="aut"/>
                  <SP HEIGHT="51" WIDTH="13" VPOS="971" HPOS="702"/>
                  <String HEIGHT="51" WIDTH="81" VPOS="971" HPOS="648" CONTENT="quid"/>
               </TextLine>
               <TextLine ID="r2l24"
                         BASELINE="1050"
                         HEIGHT="44"
                         WIDTH="497"
                         VPOS="1006"
                         HPOS="235">
                  <String HEIGHT="44"
                          WIDTH="117"
                          VPOS="1006"
                          HPOS="220"
                          CONTENT="sunt"/>
                  <SP HEIGHT="44" WIDTH="15" VPOS="1006" HPOS="337"/>
                  <String HEIGHT="44" WIDTH="88" VPOS="1006" HPOS="293" CONTENT="in"/>
                  <SP HEIGHT="44" WIDTH="15" VPOS="1006" HPOS="381"/>
                  <String HEIGHT="44"
                          WIDTH="234"
                          VPOS="1006"
                          HPOS="337"
                          CONTENT="accidentibus"/>
                  <SP HEIGHT="44" WIDTH="15" VPOS="1006" HPOS="571"/>
                  <String HEIGHT="44"
                          WIDTH="161"
                          VPOS="1006"
                          HPOS="527"
                          CONTENT="numeri,"/>
                  <SP HEIGHT="44" WIDTH="15" VPOS="1006" HPOS="688"/>
                  <String HEIGHT="44" WIDTH="73" VPOS="1006" HPOS="644" CONTENT="&amp;"/>
                  <SP HEIGHT="44" WIDTH="15" VPOS="1006" HPOS="717"/>
                  <String HEIGHT="44" WIDTH="73" VPOS="1006" HPOS="659" CONTENT="acc"/>
               </TextLine>
               <TextLine ID="r2l25"
                         BASELINE="1090"
                         HEIGHT="45"
                         WIDTH="502"
                         VPOS="1045"
                         HPOS="237">
                  <String HEIGHT="45"
                          WIDTH="143"
                          VPOS="1045"
                          HPOS="223"
                          CONTENT="dentia"/>
                  <SP HEIGHT="45" WIDTH="14" VPOS="1045" HPOS="366"/>
                  <String HEIGHT="45"
                          WIDTH="143"
                          VPOS="1045"
                          HPOS="323"
                          CONTENT="numeri"/>
                  <SP HEIGHT="45" WIDTH="14" VPOS="1045" HPOS="466"/>
                  <String HEIGHT="45"
                          WIDTH="115"
                          VPOS="1045"
                          HPOS="423"
                          CONTENT="sunt"/>
                  <SP HEIGHT="45" WIDTH="14" VPOS="1045" HPOS="538"/>
                  <String HEIGHT="45"
                          WIDTH="129"
                          VPOS="1045"
                          HPOS="495"
                          CONTENT="minus"/>
                  <SP HEIGHT="45" WIDTH="14" VPOS="1045" HPOS="624"/>
                  <String HEIGHT="45" WIDTH="72" VPOS="1045" HPOS="581" CONTENT="&amp;"/>
                  <SP HEIGHT="45" WIDTH="14" VPOS="1045" HPOS="653"/>
                  <String HEIGHT="45"
                          WIDTH="129"
                          VPOS="1045"
                          HPOS="610"
                          CONTENT="plus,"/>
                  <SP HEIGHT="45" WIDTH="14" VPOS="1045" HPOS="739"/>
                  <String HEIGHT="45" WIDTH="72" VPOS="1045" HPOS="696" CONTENT="&amp;"/>
                  <SP HEIGHT="45" WIDTH="14" VPOS="1045" HPOS="768"/>
                  <String HEIGHT="45" WIDTH="29" VPOS="1045" HPOS="710" CONTENT=""/>
               </TextLine>
               <TextLine ID="r2l26"
                         BASELINE="1130"
                         HEIGHT="37"
                         WIDTH="502"
                         VPOS="1093"
                         HPOS="232">
                  <String HEIGHT="37"
                          WIDTH="143"
                          VPOS="1093"
                          HPOS="218"
                          CONTENT="addens"/>
                  <SP HEIGHT="37" WIDTH="14" VPOS="1093" HPOS="361"/>
                  <String HEIGHT="37" WIDTH="72" VPOS="1093" HPOS="318" CONTENT="&amp;"/>
                  <SP HEIGHT="37" WIDTH="14" VPOS="1093" HPOS="390"/>
                  <String HEIGHT="37"
                          WIDTH="201"
                          VPOS="1093"
                          HPOS="347"
                          CONTENT="diminuens,"/>
                  <SP HEIGHT="37" WIDTH="14" VPOS="1093" HPOS="548"/>
                  <String HEIGHT="37" WIDTH="72" VPOS="1093" HPOS="505" CONTENT="&amp;"/>
                  <SP HEIGHT="37" WIDTH="14" VPOS="1093" HPOS="576"/>
                  <String HEIGHT="37"
                          WIDTH="158"
                          VPOS="1093"
                          HPOS="533"
                          CONTENT="aequale"/>
                  <SP HEIGHT="37" WIDTH="14" VPOS="1093" HPOS="691"/>
                  <String HEIGHT="37" WIDTH="72" VPOS="1093" HPOS="648" CONTENT="&amp;"/>
                  <SP HEIGHT="37" WIDTH="14" VPOS="1093" HPOS="720"/>
                  <String HEIGHT="37"
                          WIDTH="72"
                          VPOS="1093"
                          HPOS="662"
                          CONTENT="in"
                          SUBS_TYPE="HypPart1"
                          SUBS_CONTENT="inaequale,"/>
                  <HYP CONTENT="-"/>
               </TextLine>
               <TextLine ID="r2l27"
                         BASELINE="1174"
                         HEIGHT="50"
                         WIDTH="494"
                         VPOS="1124"
                         HPOS="238">
                  <String HEIGHT="50"
                          WIDTH="152"
                          VPOS="1124"
                          HPOS="225"
                          CONTENT="aequale,"
                          SUBS_TYPE="HypPart2"
                          SUBS_CONTENT="inaequale,"/>
                  <SP HEIGHT="50" WIDTH="13" VPOS="1124" HPOS="377"/>
                  <String HEIGHT="50" WIDTH="63" VPOS="1124" HPOS="339" CONTENT="&amp;"/>
                  <SP HEIGHT="50" WIDTH="13" VPOS="1124" HPOS="403"/>
                  <String HEIGHT="50"
                          WIDTH="152"
                          VPOS="1124"
                          HPOS="365"
                          CONTENT="similia."/>
                  <SP HEIGHT="50" WIDTH="13" VPOS="1124" HPOS="517"/>
                  <String HEIGHT="50"
                          WIDTH="101"
                          VPOS="1124"
                          HPOS="479"
                          CONTENT="D.d."/>
                  <SP HEIGHT="50" WIDTH="13" VPOS="1124" HPOS="580"/>
                  <String HEIGHT="50" WIDTH="76" VPOS="1124" HPOS="542" CONTENT="Et"/>
                  <SP HEIGHT="50" WIDTH="13" VPOS="1124" HPOS="618"/>
                  <String HEIGHT="50"
                          WIDTH="139"
                          VPOS="1124"
                          HPOS="580"
                          CONTENT="dicitur"/>
                  <SP HEIGHT="50" WIDTH="13" VPOS="1124" HPOS="719"/>
                  <String HEIGHT="50" WIDTH="63" VPOS="1124" HPOS="669" CONTENT="eti"/>
               </TextLine>
               <TextLine ID="r2l28"
                         BASELINE="1202"
                         HEIGHT="37"
                         WIDTH="490"
                         VPOS="1165"
                         HPOS="238">
                  <String HEIGHT="37"
                          WIDTH="106"
                          VPOS="1165"
                          HPOS="225"
                          CONTENT="alio"/>
                  <SP HEIGHT="37" WIDTH="13" VPOS="1165" HPOS="331"/>
                  <String HEIGHT="37"
                          WIDTH="119"
                          VPOS="1165"
                          HPOS="291"
                          CONTENT="modo,"/>
                  <SP HEIGHT="37" WIDTH="13" VPOS="1165" HPOS="410"/>
                  <String HEIGHT="37" WIDTH="93" VPOS="1165" HPOS="370" CONTENT="&amp;c."/>
                  <SP HEIGHT="37" WIDTH="13" VPOS="1165" HPOS="463"/>
                  <String HEIGHT="37" WIDTH="79" VPOS="1165" HPOS="423" CONTENT="i."/>
                  <SP HEIGHT="37" WIDTH="13" VPOS="1165" HPOS="503"/>
                  <String HEIGHT="37" WIDTH="66" VPOS="1165" HPOS="463" CONTENT="&amp;"/>
                  <SP HEIGHT="37" WIDTH="13" VPOS="1165" HPOS="529"/>
                  <String HEIGHT="37"
                          WIDTH="159"
                          VPOS="1165"
                          HPOS="490"
                          CONTENT="dicuntur"/>
                  <SP HEIGHT="37" WIDTH="13" VPOS="1165" HPOS="649"/>
                  <String HEIGHT="37"
                          WIDTH="119"
                          VPOS="1165"
                          HPOS="609"
                          CONTENT="etiam"/>
                  <SP HEIGHT="37" WIDTH="13" VPOS="1165" HPOS="728"/>
                  <String HEIGHT="37" WIDTH="53" VPOS="1165" HPOS="675" CONTENT="re"/>
               </TextLine>
               <TextLine ID="r2l29"
                         BASELINE="1250"
                         HEIGHT="46"
                         WIDTH="494"
                         VPOS="1204"
                         HPOS="236">
                  <String HEIGHT="46"
                          WIDTH="137"
                          VPOS="1204"
                          HPOS="222"
                          CONTENT="latiua"/>
                  <SP HEIGHT="46" WIDTH="14" VPOS="1204" HPOS="360"/>
                  <String HEIGHT="46"
                          WIDTH="110"
                          VPOS="1204"
                          HPOS="318"
                          CONTENT="alio"/>
                  <SP HEIGHT="46" WIDTH="14" VPOS="1204" HPOS="428"/>
                  <String HEIGHT="46"
                          WIDTH="110"
                          VPOS="1204"
                          HPOS="387"
                          CONTENT="modo"/>
                  <SP HEIGHT="46" WIDTH="14" VPOS="1204" HPOS="497"/>
                  <String HEIGHT="46" WIDTH="82" VPOS="1204" HPOS="456" CONTENT="de"/>
                  <SP HEIGHT="46" WIDTH="14" VPOS="1204" HPOS="538"/>
                  <String HEIGHT="46"
                          WIDTH="151"
                          VPOS="1204"
                          HPOS="497"
                          CONTENT="aequali"/>
                  <SP HEIGHT="46" WIDTH="14" VPOS="1204" HPOS="648"/>
                  <String HEIGHT="46" WIDTH="82" VPOS="1204" HPOS="607" CONTENT="in"/>
                  <SP HEIGHT="46" WIDTH="14" VPOS="1204" HPOS="689"/>
                  <String HEIGHT="46"
                          WIDTH="96"
                          VPOS="1204"
                          HPOS="634"
                          CONTENT="quan"
                          SUBS_TYPE="HypPart1"
                          SUBS_CONTENT="quantitate,"/>
                  <HYP CONTENT="-"/>
               </TextLine>
               <TextLine ID="r2l30"
                         BASELINE="1283"
                         HEIGHT="40"
                         WIDTH="494"
                         VPOS="1243"
                         HPOS="239">
                  <String HEIGHT="40"
                          WIDTH="143"
                          VPOS="1243"
                          HPOS="226"
                          CONTENT="titate,"
                          SUBS_TYPE="HypPart2"
                          SUBS_CONTENT="quantitate,"/>
                  <SP HEIGHT="40" WIDTH="13" VPOS="1243" HPOS="369"/>
                  <String HEIGHT="40" WIDTH="65" VPOS="1243" HPOS="330" CONTENT="&amp;"/>
                  <SP HEIGHT="40" WIDTH="13" VPOS="1243" HPOS="395"/>
                  <String HEIGHT="40"
                          WIDTH="130"
                          VPOS="1243"
                          HPOS="356"
                          CONTENT="simili"/>
                  <SP HEIGHT="40" WIDTH="13" VPOS="1243" HPOS="486"/>
                  <String HEIGHT="40" WIDTH="78" VPOS="1243" HPOS="447" CONTENT="in"/>
                  <SP HEIGHT="40" WIDTH="13" VPOS="1243" HPOS="525"/>
                  <String HEIGHT="40"
                          WIDTH="182"
                          VPOS="1243"
                          HPOS="486"
                          CONTENT="qualitate,"/>
                  <SP HEIGHT="40" WIDTH="13" VPOS="1243" HPOS="668"/>
                  <String HEIGHT="40" WIDTH="65" VPOS="1243" HPOS="629" CONTENT="&amp;"/>
                  <SP HEIGHT="40" WIDTH="13" VPOS="1243" HPOS="694"/>
                  <String HEIGHT="40" WIDTH="78" VPOS="1243" HPOS="655" CONTENT="de"/>
                  <SP HEIGHT="40" WIDTH="13" VPOS="1243" HPOS="733"/>
                  <String HEIGHT="40" WIDTH="52" VPOS="1243" HPOS="681" CONTENT="eo"/>
               </TextLine>
               <TextLine ID="r2l31"
                         BASELINE="1322"
                         HEIGHT="41"
                         WIDTH="506"
                         VPOS="1281"
                         HPOS="239">
                  <String HEIGHT="41" WIDTH="91" VPOS="1281" HPOS="226" CONTENT="dem"/>
                  <SP HEIGHT="41" WIDTH="13" VPOS="1281" HPOS="317"/>
                  <String HEIGHT="41" WIDTH="78" VPOS="1281" HPOS="278" CONTENT="in"/>
                  <SP HEIGHT="41" WIDTH="13" VPOS="1281" HPOS="356"/>
                  <String HEIGHT="41"
                          WIDTH="195"
                          VPOS="1281"
                          HPOS="317"
                          CONTENT="substantia."/>
                  <SP HEIGHT="41" WIDTH="13" VPOS="1281" HPOS="511"/>
                  <String HEIGHT="41"
                          WIDTH="104"
                          VPOS="1281"
                          HPOS="473"
                          CONTENT="D.d."/>
                  <SP HEIGHT="41" WIDTH="13" VPOS="1281" HPOS="576"/>
                  <String HEIGHT="41"
                          WIDTH="117"
                          VPOS="1281"
                          HPOS="537"
                          CONTENT="omnia"/>
                  <SP HEIGHT="41" WIDTH="13" VPOS="1281" HPOS="654"/>
                  <String HEIGHT="41"
                          WIDTH="104"
                          VPOS="1281"
                          HPOS="615"
                          CONTENT="enim"/>
                  <SP HEIGHT="41" WIDTH="13" VPOS="1281" HPOS="719"/>
                  <String HEIGHT="41"
                          WIDTH="78"
                          VPOS="1281"
                          HPOS="667"
                          CONTENT="ista"/>
               </TextLine>
               <TextLine ID="line_1604258271591_4219"
                         BASELINE="1362"
                         HEIGHT="42"
                         WIDTH="512"
                         VPOS="1320"
                         HPOS="226">
                  <String HEIGHT="42" WIDTH="97" VPOS="1320" HPOS="212" CONTENT="&amp;c."/>
                  <SP HEIGHT="42" WIDTH="14" VPOS="1320" HPOS="309"/>
                  <String HEIGHT="42" WIDTH="83" VPOS="1320" HPOS="268" CONTENT="i."/>
                  <SP HEIGHT="42" WIDTH="14" VPOS="1320" HPOS="351"/>
                  <String HEIGHT="42" WIDTH="69" VPOS="1320" HPOS="309" CONTENT="&amp;"/>
                  <SP HEIGHT="42" WIDTH="14" VPOS="1320" HPOS="378"/>
                  <String HEIGHT="42"
                          WIDTH="166"
                          VPOS="1320"
                          HPOS="337"
                          CONTENT="proprium"/>
                  <SP HEIGHT="42" WIDTH="14" VPOS="1320" HPOS="503"/>
                  <String HEIGHT="42" WIDTH="97" VPOS="1320" HPOS="461" CONTENT="est"/>
                  <SP HEIGHT="42" WIDTH="14" VPOS="1320" HPOS="558"/>
                  <String HEIGHT="42"
                          WIDTH="125"
                          VPOS="1320"
                          HPOS="517"
                          CONTENT="istis"/>
                  <SP HEIGHT="42" WIDTH="14" VPOS="1320" HPOS="641"/>
                  <String HEIGHT="42"
                          WIDTH="138"
                          VPOS="1320"
                          HPOS="600"
                          CONTENT="tribus"/>
                  <SP HEIGHT="42" WIDTH="14" VPOS="1320" HPOS="738"/>
                  <String HEIGHT="42" WIDTH="55" VPOS="1320" HPOS="683" CONTENT="ge"/>
               </TextLine>
               <TextLine ID="r2l33"
                         BASELINE="1410"
                         HEIGHT="52"
                         WIDTH="496"
                         VPOS="1358"
                         HPOS="239">
                  <String HEIGHT="52"
                          WIDTH="165"
                          VPOS="1358"
                          HPOS="224"
                          CONTENT="neribus"/>
                  <SP HEIGHT="52" WIDTH="15" VPOS="1358" HPOS="389"/>
                  <String HEIGHT="52"
                          WIDTH="240"
                          VPOS="1358"
                          HPOS="344"
                          CONTENT="relatiuorum,"/>
                  <SP HEIGHT="52" WIDTH="15" VPOS="1358" HPOS="585"/>
                  <String HEIGHT="52"
                          WIDTH="120"
                          VPOS="1358"
                          HPOS="540"
                          CONTENT="quia"/>
                  <SP HEIGHT="52" WIDTH="15" VPOS="1358" HPOS="660"/>
                  <String HEIGHT="52"
                          WIDTH="135"
                          VPOS="1358"
                          HPOS="600"
                          CONTENT="propor"
                          SUBS_TYPE="HypPart1"
                          SUBS_CONTENT="proportio"/>
                  <HYP CONTENT="-"/>
               </TextLine>
               <TextLine ID="r2l34"
                         BASELINE="1442"
                         HEIGHT="38"
                         WIDTH="494"
                         VPOS="1404"
                         HPOS="239">
                  <String HEIGHT="38"
                          WIDTH="91"
                          VPOS="1404"
                          HPOS="226"
                          CONTENT="tio"
                          SUBS_TYPE="HypPart2"
                          SUBS_CONTENT="proportio"/>
                  <SP HEIGHT="38" WIDTH="13" VPOS="1404" HPOS="317"/>
                  <String HEIGHT="38" WIDTH="78" VPOS="1404" HPOS="278" CONTENT="in"/>
                  <SP HEIGHT="38" WIDTH="13" VPOS="1404" HPOS="356"/>
                  <String HEIGHT="38" WIDTH="91" VPOS="1404" HPOS="317" CONTENT="eis"/>
                  <SP HEIGHT="38" WIDTH="13" VPOS="1404" HPOS="408"/>
                  <String HEIGHT="38" WIDTH="91" VPOS="1404" HPOS="369" CONTENT="est"/>
                  <SP HEIGHT="38" WIDTH="13" VPOS="1404" HPOS="460"/>
                  <String HEIGHT="38"
                          WIDTH="117"
                          VPOS="1404"
                          HPOS="421"
                          CONTENT="eadem"/>
                  <SP HEIGHT="38" WIDTH="13" VPOS="1404" HPOS="538"/>
                  <String HEIGHT="38" WIDTH="78" VPOS="1404" HPOS="499" CONTENT="in"/>
                  <SP HEIGHT="38" WIDTH="13" VPOS="1404" HPOS="577"/>
                  <String HEIGHT="38"
                          WIDTH="143"
                          VPOS="1404"
                          HPOS="538"
                          CONTENT="vtroque"/>
                  <SP HEIGHT="38" WIDTH="13" VPOS="1404" HPOS="681"/>
                  <String HEIGHT="38"
                          WIDTH="117"
                          VPOS="1404"
                          HPOS="642"
                          CONTENT="extre"/>
                  <SP HEIGHT="38" WIDTH="13" VPOS="1404" HPOS="759"/>
                  <String HEIGHT="38" WIDTH="26" VPOS="1404" HPOS="707" CONTENT=""/>
               </TextLine>
               <TextLine ID="r2l35"
                         BASELINE="1489"
                         HEIGHT="52"
                         WIDTH="505"
                         VPOS="1437"
                         HPOS="235">
                  <String HEIGHT="52" WIDTH="93" VPOS="1437" HPOS="222" CONTENT="mo."/>
                  <SP HEIGHT="52" WIDTH="13" VPOS="1437" HPOS="315"/>
                  <String HEIGHT="52"
                          WIDTH="173"
                          VPOS="1437"
                          HPOS="275"
                          CONTENT="similium."/>
                  <SP HEIGHT="52" WIDTH="13" VPOS="1437" HPOS="448"/>
                  <String HEIGHT="52"
                          WIDTH="106"
                          VPOS="1437"
                          HPOS="408"
                          CONTENT="enim"/>
                  <SP HEIGHT="52" WIDTH="13" VPOS="1437" HPOS="514"/>
                  <String HEIGHT="52"
                          WIDTH="159"
                          VPOS="1437"
                          HPOS="474"
                          CONTENT="vtrunque"/>
                  <SP HEIGHT="52" WIDTH="13" VPOS="1437" HPOS="634"/>
                  <String HEIGHT="52" WIDTH="93" VPOS="1437" HPOS="594" CONTENT="est"/>
                  <SP HEIGHT="52" WIDTH="13" VPOS="1437" HPOS="687"/>
                  <String HEIGHT="52"
                          WIDTH="106"
                          VPOS="1437"
                          HPOS="634"
                          CONTENT="simile"/>
               </TextLine>
               <TextLine ID="r2l36"
                         BASELINE="1530"
                         HEIGHT="54"
                         WIDTH="504"
                         VPOS="1476"
                         HPOS="236">
                  <String HEIGHT="54"
                          WIDTH="103"
                          VPOS="1476"
                          HPOS="225"
                          CONTENT="alii,"/>
                  <SP HEIGHT="54" WIDTH="11" VPOS="1476" HPOS="328"/>
                  <String HEIGHT="54" WIDTH="57" VPOS="1476" HPOS="293" CONTENT="&amp;"/>
                  <SP HEIGHT="54" WIDTH="11" VPOS="1476" HPOS="351"/>
                  <String HEIGHT="54"
                          WIDTH="149"
                          VPOS="1476"
                          HPOS="316"
                          CONTENT="similiter"/>
                  <SP HEIGHT="54" WIDTH="11" VPOS="1476" HPOS="465"/>
                  <String HEIGHT="54"
                          WIDTH="149"
                          VPOS="1476"
                          HPOS="431"
                          CONTENT="aequalia."/>
                  <SP HEIGHT="54" WIDTH="11" VPOS="1476" HPOS="580"/>
                  <String HEIGHT="54" WIDTH="57" VPOS="1476" HPOS="545" CONTENT="&amp;"/>
                  <SP HEIGHT="54" WIDTH="11" VPOS="1476" HPOS="603"/>
                  <String HEIGHT="54" WIDTH="80" VPOS="1476" HPOS="568" CONTENT="hoc"/>
                  <SP HEIGHT="54" WIDTH="11" VPOS="1476" HPOS="648"/>
                  <String HEIGHT="54"
                          WIDTH="137"
                          VPOS="1476"
                          HPOS="603"
                          CONTENT="intendebat"/>
               </TextLine>
               <TextLine ID="r2l37"
                         BASELINE="1570"
                         HEIGHT="46"
                         WIDTH="487"
                         VPOS="1524"
                         HPOS="238">
                  <String HEIGHT="46"
                          WIDTH="107"
                          VPOS="1524"
                          HPOS="223"
                          CONTENT="cum"/>
                  <SP HEIGHT="46" WIDTH="15" VPOS="1524" HPOS="329"/>
                  <String HEIGHT="46" WIDTH="91" VPOS="1524" HPOS="284" CONTENT="d."/>
                  <SP HEIGHT="46" WIDTH="15" VPOS="1524" HPOS="375"/>
                  <String HEIGHT="46"
                          WIDTH="122"
                          VPOS="1524"
                          HPOS="329"
                          CONTENT="quia"/>
                  <SP HEIGHT="46" WIDTH="15" VPOS="1524" HPOS="451"/>
                  <String HEIGHT="46"
                          WIDTH="213"
                          VPOS="1524"
                          HPOS="405"
                          CONTENT="conueniunt"/>
                  <SP HEIGHT="46" WIDTH="15" VPOS="1524" HPOS="618"/>
                  <String HEIGHT="46" WIDTH="91" VPOS="1524" HPOS="573" CONTENT="in"/>
                  <SP HEIGHT="46" WIDTH="15" VPOS="1524" HPOS="664"/>
                  <String HEIGHT="46"
                          WIDTH="122"
                          VPOS="1524"
                          HPOS="603"
                          CONTENT="aliquo"/>
               </TextLine>
               <TextLine ID="r2l38"
                         BASELINE="1606"
                         HEIGHT="50"
                         WIDTH="490"
                         VPOS="1556"
                         HPOS="244">
                  <String HEIGHT="50"
                          WIDTH="146"
                          VPOS="1556"
                          HPOS="231"
                          CONTENT="econtra"/>
                  <SP HEIGHT="50" WIDTH="13" VPOS="1556" HPOS="376"/>
                  <String HEIGHT="50" WIDTH="79" VPOS="1556" HPOS="337" CONTENT="in"/>
                  <SP HEIGHT="50" WIDTH="13" VPOS="1556" HPOS="416"/>
                  <String HEIGHT="50"
                          WIDTH="119"
                          VPOS="1556"
                          HPOS="376"
                          CONTENT="aliis"/>
                  <SP HEIGHT="50" WIDTH="13" VPOS="1556" HPOS="496"/>
                  <String HEIGHT="50"
                          WIDTH="172"
                          VPOS="1556"
                          HPOS="456"
                          CONTENT="speciebus"/>
                  <SP HEIGHT="50" WIDTH="13" VPOS="1556" HPOS="628"/>
                  <String HEIGHT="50"
                          WIDTH="159"
                          VPOS="1556"
                          HPOS="575"
                          CONTENT="relationis"/>
               </TextLine>
               <TextLine ID="r2l39"
                         BASELINE="1634"
                         HEIGHT="33"
                         WIDTH="480"
                         VPOS="1601"
                         HPOS="255">
                  <String HEIGHT="33"
                          WIDTH="124"
                          VPOS="1601"
                          HPOS="240"
                          CONTENT="D.d."/>
                  <SP HEIGHT="33" WIDTH="15" VPOS="1601" HPOS="363"/>
                  <String HEIGHT="33" WIDTH="93" VPOS="1601" HPOS="317" CONTENT="Et"/>
                  <SP HEIGHT="33" WIDTH="15" VPOS="1601" HPOS="410"/>
                  <String HEIGHT="33"
                          WIDTH="124"
                          VPOS="1601"
                          HPOS="363"
                          CONTENT="vnum"/>
                  <SP HEIGHT="33" WIDTH="15" VPOS="1601" HPOS="487"/>
                  <String HEIGHT="33"
                          WIDTH="108"
                          VPOS="1601"
                          HPOS="441"
                          CONTENT="est"/>
                  <SP HEIGHT="33" WIDTH="15" VPOS="1601" HPOS="549"/>
                  <String HEIGHT="33"
                          WIDTH="217"
                          VPOS="1601"
                          HPOS="503"
                          CONTENT="principium"/>
                  <SP HEIGHT="33" WIDTH="15" VPOS="1601" HPOS="720"/>
                  <String HEIGHT="33"
                          WIDTH="77"
                          VPOS="1601"
                          HPOS="658"
                          CONTENT="nu"
                          SUBS_TYPE="HypPart1"
                          SUBS_CONTENT="numerorum,"/>
                  <HYP CONTENT="-"/>
               </TextLine>
               <TextLine ID="r2l40"
                         BASELINE="1682"
                         HEIGHT="47"
                         WIDTH="494"
                         VPOS="1635"
                         HPOS="240">
                  <String HEIGHT="47"
                          WIDTH="145"
                          VPOS="1635"
                          HPOS="228"
                          CONTENT="merorum,"
                          SUBS_TYPE="HypPart2"
                          SUBS_CONTENT="numerorum,"/>
                  <SP HEIGHT="47" WIDTH="12" VPOS="1635" HPOS="373"/>
                  <String HEIGHT="47" WIDTH="84" VPOS="1635" HPOS="336" CONTENT="&amp;c."/>
                  <SP HEIGHT="47" WIDTH="12" VPOS="1635" HPOS="421"/>
                  <String HEIGHT="47" WIDTH="72" VPOS="1635" HPOS="385" CONTENT="i."/>
                  <SP HEIGHT="47" WIDTH="12" VPOS="1635" HPOS="457"/>
                  <String HEIGHT="47" WIDTH="60" VPOS="1635" HPOS="421" CONTENT="&amp;"/>
                  <SP HEIGHT="47" WIDTH="12" VPOS="1635" HPOS="481"/>
                  <String HEIGHT="47"
                          WIDTH="108"
                          VPOS="1635"
                          HPOS="445"
                          CONTENT="vnum,"/>
                  <SP HEIGHT="47" WIDTH="12" VPOS="1635" HPOS="553"/>
                  <String HEIGHT="47"
                          WIDTH="145"
                          VPOS="1635"
                          HPOS="517"
                          CONTENT="secundum"/>
                  <SP HEIGHT="47" WIDTH="12" VPOS="1635" HPOS="662"/>
                  <String HEIGHT="47"
                          WIDTH="96"
                          VPOS="1635"
                          HPOS="626"
                          CONTENT="quod"/>
                  <SP HEIGHT="47" WIDTH="12" VPOS="1635" HPOS="722"/>
                  <String HEIGHT="47" WIDTH="60" VPOS="1635" HPOS="674" CONTENT="est"/>
               </TextLine>
               <TextLine ID="r2l41"
                         BASELINE="1724"
                         HEIGHT="49"
                         WIDTH="504"
                         VPOS="1675"
                         HPOS="239">
                  <String HEIGHT="49"
                          WIDTH="243"
                          VPOS="1675"
                          HPOS="222"
                          CONTENT="principium"/>
                  <SP HEIGHT="49" WIDTH="17" VPOS="1675" HPOS="465"/>
                  <String HEIGHT="49"
                          WIDTH="243"
                          VPOS="1675"
                          HPOS="413"
                          CONTENT="numerorum,"/>
                  <SP HEIGHT="49" WIDTH="17" VPOS="1675" HPOS="656"/>
                  <String HEIGHT="49" WIDTH="87" VPOS="1675" HPOS="604" CONTENT="&amp;"/>
                  <SP HEIGHT="49" WIDTH="17" VPOS="1675" HPOS="691"/>
                  <String HEIGHT="49"
                          WIDTH="122"
                          VPOS="1675"
                          HPOS="621"
                          CONTENT="mensu"/>
               </TextLine>
               <TextLine ID="r2l42"
                         BASELINE="1762"
                         HEIGHT="46"
                         WIDTH="492"
                         VPOS="1716"
                         HPOS="236">
                  <String HEIGHT="46" WIDTH="89" VPOS="1716" HPOS="221" CONTENT="ra"/>
                  <SP HEIGHT="46" WIDTH="15" VPOS="1716" HPOS="311"/>
                  <String HEIGHT="46"
                          WIDTH="149"
                          VPOS="1716"
                          HPOS="266"
                          CONTENT="eorum,"/>
                  <SP HEIGHT="46" WIDTH="15" VPOS="1716" HPOS="415"/>
                  <String HEIGHT="46"
                          WIDTH="224"
                          VPOS="1716"
                          HPOS="370"
                          CONTENT="concluditur"/>
                  <SP HEIGHT="46" WIDTH="15" VPOS="1716" HPOS="594"/>
                  <String HEIGHT="46"
                          WIDTH="134"
                          VPOS="1716"
                          HPOS="549"
                          CONTENT="etiam"/>
                  <SP HEIGHT="46" WIDTH="15" VPOS="1716" HPOS="683"/>
                  <String HEIGHT="46" WIDTH="89" VPOS="1716" HPOS="639" CONTENT="in"/>
                  <SP HEIGHT="46" WIDTH="15" VPOS="1716" HPOS="728"/>
                  <String HEIGHT="46" WIDTH="60" VPOS="1716" HPOS="668" CONTENT="re"/>
               </TextLine>
               <TextLine ID="r2l43"
                         BASELINE="1806"
                         HEIGHT="56"
                         WIDTH="498"
                         VPOS="1750"
                         HPOS="239">
                  <String HEIGHT="56"
                          WIDTH="176"
                          VPOS="1750"
                          HPOS="224"
                          CONTENT="latiuis,"/>
                  <SP HEIGHT="56" WIDTH="15" VPOS="1750" HPOS="400"/>
                  <String HEIGHT="56"
                          WIDTH="117"
                          VPOS="1750"
                          HPOS="356"
                          CONTENT="quae"/>
                  <SP HEIGHT="56" WIDTH="15" VPOS="1750" HPOS="473"/>
                  <String HEIGHT="56"
                          WIDTH="117"
                          VPOS="1750"
                          HPOS="429"
                          CONTENT="sunt"/>
                  <SP HEIGHT="56" WIDTH="15" VPOS="1750" HPOS="547"/>
                  <String HEIGHT="56" WIDTH="88" VPOS="1750" HPOS="503" CONTENT="in"/>
                  <SP HEIGHT="56" WIDTH="15" VPOS="1750" HPOS="591"/>
                  <String HEIGHT="56"
                          WIDTH="161"
                          VPOS="1750"
                          HPOS="547"
                          CONTENT="numero."/>
                  <SP HEIGHT="56" WIDTH="15" VPOS="1750" HPOS="708"/>
                  <String HEIGHT="56"
                          WIDTH="88"
                          VPOS="1750"
                          HPOS="649"
                          CONTENT="D.d."/>
               </TextLine>
               <TextLine ID="r2l44"
                         BASELINE="1846"
                         HEIGHT="57"
                         WIDTH="503"
                         VPOS="1789"
                         HPOS="236">
                  <String HEIGHT="57"
                          WIDTH="129"
                          VPOS="1789"
                          HPOS="222"
                          CONTENT="omnia"/>
                  <SP HEIGHT="57" WIDTH="14" VPOS="1789" HPOS="351"/>
                  <String HEIGHT="57"
                          WIDTH="158"
                          VPOS="1789"
                          HPOS="308"
                          CONTENT="igitur,"/>
                  <SP HEIGHT="57" WIDTH="14" VPOS="1789" HPOS="466"/>
                  <String HEIGHT="57"
                          WIDTH="101"
                          VPOS="1789"
                          HPOS="423"
                          CONTENT="&amp;c."/>
                  <SP HEIGHT="57" WIDTH="14" VPOS="1789" HPOS="523"/>
                  <String HEIGHT="57" WIDTH="86" VPOS="1789" HPOS="480" CONTENT="i."/>
                  <SP HEIGHT="57" WIDTH="14" VPOS="1789" HPOS="567"/>
                  <String HEIGHT="57"
                          WIDTH="115"
                          VPOS="1789"
                          HPOS="523"
                          CONTENT="quia"/>
                  <SP HEIGHT="57" WIDTH="14" VPOS="1789" HPOS="638"/>
                  <String HEIGHT="57"
                          WIDTH="129"
                          VPOS="1789"
                          HPOS="595"
                          CONTENT="eorum"/>
                  <SP HEIGHT="57" WIDTH="14" VPOS="1789" HPOS="725"/>
                  <String HEIGHT="57" WIDTH="72" VPOS="1789" HPOS="667" CONTENT="est"/>
               </TextLine>
               <TextLine ID="r2l45"
                         BASELINE="1880"
                         HEIGHT="48"
                         WIDTH="498"
                         VPOS="1832"
                         HPOS="238">
                  <String HEIGHT="48"
                          WIDTH="176"
                          VPOS="1832"
                          HPOS="223"
                          CONTENT="quaedam,"/>
                  <SP HEIGHT="48" WIDTH="15" VPOS="1832" HPOS="399"/>
                  <String HEIGHT="48"
                          WIDTH="132"
                          VPOS="1832"
                          HPOS="355"
                          CONTENT="cuius"/>
                  <SP HEIGHT="48" WIDTH="15" VPOS="1832" HPOS="487"/>
                  <String HEIGHT="48"
                          WIDTH="132"
                          VPOS="1832"
                          HPOS="443"
                          CONTENT="ratio"/>
                  <SP HEIGHT="48" WIDTH="15" VPOS="1832" HPOS="575"/>
                  <String HEIGHT="48"
                          WIDTH="103"
                          VPOS="1832"
                          HPOS="531"
                          CONTENT="est"/>
                  <SP HEIGHT="48" WIDTH="15" VPOS="1832" HPOS="633"/>
                  <String HEIGHT="48"
                          WIDTH="161"
                          VPOS="1832"
                          HPOS="575"
                          CONTENT="terminata"/>
               </TextLine>
            </TextBlock>
            <TextBlock ID="r3" HEIGHT="1815" WIDTH="511" VPOS="99" HPOS="765">
               <Shape>
                  <Polygon POINTS="765,99 765,1914 1276,1914 1276,99"/>
               </Shape>
               <TextLine ID="r3l3"
                         BASELINE="201"
                         HEIGHT="60"
                         WIDTH="512"
                         VPOS="141"
                         HPOS="766">
                  <String HEIGHT="60" WIDTH="69" VPOS="141" HPOS="752" CONTENT="&amp;"/>
                  <SP HEIGHT="60" WIDTH="14" VPOS="141" HPOS="821"/>
                  <String HEIGHT="60"
                          WIDTH="152"
                          VPOS="141"
                          HPOS="780"
                          CONTENT="quaedam"/>
                  <SP HEIGHT="60" WIDTH="14" VPOS="141" HPOS="932"/>
                  <String HEIGHT="60"
                          WIDTH="125"
                          VPOS="141"
                          HPOS="891"
                          CONTENT="cuius"/>
                  <SP HEIGHT="60" WIDTH="14" VPOS="141" HPOS="1015"/>
                  <String HEIGHT="60" WIDTH="97" VPOS="141" HPOS="974" CONTENT="est"/>
                  <SP HEIGHT="60" WIDTH="14" VPOS="141" HPOS="1070"/>
                  <String HEIGHT="60"
                          WIDTH="180"
                          VPOS="141"
                          HPOS="1029"
                          CONTENT="opposita,"/>
                  <SP HEIGHT="60" WIDTH="14" VPOS="141" HPOS="1209"/>
                  <String HEIGHT="60" WIDTH="69" VPOS="141" HPOS="1167" CONTENT="&amp;"/>
                  <SP HEIGHT="60" WIDTH="14" VPOS="141" HPOS="1236"/>
                  <String HEIGHT="60"
                          WIDTH="97"
                          VPOS="141"
                          HPOS="1181"
                          CONTENT="quae"
                          SUBS_TYPE="HypPart1"
                          SUBS_CONTENT="quaedacuius"/>
                  <HYP CONTENT="-"/>
               </TextLine>
               <TextLine ID="r3l4"
                         BASELINE="232"
                         HEIGHT="43"
                         WIDTH="510"
                         VPOS="189"
                         HPOS="771">
                  <String HEIGHT="43"
                          WIDTH="140"
                          VPOS="189"
                          HPOS="758"
                          CONTENT="dacuius"
                          SUBS_TYPE="HypPart2"
                          SUBS_CONTENT="quaedacuius"/>
                  <SP HEIGHT="43" WIDTH="13" VPOS="189" HPOS="899"/>
                  <String HEIGHT="43" WIDTH="89" VPOS="189" HPOS="860" CONTENT="est"/>
                  <SP HEIGHT="43" WIDTH="13" VPOS="189" HPOS="950"/>
                  <String HEIGHT="43"
                          WIDTH="153"
                          VPOS="189"
                          HPOS="911"
                          CONTENT="communis"/>
                  <SP HEIGHT="43" WIDTH="13" VPOS="189" HPOS="1064"/>
                  <String HEIGHT="43" WIDTH="77" VPOS="189" HPOS="1026" CONTENT="in"/>
                  <SP HEIGHT="43" WIDTH="13" VPOS="189" HPOS="1103"/>
                  <String HEIGHT="43"
                          WIDTH="153"
                          VPOS="189"
                          HPOS="1064"
                          CONTENT="vnitate,"/>
                  <SP HEIGHT="43" WIDTH="13" VPOS="189" HPOS="1217"/>
                  <String HEIGHT="43" WIDTH="64" VPOS="189" HPOS="1179" CONTENT="&amp;"/>
                  <SP HEIGHT="43" WIDTH="13" VPOS="189" HPOS="1243"/>
                  <String HEIGHT="43"
                          WIDTH="102"
                          VPOS="189"
                          HPOS="1205"
                          CONTENT="quae"/>
                  <SP HEIGHT="43" WIDTH="13" VPOS="189" HPOS="1307"/>
                  <String HEIGHT="43" WIDTH="26" VPOS="189" HPOS="1256" CONTENT=""/>
               </TextLine>
               <TextLine ID="r3l5"
                         BASELINE="275"
                         HEIGHT="45"
                         WIDTH="505"
                         VPOS="230"
                         HPOS="768">
                  <String HEIGHT="45" WIDTH="114" VPOS="230" HPOS="752" CONTENT="dam"/>
                  <SP HEIGHT="45" WIDTH="16" VPOS="230" HPOS="866"/>
                  <String HEIGHT="45" WIDTH="98" VPOS="230" HPOS="817" CONTENT="in"/>
                  <SP HEIGHT="45" WIDTH="16" VPOS="230" HPOS="915"/>
                  <String HEIGHT="45"
                          WIDTH="261"
                          VPOS="230"
                          HPOS="866"
                          CONTENT="accidentibus"/>
                  <SP HEIGHT="45" WIDTH="16" VPOS="230" HPOS="1126"/>
                  <String HEIGHT="45"
                          WIDTH="195"
                          VPOS="230"
                          HPOS="1078"
                          CONTENT="numerori"/>
                  <SP HEIGHT="45" WIDTH="16" VPOS="230" HPOS="1273"/>
                  <String HEIGHT="45"
                          WIDTH="65"
                          VPOS="230"
                          HPOS="1208"
                          CONTENT="m"
                          SUBS_TYPE="HypPart1"
                          SUBS_CONTENT="m&amp;"/>
                  <HYP CONTENT="-"/>
               </TextLine>
               <TextLine ID="r3l6"
                         BASELINE="306"
                         HEIGHT="36"
                         WIDTH="495"
                         VPOS="270"
                         HPOS="770">
                  <String HEIGHT="36"
                          WIDTH="77"
                          VPOS="270"
                          HPOS="755"
                          CONTENT="&amp;"
                          SUBS_TYPE="HypPart2"
                          SUBS_CONTENT="m&amp;"/>
                  <SP HEIGHT="36" WIDTH="15" VPOS="270" HPOS="832"/>
                  <String HEIGHT="36"
                          WIDTH="170"
                          VPOS="270"
                          HPOS="785"
                          CONTENT="quaedam"/>
                  <SP HEIGHT="36" WIDTH="15" VPOS="270" HPOS="956"/>
                  <String HEIGHT="36" WIDTH="108" VPOS="270" HPOS="909" CONTENT="est"/>
                  <SP HEIGHT="36" WIDTH="15" VPOS="270" HPOS="1018"/>
                  <String HEIGHT="36" WIDTH="93" VPOS="270" HPOS="971" CONTENT="in"/>
                  <SP HEIGHT="36" WIDTH="15" VPOS="270" HPOS="1064"/>
                  <String HEIGHT="36"
                          WIDTH="217"
                          VPOS="270"
                          HPOS="1018"
                          CONTENT="substantia"/>
                  <SP HEIGHT="36" WIDTH="15" VPOS="270" HPOS="1234"/>
                  <String HEIGHT="36"
                          WIDTH="93"
                          VPOS="270"
                          HPOS="1172"
                          CONTENT="nume"/>
               </TextLine>
               <TextLine ID="r3l7"
                         BASELINE="354"
                         HEIGHT="38"
                         WIDTH="502"
                         VPOS="316"
                         HPOS="772">
                  <String HEIGHT="38"
                          WIDTH="143"
                          VPOS="316"
                          HPOS="758"
                          CONTENT="rorum."/>
                  <SP HEIGHT="38" WIDTH="14" VPOS="316" HPOS="901"/>
                  <String HEIGHT="38"
                          WIDTH="115"
                          VPOS="316"
                          HPOS="858"
                          CONTENT="D.d."/>
                  <SP HEIGHT="38" WIDTH="14" VPOS="316" HPOS="973"/>
                  <String HEIGHT="38"
                          WIDTH="143"
                          VPOS="316"
                          HPOS="930"
                          CONTENT="Actiua"/>
                  <SP HEIGHT="38" WIDTH="14" VPOS="316" HPOS="1073"/>
                  <String HEIGHT="38"
                          WIDTH="143"
                          VPOS="316"
                          HPOS="1030"
                          CONTENT="autem,"/>
                  <SP HEIGHT="38" WIDTH="14" VPOS="316" HPOS="1174"/>
                  <String HEIGHT="38" WIDTH="72" VPOS="316" HPOS="1131" CONTENT="&amp;"/>
                  <SP HEIGHT="38" WIDTH="14" VPOS="316" HPOS="1202"/>
                  <String HEIGHT="38"
                          WIDTH="129"
                          VPOS="316"
                          HPOS="1145"
                          CONTENT="passiua"/>
               </TextLine>
               <TextLine ID="r3l8"
                         BASELINE="393"
                         HEIGHT="45"
                         WIDTH="504"
                         VPOS="348"
                         HPOS="766">
                  <String HEIGHT="45" WIDTH="93" VPOS="348" HPOS="753" CONTENT="&amp;c."/>
                  <SP HEIGHT="45" WIDTH="13" VPOS="348" HPOS="846"/>
                  <String HEIGHT="45" WIDTH="80" VPOS="348" HPOS="806" CONTENT="i."/>
                  <SP HEIGHT="45" WIDTH="13" VPOS="348" HPOS="885"/>
                  <String HEIGHT="45"
                          WIDTH="159"
                          VPOS="348"
                          HPOS="846"
                          CONTENT="relatiua"/>
                  <SP HEIGHT="45" WIDTH="13" VPOS="348" HPOS="1005"/>
                  <String HEIGHT="45"
                          WIDTH="133"
                          VPOS="348"
                          HPOS="965"
                          CONTENT="autem,"/>
                  <SP HEIGHT="45" WIDTH="13" VPOS="348" HPOS="1098"/>
                  <String HEIGHT="45"
                          WIDTH="172"
                          VPOS="348"
                          HPOS="1058"
                          CONTENT="collocata"/>
                  <SP HEIGHT="45" WIDTH="13" VPOS="348" HPOS="1230"/>
                  <String HEIGHT="45" WIDTH="80" VPOS="348" HPOS="1190" CONTENT="in"/>
                  <SP HEIGHT="45" WIDTH="13" VPOS="348" HPOS="1270"/>
                  <String HEIGHT="45" WIDTH="53" VPOS="348" HPOS="1217" CONTENT="ge"/>
               </TextLine>
               <TextLine ID="r3l9"
                         BASELINE="428"
                         HEIGHT="46"
                         WIDTH="506"
                         VPOS="382"
                         HPOS="771">
                  <String HEIGHT="46"
                          WIDTH="107"
                          VPOS="382"
                          HPOS="758"
                          CONTENT="nere"/>
                  <SP HEIGHT="46" WIDTH="13" VPOS="382" HPOS="864"/>
                  <String HEIGHT="46"
                          WIDTH="160"
                          VPOS="382"
                          HPOS="824"
                          CONTENT="actionis"/>
                  <SP HEIGHT="46" WIDTH="13" VPOS="382" HPOS="984"/>
                  <String HEIGHT="46" WIDTH="67" VPOS="382" HPOS="944" CONTENT="&amp;"/>
                  <SP HEIGHT="46" WIDTH="13" VPOS="382" HPOS="1011"/>
                  <String HEIGHT="46"
                          WIDTH="186"
                          VPOS="382"
                          HPOS="971"
                          CONTENT="passionis,"/>
                  <SP HEIGHT="46" WIDTH="13" VPOS="382" HPOS="1157"/>
                  <String HEIGHT="46"
                          WIDTH="107"
                          VPOS="382"
                          HPOS="1117"
                          CONTENT="sunt"/>
                  <SP HEIGHT="46" WIDTH="13" VPOS="382" HPOS="1224"/>
                  <String HEIGHT="46"
                          WIDTH="107"
                          VPOS="382"
                          HPOS="1170"
                          CONTENT="relati"/>
               </TextLine>
               <TextLine ID="r3l10"
                         BASELINE="463"
                         HEIGHT="41"
                         WIDTH="506"
                         VPOS="422"
                         HPOS="769">
                  <String HEIGHT="41" WIDTH="80" VPOS="422" HPOS="756" CONTENT="ua"/>
                  <SP HEIGHT="41" WIDTH="13" VPOS="422" HPOS="836"/>
                  <String HEIGHT="41" WIDTH="93" VPOS="422" HPOS="796" CONTENT="per"/>
                  <SP HEIGHT="41" WIDTH="13" VPOS="422" HPOS="889"/>
                  <String HEIGHT="41"
                          WIDTH="173"
                          VPOS="422"
                          HPOS="849"
                          CONTENT="potentias"/>
                  <SP HEIGHT="41" WIDTH="13" VPOS="422" HPOS="1022"/>
                  <String HEIGHT="41"
                          WIDTH="186"
                          VPOS="422"
                          HPOS="982"
                          CONTENT="existentes"/>
                  <SP HEIGHT="41" WIDTH="13" VPOS="422" HPOS="1168"/>
                  <String HEIGHT="41" WIDTH="80" VPOS="422" HPOS="1129" CONTENT="in"/>
                  <SP HEIGHT="41" WIDTH="13" VPOS="422" HPOS="1208"/>
                  <String HEIGHT="41"
                          WIDTH="107"
                          VPOS="422"
                          HPOS="1168"
                          CONTENT="eis."/>
                  <SP HEIGHT="41" WIDTH="13" VPOS="422" HPOS="1275"/>
                  <String HEIGHT="41" WIDTH="67" VPOS="422" HPOS="1235" CONTENT="&amp;"/>
                  <SP HEIGHT="41" WIDTH="13" VPOS="422" HPOS="1302"/>
                  <String HEIGHT="41" WIDTH="27" VPOS="422" HPOS="1248" CONTENT=""/>
               </TextLine>
               <TextLine ID="r3l11"
                         BASELINE="511"
                         HEIGHT="51"
                         WIDTH="495"
                         VPOS="460"
                         HPOS="770">
                  <String HEIGHT="51"
                          WIDTH="174"
                          VPOS="460"
                          HPOS="757"
                          CONTENT="intendit,"/>
                  <SP HEIGHT="51" WIDTH="13" VPOS="460" HPOS="931"/>
                  <String HEIGHT="51"
                          WIDTH="107"
                          VPOS="460"
                          HPOS="890"
                          CONTENT="quod"/>
                  <SP HEIGHT="51" WIDTH="13" VPOS="460" HPOS="997"/>
                  <String HEIGHT="51" WIDTH="94" VPOS="460" HPOS="957" CONTENT="non"/>
                  <SP HEIGHT="51" WIDTH="13" VPOS="460" HPOS="1051"/>
                  <String HEIGHT="51"
                          WIDTH="107"
                          VPOS="460"
                          HPOS="1011"
                          CONTENT="sunt"/>
                  <SP HEIGHT="51" WIDTH="13" VPOS="460" HPOS="1118"/>
                  <String HEIGHT="51"
                          WIDTH="120"
                          VPOS="460"
                          HPOS="1078"
                          CONTENT="sicut"/>
                  <SP HEIGHT="51" WIDTH="13" VPOS="460" HPOS="1198"/>
                  <String HEIGHT="51"
                          WIDTH="120"
                          VPOS="460"
                          HPOS="1145"
                          CONTENT="numetus"/>
               </TextLine>
               <TextLine ID="r3l12"
                         BASELINE="550"
                         HEIGHT="49"
                         WIDTH="500"
                         VPOS="501"
                         HPOS="773">
                  <String HEIGHT="49" WIDTH="79" VPOS="501" HPOS="760" CONTENT="in"/>
                  <SP HEIGHT="49" WIDTH="13" VPOS="501" HPOS="839"/>
                  <String HEIGHT="49"
                          WIDTH="132"
                          VPOS="501"
                          HPOS="799"
                          CONTENT="numero"/>
                  <SP HEIGHT="49" WIDTH="13" VPOS="501" HPOS="931"/>
                  <String HEIGHT="49"
                          WIDTH="105"
                          VPOS="501"
                          HPOS="891"
                          CONTENT="enim"/>
                  <SP HEIGHT="49" WIDTH="13" VPOS="501" HPOS="997"/>
                  <String HEIGHT="49" WIDTH="92" VPOS="501" HPOS="957" CONTENT="non"/>
                  <SP HEIGHT="49" WIDTH="13" VPOS="501" HPOS="1049"/>
                  <String HEIGHT="49" WIDTH="92" VPOS="501" HPOS="1010" CONTENT="est"/>
                  <SP HEIGHT="49" WIDTH="13" VPOS="501" HPOS="1102"/>
                  <String HEIGHT="49"
                          WIDTH="118"
                          VPOS="501"
                          HPOS="1062"
                          CONTENT="actio"/>
                  <SP HEIGHT="49" WIDTH="13" VPOS="501" HPOS="1181"/>
                  <String HEIGHT="49"
                          WIDTH="118"
                          VPOS="501"
                          HPOS="1141"
                          CONTENT="neque"/>
                  <SP HEIGHT="49" WIDTH="13" VPOS="501" HPOS="1260"/>
                  <String HEIGHT="49" WIDTH="66" VPOS="501" HPOS="1207" CONTENT="pal"/>
               </TextLine>
               <TextLine ID="r3l13"
                         BASELINE="578"
                         HEIGHT="39"
                         WIDTH="503"
                         VPOS="539"
                         HPOS="764">
                  <String HEIGHT="39"
                          WIDTH="115"
                          VPOS="539"
                          HPOS="750"
                          CONTENT="sio."/>
                  <SP HEIGHT="39" WIDTH="14" VPOS="539" HPOS="865"/>
                  <String HEIGHT="39" WIDTH="72" VPOS="539" HPOS="821" CONTENT="&amp;"/>
                  <SP HEIGHT="39" WIDTH="14" VPOS="539" HPOS="893"/>
                  <String HEIGHT="39"
                          WIDTH="115"
                          VPOS="539"
                          HPOS="850"
                          CONTENT="ideo"/>
                  <SP HEIGHT="39" WIDTH="14" VPOS="539" HPOS="965"/>
                  <String HEIGHT="39" WIDTH="86" VPOS="539" HPOS="922" CONTENT="d."/>
                  <SP HEIGHT="39" WIDTH="14" VPOS="539" HPOS="1008"/>
                  <String HEIGHT="39"
                          WIDTH="172"
                          VPOS="539"
                          HPOS="965"
                          CONTENT="Secundum"/>
                  <SP HEIGHT="39" WIDTH="14" VPOS="539" HPOS="1138"/>
                  <String HEIGHT="39"
                          WIDTH="129"
                          VPOS="539"
                          HPOS="1095"
                          CONTENT="autem"/>
                  <SP HEIGHT="39" WIDTH="14" VPOS="539" HPOS="1224"/>
                  <String HEIGHT="39"
                          WIDTH="101"
                          VPOS="539"
                          HPOS="1166"
                          CONTENT="modum"/>
               </TextLine>
               <TextLine ID="r3l14"
                         BASELINE="618"
                         HEIGHT="37"
                         WIDTH="498"
                         VPOS="581"
                         HPOS="767">
                  <String HEIGHT="37"
                          WIDTH="146"
                          VPOS="581"
                          HPOS="752"
                          CONTENT="numeri"/>
                  <SP HEIGHT="37" WIDTH="15" VPOS="581" HPOS="899"/>
                  <String HEIGHT="37" WIDTH="103" VPOS="581" HPOS="855" CONTENT="non"/>
                  <SP HEIGHT="37" WIDTH="15" VPOS="581" HPOS="957"/>
                  <String HEIGHT="37"
                          WIDTH="146"
                          VPOS="581"
                          HPOS="913"
                          CONTENT="habent"/>
                  <SP HEIGHT="37" WIDTH="15" VPOS="581" HPOS="1060"/>
                  <String HEIGHT="37"
                          WIDTH="190"
                          VPOS="581"
                          HPOS="1016"
                          CONTENT="actiones,"/>
                  <SP HEIGHT="37" WIDTH="15" VPOS="581" HPOS="1206"/>
                  <String HEIGHT="37"
                          WIDTH="103"
                          VPOS="581"
                          HPOS="1162"
                          CONTENT="&amp;c."/>
                  <SP HEIGHT="37" WIDTH="15" VPOS="581" HPOS="1265"/>
                  <String HEIGHT="37" WIDTH="59" VPOS="581" HPOS="1206" CONTENT="i."/>
               </TextLine>
               <TextLine ID="r3l15"
                         BASELINE="658"
                         HEIGHT="43"
                         WIDTH="495"
                         VPOS="615"
                         HPOS="767">
                  <String HEIGHT="43"
                          WIDTH="165"
                          VPOS="615"
                          HPOS="753"
                          CONTENT="relatiua"/>
                  <SP HEIGHT="43" WIDTH="14" VPOS="615" HPOS="918"/>
                  <String HEIGHT="43"
                          WIDTH="138"
                          VPOS="615"
                          HPOS="877"
                          CONTENT="autem,"/>
                  <SP HEIGHT="43" WIDTH="14" VPOS="615" HPOS="1015"/>
                  <String HEIGHT="43"
                          WIDTH="110"
                          VPOS="615"
                          HPOS="973"
                          CONTENT="quae"/>
                  <SP HEIGHT="43" WIDTH="14" VPOS="615" HPOS="1083"/>
                  <String HEIGHT="43"
                          WIDTH="110"
                          VPOS="615"
                          HPOS="1042"
                          CONTENT="sunt"/>
                  <SP HEIGHT="43" WIDTH="14" VPOS="615" HPOS="1152"/>
                  <String HEIGHT="43" WIDTH="83" VPOS="615" HPOS="1111" CONTENT="in"/>
                  <SP HEIGHT="43" WIDTH="14" VPOS="615" HPOS="1193"/>
                  <String HEIGHT="43"
                          WIDTH="124"
                          VPOS="615"
                          HPOS="1138"
                          CONTENT="numeris"/>
               </TextLine>
               <TextLine ID="r3l16"
                         BASELINE="700"
                         HEIGHT="44"
                         WIDTH="497"
                         VPOS="656"
                         HPOS="771">
                  <String HEIGHT="44" WIDTH="92" VPOS="656" HPOS="758" CONTENT="non"/>
                  <SP HEIGHT="44" WIDTH="13" VPOS="656" HPOS="849"/>
                  <String HEIGHT="44"
                          WIDTH="131"
                          VPOS="656"
                          HPOS="810"
                          CONTENT="habent"/>
                  <SP HEIGHT="44" WIDTH="13" VPOS="656" HPOS="941"/>
                  <String HEIGHT="44"
                          WIDTH="170"
                          VPOS="656"
                          HPOS="902"
                          CONTENT="actiones,"/>
                  <SP HEIGHT="44" WIDTH="13" VPOS="656" HPOS="1072"/>
                  <String HEIGHT="44"
                          WIDTH="131"
                          VPOS="656"
                          HPOS="1033"
                          CONTENT="neque:"/>
                  <SP HEIGHT="44" WIDTH="13" VPOS="656" HPOS="1163"/>
                  <String HEIGHT="44"
                          WIDTH="157"
                          VPOS="656"
                          HPOS="1111"
                          CONTENT="passiones,"/>
               </TextLine>
               <TextLine ID="r3l17"
                         BASELINE="734"
                         HEIGHT="41"
                         WIDTH="501"
                         VPOS="693"
                         HPOS="764">
                  <String HEIGHT="41" WIDTH="72" VPOS="693" HPOS="750" CONTENT="&amp;"/>
                  <SP HEIGHT="41" WIDTH="14" VPOS="693" HPOS="821"/>
                  <String HEIGHT="41"
                          WIDTH="200"
                          VPOS="693"
                          HPOS="778"
                          CONTENT="accidentia"/>
                  <SP HEIGHT="41" WIDTH="14" VPOS="693" HPOS="979"/>
                  <String HEIGHT="41"
                          WIDTH="200"
                          VPOS="693"
                          HPOS="936"
                          CONTENT="existentia"/>
                  <SP HEIGHT="41" WIDTH="14" VPOS="693" HPOS="1136"/>
                  <String HEIGHT="41" WIDTH="86" VPOS="693" HPOS="1093" CONTENT="in"/>
                  <SP HEIGHT="41" WIDTH="14" VPOS="693" HPOS="1179"/>
                  <String HEIGHT="41"
                          WIDTH="129"
                          VPOS="693"
                          HPOS="1136"
                          CONTENT="rebus"/>
                  <SP HEIGHT="41" WIDTH="14" VPOS="693" HPOS="1265"/>
                  <String HEIGHT="41" WIDTH="57" VPOS="693" HPOS="1208" CONTENT="mo"/>
               </TextLine>
               <TextLine ID="r3l18"
                         BASELINE="772"
                         HEIGHT="39"
                         WIDTH="500"
                         VPOS="733"
                         HPOS="767">
                  <String HEIGHT="39"
                          WIDTH="176"
                          VPOS="733"
                          HPOS="752"
                          CONTENT="bilibus."/>
                  <SP HEIGHT="39" WIDTH="15" VPOS="733" HPOS="929"/>
                  <String HEIGHT="39"
                          WIDTH="118"
                          VPOS="733"
                          HPOS="885"
                          CONTENT="D.d."/>
                  <SP HEIGHT="39" WIDTH="15" VPOS="733" HPOS="1002"/>
                  <String HEIGHT="39" WIDTH="88" VPOS="733" HPOS="958" CONTENT="Et"/>
                  <SP HEIGHT="39" WIDTH="15" VPOS="733" HPOS="1046"/>
                  <String HEIGHT="39"
                          WIDTH="176"
                          VPOS="733"
                          HPOS="1002"
                          CONTENT="dicuntur"/>
                  <SP HEIGHT="39" WIDTH="15" VPOS="733" HPOS="1179"/>
                  <String HEIGHT="39"
                          WIDTH="147"
                          VPOS="733"
                          HPOS="1120"
                          CONTENT="relatiua"/>
               </TextLine>
               <TextLine ID="r3l19"
                         BASELINE="818"
                         HEIGHT="45"
                         WIDTH="503"
                         VPOS="773"
                         HPOS="768">
                  <String HEIGHT="45" WIDTH="104" VPOS="773" HPOS="753" CONTENT="&amp;c."/>
                  <SP HEIGHT="45" WIDTH="15" VPOS="773" HPOS="857"/>
                  <String HEIGHT="45" WIDTH="89" VPOS="773" HPOS="812" CONTENT="i."/>
                  <SP HEIGHT="45" WIDTH="15" VPOS="773" HPOS="901"/>
                  <String HEIGHT="45" WIDTH="74" VPOS="773" HPOS="857" CONTENT="&amp;"/>
                  <SP HEIGHT="45" WIDTH="15" VPOS="773" HPOS="931"/>
                  <String HEIGHT="45"
                          WIDTH="222"
                          VPOS="773"
                          HPOS="886"
                          CONTENT="relatiuorum"/>
                  <SP HEIGHT="45" WIDTH="15" VPOS="773" HPOS="1108"/>
                  <String HEIGHT="45"
                          WIDTH="163"
                          VPOS="773"
                          HPOS="1064"
                          CONTENT="quaedam"/>
                  <SP HEIGHT="45" WIDTH="15" VPOS="773" HPOS="1227"/>
                  <String HEIGHT="45"
                          WIDTH="104"
                          VPOS="773"
                          HPOS="1167"
                          CONTENT="sunt,"/>
               </TextLine>
               <TextLine ID="r3l20"
                         BASELINE="854"
                         HEIGHT="41"
                         WIDTH="506"
                         VPOS="813"
                         HPOS="767">
                  <String HEIGHT="41" WIDTH="96" VPOS="813" HPOS="753" CONTENT="qua"/>
                  <SP HEIGHT="41" WIDTH="14" VPOS="813" HPOS="849"/>
                  <String HEIGHT="41" WIDTH="96" VPOS="813" HPOS="808" CONTENT="non"/>
                  <SP HEIGHT="41" WIDTH="14" VPOS="813" HPOS="904"/>
                  <String HEIGHT="41"
                          WIDTH="109"
                          VPOS="813"
                          HPOS="863"
                          CONTENT="sunt"/>
                  <SP HEIGHT="41" WIDTH="14" VPOS="813" HPOS="972"/>
                  <String HEIGHT="41"
                          WIDTH="164"
                          VPOS="813"
                          HPOS="931"
                          CONTENT="relatiua"/>
                  <SP HEIGHT="41" WIDTH="14" VPOS="813" HPOS="1095"/>
                  <String HEIGHT="41"
                          WIDTH="109"
                          VPOS="813"
                          HPOS="1054"
                          CONTENT="nisi"/>
                  <SP HEIGHT="41" WIDTH="14" VPOS="813" HPOS="1164"/>
                  <String HEIGHT="41" WIDTH="82" VPOS="813" HPOS="1123" CONTENT="in"/>
                  <SP HEIGHT="41" WIDTH="14" VPOS="813" HPOS="1205"/>
                  <String HEIGHT="41"
                          WIDTH="123"
                          VPOS="813"
                          HPOS="1150"
                          CONTENT="termina"/>
               </TextLine>
               <TextLine ID="r3l21"
                         BASELINE="903"
                         HEIGHT="52"
                         WIDTH="504"
                         VPOS="851"
                         HPOS="769">
                  <String HEIGHT="52" WIDTH="86" VPOS="851" HPOS="757" CONTENT="tis"/>
                  <SP HEIGHT="52" WIDTH="12" VPOS="851" HPOS="843"/>
                  <String HEIGHT="52"
                          WIDTH="184"
                          VPOS="851"
                          HPOS="806"
                          CONTENT="temporibus,"/>
                  <SP HEIGHT="52" WIDTH="12" VPOS="851" HPOS="990"/>
                  <String HEIGHT="52"
                          WIDTH="111"
                          VPOS="851"
                          HPOS="953"
                          CONTENT="sicut"/>
                  <SP HEIGHT="52" WIDTH="12" VPOS="851" HPOS="1064"/>
                  <String HEIGHT="52" WIDTH="86" VPOS="851" HPOS="1027" CONTENT="res"/>
                  <SP HEIGHT="52" WIDTH="12" VPOS="851" HPOS="1113"/>
                  <String HEIGHT="52"
                          WIDTH="148"
                          VPOS="851"
                          HPOS="1076"
                          CONTENT="actiuae,"/>
                  <SP HEIGHT="52" WIDTH="12" VPOS="851" HPOS="1224"/>
                  <String HEIGHT="52" WIDTH="61" VPOS="851" HPOS="1187" CONTENT="&amp;"/>
                  <SP HEIGHT="52" WIDTH="12" VPOS="851" HPOS="1248"/>
                  <String HEIGHT="52"
                          WIDTH="74"
                          VPOS="851"
                          HPOS="1199"
                          CONTENT="pas"
                          SUBS_TYPE="HypPart1"
                          SUBS_CONTENT="passiuae,"/>
                  <HYP CONTENT="-"/>
               </TextLine>
               <TextLine ID="r3l22"
                         BASELINE="943"
                         HEIGHT="50"
                         WIDTH="512"
                         VPOS="893"
                         HPOS="764">
                  <String HEIGHT="50"
                          WIDTH="142"
                          VPOS="893"
                          HPOS="750"
                          CONTENT="siuae,"
                          SUBS_TYPE="HypPart2"
                          SUBS_CONTENT="passiuae,"/>
                  <SP HEIGHT="50" WIDTH="14" VPOS="893" HPOS="892"/>
                  <String HEIGHT="50"
                          WIDTH="114"
                          VPOS="893"
                          HPOS="849"
                          CONTENT="quae"/>
                  <SP HEIGHT="50" WIDTH="14" VPOS="893" HPOS="963"/>
                  <String HEIGHT="50"
                          WIDTH="242"
                          VPOS="893"
                          HPOS="920"
                          CONTENT="appropriantur"/>
                  <SP HEIGHT="50" WIDTH="14" VPOS="893" HPOS="1162"/>
                  <String HEIGHT="50"
                          WIDTH="171"
                          VPOS="893"
                          HPOS="1105"
                          CONTENT="temporibus"/>
               </TextLine>
               <TextLine ID="r3l23"
                         BASELINE="970"
                         HEIGHT="39"
                         WIDTH="508"
                         VPOS="931"
                         HPOS="764">
                  <String HEIGHT="39"
                          WIDTH="206"
                          VPOS="931"
                          HPOS="750"
                          CONTENT="terminatis,"/>
                  <SP HEIGHT="39" WIDTH="14" VPOS="931" HPOS="956"/>
                  <String HEIGHT="39"
                          WIDTH="124"
                          VPOS="931"
                          HPOS="915"
                          CONTENT="sicut"/>
                  <SP HEIGHT="39" WIDTH="14" VPOS="931" HPOS="1039"/>
                  <String HEIGHT="39"
                          WIDTH="110"
                          VPOS="931"
                          HPOS="997"
                          CONTENT="quod"/>
                  <SP HEIGHT="39" WIDTH="14" VPOS="931" HPOS="1107"/>
                  <String HEIGHT="39"
                          WIDTH="110"
                          VPOS="931"
                          HPOS="1066"
                          CONTENT="agit"/>
                  <SP HEIGHT="39" WIDTH="14" VPOS="931" HPOS="1176"/>
                  <String HEIGHT="39" WIDTH="82" VPOS="931" HPOS="1135" CONTENT="in"/>
                  <SP HEIGHT="39" WIDTH="14" VPOS="931" HPOS="1217"/>
                  <String HEIGHT="39"
                          WIDTH="110"
                          VPOS="931"
                          HPOS="1162"
                          CONTENT="aliquo"/>
               </TextLine>
               <TextLine ID="r3l24"
                         BASELINE="1020"
                         HEIGHT="51"
                         WIDTH="507"
                         VPOS="969"
                         HPOS="761">
                  <String HEIGHT="51"
                          WIDTH="169"
                          VPOS="969"
                          HPOS="747"
                          CONTENT="tempore,"/>
                  <SP HEIGHT="51" WIDTH="14" VPOS="969" HPOS="916"/>
                  <String HEIGHT="51" WIDTH="70" VPOS="969" HPOS="874" CONTENT="&amp;"/>
                  <SP HEIGHT="51" WIDTH="14" VPOS="969" HPOS="944"/>
                  <String HEIGHT="51" WIDTH="99" VPOS="969" HPOS="902" CONTENT="non"/>
                  <SP HEIGHT="51" WIDTH="14" VPOS="969" HPOS="1000"/>
                  <String HEIGHT="51"
                          WIDTH="113"
                          VPOS="969"
                          HPOS="958"
                          CONTENT="agit"/>
                  <SP HEIGHT="51" WIDTH="14" VPOS="969" HPOS="1071"/>
                  <String HEIGHT="51" WIDTH="85" VPOS="969" HPOS="1029" CONTENT="in"/>
                  <SP HEIGHT="51" WIDTH="14" VPOS="969" HPOS="1113"/>
                  <String HEIGHT="51"
                          WIDTH="127"
                          VPOS="969"
                          HPOS="1071"
                          CONTENT="alio:"/>
                  <SP HEIGHT="51" WIDTH="14" VPOS="969" HPOS="1198"/>
                  <String HEIGHT="51" WIDTH="70" VPOS="969" HPOS="1155" CONTENT="&amp;"/>
                  <SP HEIGHT="51" WIDTH="14" VPOS="969" HPOS="1226"/>
                  <String HEIGHT="51"
                          WIDTH="99"
                          VPOS="969"
                          HPOS="1169"
                          CONTENT="sicut"/>
               </TextLine>
               <TextLine ID="r3l25"
                         BASELINE="1059"
                         HEIGHT="55"
                         WIDTH="510"
                         VPOS="1004"
                         HPOS="760">
                  <String HEIGHT="55"
                          WIDTH="102"
                          VPOS="1004"
                          HPOS="747"
                          CONTENT="agit"/>
                  <SP HEIGHT="55" WIDTH="13" VPOS="1004" HPOS="849"/>
                  <String HEIGHT="55"
                          WIDTH="102"
                          VPOS="1004"
                          HPOS="811"
                          CONTENT="quod"/>
                  <SP HEIGHT="55" WIDTH="13" VPOS="1004" HPOS="913"/>
                  <String HEIGHT="55" WIDTH="89" VPOS="1004" HPOS="875" CONTENT="est"/>
                  <SP HEIGHT="55" WIDTH="13" VPOS="1004" HPOS="964"/>
                  <String HEIGHT="55" WIDTH="77" VPOS="1004" HPOS="926" CONTENT="in"/>
                  <SP HEIGHT="55" WIDTH="13" VPOS="1004" HPOS="1002"/>
                  <String HEIGHT="55"
                          WIDTH="191"
                          VPOS="1004"
                          HPOS="964"
                          CONTENT="praeterito,"/>
                  <SP HEIGHT="55" WIDTH="13" VPOS="1004" HPOS="1155"/>
                  <String HEIGHT="55" WIDTH="64" VPOS="1004" HPOS="1117" CONTENT="&amp;"/>
                  <SP HEIGHT="55" WIDTH="13" VPOS="1004" HPOS="1181"/>
                  <String HEIGHT="55"
                          WIDTH="102"
                          VPOS="1004"
                          HPOS="1143"
                          CONTENT="agit"/>
                  <SP HEIGHT="55" WIDTH="13" VPOS="1004" HPOS="1245"/>
                  <String HEIGHT="55"
                          WIDTH="77"
                          VPOS="1004"
                          HPOS="1194"
                          CONTENT="quid"/>
               </TextLine>
               <TextLine ID="r3l26"
                         BASELINE="1096"
                         HEIGHT="52"
                         WIDTH="505"
                         VPOS="1044"
                         HPOS="766">
                  <String HEIGHT="52" WIDTH="75" VPOS="1044" HPOS="755" CONTENT="est"/>
                  <SP HEIGHT="52" WIDTH="11" VPOS="1044" HPOS="830"/>
                  <String HEIGHT="52" WIDTH="64" VPOS="1044" HPOS="798" CONTENT="in"/>
                  <SP HEIGHT="52" WIDTH="11" VPOS="1044" HPOS="863"/>
                  <String HEIGHT="52"
                          WIDTH="150"
                          VPOS="1044"
                          HPOS="830"
                          CONTENT="praesenti."/>
                  <SP HEIGHT="52" WIDTH="11" VPOS="1044" HPOS="981"/>
                  <String HEIGHT="52"
                          WIDTH="86"
                          VPOS="1044"
                          HPOS="949"
                          CONTENT="D.d."/>
                  <SP HEIGHT="52" WIDTH="11" VPOS="1044" HPOS="1035"/>
                  <String HEIGHT="52" WIDTH="54" VPOS="1044" HPOS="1002" CONTENT="&amp;"/>
                  <SP HEIGHT="52" WIDTH="11" VPOS="1044" HPOS="1056"/>
                  <String HEIGHT="52"
                          WIDTH="75"
                          VPOS="1044"
                          HPOS="1024"
                          CONTENT="sic"/>
                  <SP HEIGHT="52" WIDTH="11" VPOS="1044" HPOS="1099"/>
                  <String HEIGHT="52"
                          WIDTH="118"
                          VPOS="1044"
                          HPOS="1067"
                          CONTENT="dicitur"/>
                  <SP HEIGHT="52" WIDTH="11" VPOS="1044" HPOS="1185"/>
                  <String HEIGHT="52"
                          WIDTH="107"
                          VPOS="1044"
                          HPOS="1153"
                          CONTENT="ptrer,"/>
                  <SP HEIGHT="52" WIDTH="11" VPOS="1044" HPOS="1260"/>
                  <String HEIGHT="52"
                          WIDTH="54"
                          VPOS="1044"
                          HPOS="1217"
                          CONTENT="&amp;c."/>
               </TextLine>
               <TextLine ID="r3l27"
                         BASELINE="1138"
                         HEIGHT="53"
                         WIDTH="506"
                         VPOS="1085"
                         HPOS="767">
                  <String HEIGHT="53" WIDTH="82" VPOS="1085" HPOS="753" CONTENT="i."/>
                  <SP HEIGHT="53" WIDTH="14" VPOS="1085" HPOS="835"/>
                  <String HEIGHT="53"
                          WIDTH="109"
                          VPOS="1085"
                          HPOS="794"
                          CONTENT="quia"/>
                  <SP HEIGHT="53" WIDTH="14" VPOS="1085" HPOS="904"/>
                  <String HEIGHT="53"
                          WIDTH="123"
                          VPOS="1085"
                          HPOS="863"
                          CONTENT="pater"/>
                  <SP HEIGHT="53" WIDTH="14" VPOS="1085" HPOS="986"/>
                  <String HEIGHT="53" WIDTH="68" VPOS="1085" HPOS="945" CONTENT="&amp;"/>
                  <SP HEIGHT="53" WIDTH="14" VPOS="1085" HPOS="1013"/>
                  <String HEIGHT="53"
                          WIDTH="137"
                          VPOS="1085"
                          HPOS="972"
                          CONTENT="filius"/>
                  <SP HEIGHT="53" WIDTH="14" VPOS="1085" HPOS="1109"/>
                  <String HEIGHT="53"
                          WIDTH="109"
                          VPOS="1085"
                          HPOS="1068"
                          CONTENT="sunt"/>
                  <SP HEIGHT="53" WIDTH="14" VPOS="1085" HPOS="1177"/>
                  <String HEIGHT="53" WIDTH="82" VPOS="1085" HPOS="1136" CONTENT="de"/>
                  <SP HEIGHT="53" WIDTH="14" VPOS="1085" HPOS="1218"/>
                  <String HEIGHT="53"
                          WIDTH="109"
                          VPOS="1085"
                          HPOS="1164"
                          CONTENT="genere"/>
               </TextLine>
               <TextLine ID="r3l28"
                         BASELINE="1176"
                         HEIGHT="51"
                         WIDTH="502"
                         VPOS="1125"
                         HPOS="764">
                  <String HEIGHT="51"
                          WIDTH="153"
                          VPOS="1125"
                          HPOS="750"
                          CONTENT="agentis"/>
                  <SP HEIGHT="51" WIDTH="14" VPOS="1125" HPOS="903"/>
                  <String HEIGHT="51" WIDTH="70" VPOS="1125" HPOS="862" CONTENT="&amp;"/>
                  <SP HEIGHT="51" WIDTH="14" VPOS="1125" HPOS="931"/>
                  <String HEIGHT="51"
                          WIDTH="195"
                          VPOS="1125"
                          HPOS="890"
                          CONTENT="patientis,"/>
                  <SP HEIGHT="51" WIDTH="14" VPOS="1125" HPOS="1085"/>
                  <String HEIGHT="51" WIDTH="84" VPOS="1125" HPOS="1043" CONTENT="in"/>
                  <SP HEIGHT="51" WIDTH="14" VPOS="1125" HPOS="1127"/>
                  <String HEIGHT="51"
                          WIDTH="98"
                          VPOS="1125"
                          HPOS="1085"
                          CONTENT="quo"/>
                  <SP HEIGHT="51" WIDTH="14" VPOS="1125" HPOS="1182"/>
                  <String HEIGHT="51"
                          WIDTH="98"
                          VPOS="1125"
                          HPOS="1141"
                          CONTENT="non"/>
                  <SP HEIGHT="51" WIDTH="14" VPOS="1125" HPOS="1238"/>
                  <String HEIGHT="51"
                          WIDTH="98"
                          VPOS="1125"
                          HPOS="1196"
                          CONTENT="in"/>
                  <SP HEIGHT="51" WIDTH="14" VPOS="1125" HPOS="1294"/>
                  <String HEIGHT="51" WIDTH="28" VPOS="1125" HPOS="1238" CONTENT=""/>
               </TextLine>
               <TextLine ID="r3l29"
                         BASELINE="1214"
                         HEIGHT="56"
                         WIDTH="495"
                         VPOS="1158"
                         HPOS="770">
                  <String HEIGHT="56"
                          WIDTH="156"
                          VPOS="1158"
                          HPOS="756"
                          CONTENT="uenitur"/>
                  <SP HEIGHT="56" WIDTH="14" VPOS="1158" HPOS="911"/>
                  <String HEIGHT="56"
                          WIDTH="127"
                          VPOS="1158"
                          HPOS="869"
                          CONTENT="actio"/>
                  <SP HEIGHT="56" WIDTH="14" VPOS="1158" HPOS="996"/>
                  <String HEIGHT="56" WIDTH="71" VPOS="1158" HPOS="954" CONTENT="&amp;"/>
                  <SP HEIGHT="56" WIDTH="14" VPOS="1158" HPOS="1025"/>
                  <String HEIGHT="56"
                          WIDTH="141"
                          VPOS="1158"
                          HPOS="982"
                          CONTENT="passio"/>
                  <SP HEIGHT="56" WIDTH="14" VPOS="1158" HPOS="1124"/>
                  <String HEIGHT="56"
                          WIDTH="113"
                          VPOS="1158"
                          HPOS="1081"
                          CONTENT="nisi"/>
                  <SP HEIGHT="56" WIDTH="14" VPOS="1158" HPOS="1194"/>
                  <String HEIGHT="56" WIDTH="85" VPOS="1158" HPOS="1152" CONTENT="in"/>
                  <SP HEIGHT="56" WIDTH="14" VPOS="1158" HPOS="1237"/>
                  <String HEIGHT="56"
                          WIDTH="85"
                          VPOS="1158"
                          HPOS="1180"
                          CONTENT="tem"
                          SUBS_TYPE="HypPart1"
                          SUBS_CONTENT="tempore"/>
                  <HYP CONTENT="-"/>
               </TextLine>
               <TextLine ID="r3l30"
                         BASELINE="1250"
                         HEIGHT="47"
                         WIDTH="504"
                         VPOS="1203"
                         HPOS="768">
                  <String HEIGHT="47"
                          WIDTH="109"
                          VPOS="1203"
                          HPOS="754"
                          CONTENT="pore"
                          SUBS_TYPE="HypPart2"
                          SUBS_CONTENT="tempore"/>
                  <SP HEIGHT="47" WIDTH="14" VPOS="1203" HPOS="863"/>
                  <String HEIGHT="47"
                          WIDTH="191"
                          VPOS="1203"
                          HPOS="822"
                          CONTENT="terminato."/>
                  <SP HEIGHT="47" WIDTH="14" VPOS="1203" HPOS="1013"/>
                  <String HEIGHT="47" WIDTH="95" VPOS="1203" HPOS="972" CONTENT="vit"/>
                  <SP HEIGHT="47" WIDTH="14" VPOS="1203" HPOS="1068"/>
                  <String HEIGHT="47"
                          WIDTH="109"
                          VPOS="1203"
                          HPOS="1027"
                          CONTENT="enim"/>
                  <SP HEIGHT="47" WIDTH="14" VPOS="1203" HPOS="1136"/>
                  <String HEIGHT="47" WIDTH="68" VPOS="1203" HPOS="1095" CONTENT="&amp;"/>
                  <SP HEIGHT="47" WIDTH="14" VPOS="1203" HPOS="1163"/>
                  <String HEIGHT="47"
                          WIDTH="136"
                          VPOS="1203"
                          HPOS="1122"
                          CONTENT="mulier"/>
                  <SP HEIGHT="47" WIDTH="14" VPOS="1203" HPOS="1258"/>
                  <String HEIGHT="47"
                          WIDTH="68"
                          VPOS="1203"
                          HPOS="1204"
                          CONTENT="non"/>
               </TextLine>
               <TextLine ID="r3l31"
                         BASELINE="1293"
                         HEIGHT="48"
                         WIDTH="498"
                         VPOS="1245"
                         HPOS="770">
                  <String HEIGHT="48"
                          WIDTH="153"
                          VPOS="1245"
                          HPOS="757"
                          CONTENT="generant"/>
                  <SP HEIGHT="48" WIDTH="13" VPOS="1245" HPOS="910"/>
                  <String HEIGHT="48" WIDTH="77" VPOS="1245" HPOS="872" CONTENT="in"/>
                  <SP HEIGHT="48" WIDTH="13" VPOS="1245" HPOS="949"/>
                  <String HEIGHT="48"
                          WIDTH="153"
                          VPOS="1245"
                          HPOS="910"
                          CONTENT="qualibet"/>
                  <SP HEIGHT="48" WIDTH="13" VPOS="1245" HPOS="1064"/>
                  <String HEIGHT="48"
                          WIDTH="140"
                          VPOS="1245"
                          HPOS="1025"
                          CONTENT="aetate,"/>
                  <SP HEIGHT="48" WIDTH="13" VPOS="1245" HPOS="1166"/>
                  <String HEIGHT="48"
                          WIDTH="89"
                          VPOS="1245"
                          HPOS="1128"
                          CONTENT="sed"/>
                  <SP HEIGHT="48" WIDTH="13" VPOS="1245" HPOS="1217"/>
                  <String HEIGHT="48" WIDTH="77" VPOS="1245" HPOS="1179" CONTENT="in"/>
                  <SP HEIGHT="48" WIDTH="13" VPOS="1245" HPOS="1255"/>
                  <String HEIGHT="48"
                          WIDTH="64"
                          VPOS="1245"
                          HPOS="1204"
                          CONTENT="tem"/>
               </TextLine>
               <TextLine ID="r3l32"
                         BASELINE="1334"
                         HEIGHT="49"
                         WIDTH="506"
                         VPOS="1285"
                         HPOS="768">
                  <String HEIGHT="49"
                          WIDTH="155"
                          VPOS="1285"
                          HPOS="754"
                          CONTENT="poribus"/>
                  <SP HEIGHT="49" WIDTH="14" VPOS="1285" HPOS="909"/>
                  <String HEIGHT="49"
                          WIDTH="127"
                          VPOS="1285"
                          HPOS="866"
                          CONTENT="vitae"/>
                  <SP HEIGHT="49" WIDTH="14" VPOS="1285" HPOS="993"/>
                  <String HEIGHT="49"
                          WIDTH="239"
                          VPOS="1285"
                          HPOS="951"
                          CONTENT="determinatis."/>
                  <SP HEIGHT="49" WIDTH="14" VPOS="1285" HPOS="1190"/>
                  <String HEIGHT="49"
                          WIDTH="112"
                          VPOS="1285"
                          HPOS="1148"
                          CONTENT="D.d."/>
                  <SP HEIGHT="49" WIDTH="14" VPOS="1285" HPOS="1260"/>
                  <String HEIGHT="49"
                          WIDTH="70"
                          VPOS="1285"
                          HPOS="1204"
                          CONTENT="Oia"/>
               </TextLine>
               <TextLine ID="r3l33"
                         BASELINE="1362"
                         HEIGHT="42"
                         WIDTH="489"
                         VPOS="1320"
                         HPOS="769">
                  <String HEIGHT="42"
                          WIDTH="122"
                          VPOS="1320"
                          HPOS="757"
                          CONTENT="igitur"/>
                  <SP HEIGHT="42" WIDTH="12" VPOS="1320" HPOS="879"/>
                  <String HEIGHT="42"
                          WIDTH="159"
                          VPOS="1320"
                          HPOS="842"
                          CONTENT="relatiua,"/>
                  <SP HEIGHT="42" WIDTH="12" VPOS="1320" HPOS="1001"/>
                  <String HEIGHT="42" WIDTH="86" VPOS="1320" HPOS="965" CONTENT="&amp;c."/>
                  <SP HEIGHT="42" WIDTH="12" VPOS="1320" HPOS="1050"/>
                  <String HEIGHT="42" WIDTH="73" VPOS="1320" HPOS="1013" CONTENT="i."/>
                  <SP HEIGHT="42" WIDTH="12" VPOS="1320" HPOS="1087"/>
                  <String HEIGHT="42"
                          WIDTH="110"
                          VPOS="1320"
                          HPOS="1050"
                          CONTENT="omnia"/>
                  <SP HEIGHT="42" WIDTH="12" VPOS="1320" HPOS="1160"/>
                  <String HEIGHT="42"
                          WIDTH="122"
                          VPOS="1320"
                          HPOS="1124"
                          CONTENT="igitur"/>
                  <SP HEIGHT="42" WIDTH="12" VPOS="1320" HPOS="1246"/>
                  <String HEIGHT="42" WIDTH="73" VPOS="1320" HPOS="1209" CONTENT="re"/>
                  <SP HEIGHT="42" WIDTH="12" VPOS="1320" HPOS="1282"/>
                  <String HEIGHT="42" WIDTH="24" VPOS="1320" HPOS="1234" CONTENT=""/>
               </TextLine>
               <TextLine ID="r3l34"
                         BASELINE="1402"
                         HEIGHT="45"
                         WIDTH="503"
                         VPOS="1357"
                         HPOS="766">
                  <String HEIGHT="45"
                          WIDTH="132"
                          VPOS="1357"
                          HPOS="754"
                          CONTENT="latiua,"/>
                  <SP HEIGHT="45" WIDTH="12" VPOS="1357" HPOS="886"/>
                  <String HEIGHT="45"
                          WIDTH="96"
                          VPOS="1357"
                          HPOS="850"
                          CONTENT="quae"/>
                  <SP HEIGHT="45" WIDTH="12" VPOS="1357" HPOS="946"/>
                  <String HEIGHT="45"
                          WIDTH="96"
                          VPOS="1357"
                          HPOS="910"
                          CONTENT="sunt"/>
                  <SP HEIGHT="45" WIDTH="12" VPOS="1357" HPOS="1006"/>
                  <String HEIGHT="45" WIDTH="72" VPOS="1357" HPOS="970" CONTENT="in"/>
                  <SP HEIGHT="45" WIDTH="12" VPOS="1357" HPOS="1041"/>
                  <String HEIGHT="45"
                          WIDTH="144"
                          VPOS="1357"
                          HPOS="1006"
                          CONTENT="numeris,"/>
                  <SP HEIGHT="45" WIDTH="12" VPOS="1357" HPOS="1149"/>
                  <String HEIGHT="45" WIDTH="60" VPOS="1357" HPOS="1113" CONTENT="&amp;"/>
                  <SP HEIGHT="45" WIDTH="12" VPOS="1357" HPOS="1173"/>
                  <String HEIGHT="45"
                          WIDTH="144"
                          VPOS="1357"
                          HPOS="1125"
                          CONTENT="potentiis,"/>
               </TextLine>
               <TextLine ID="r3l35"
                         BASELINE="1450"
                         HEIGHT="53"
                         WIDTH="500"
                         VPOS="1397"
                         HPOS="768">
                  <String HEIGHT="53"
                          WIDTH="105"
                          VPOS="1397"
                          HPOS="755"
                          CONTENT="sunt"/>
                  <SP HEIGHT="53" WIDTH="13" VPOS="1397" HPOS="860"/>
                  <String HEIGHT="53"
                          WIDTH="171"
                          VPOS="1397"
                          HPOS="821"
                          CONTENT="relatiua,"/>
                  <SP HEIGHT="53" WIDTH="13" VPOS="1397" HPOS="992"/>
                  <String HEIGHT="53"
                          WIDTH="105"
                          VPOS="1397"
                          HPOS="952"
                          CONTENT="quia"/>
                  <SP HEIGHT="53" WIDTH="13" VPOS="1397" HPOS="1057"/>
                  <String HEIGHT="53"
                          WIDTH="158"
                          VPOS="1397"
                          HPOS="1018"
                          CONTENT="essentia"/>
                  <SP HEIGHT="53" WIDTH="13" VPOS="1397" HPOS="1176"/>
                  <String HEIGHT="53"
                          WIDTH="145"
                          VPOS="1397"
                          HPOS="1123"
                          CONTENT="vtriusque"/>
               </TextLine>
               <TextLine ID="r3l36"
                         BASELINE="1475"
                         HEIGHT="39"
                         WIDTH="502"
                         VPOS="1436"
                         HPOS="768">
                  <String HEIGHT="39"
                          WIDTH="137"
                          VPOS="1436"
                          HPOS="753"
                          CONTENT="eorum"/>
                  <SP HEIGHT="39" WIDTH="15" VPOS="1436" HPOS="890"/>
                  <String HEIGHT="39"
                          WIDTH="213"
                          VPOS="1436"
                          HPOS="844"
                          CONTENT="collocatur"/>
                  <SP HEIGHT="39" WIDTH="15" VPOS="1436" HPOS="1057"/>
                  <String HEIGHT="39" WIDTH="91" VPOS="1436" HPOS="1011" CONTENT="in"/>
                  <SP HEIGHT="39" WIDTH="15" VPOS="1436" HPOS="1103"/>
                  <String HEIGHT="39"
                          WIDTH="198"
                          VPOS="1436"
                          HPOS="1057"
                          CONTENT="relatione"/>
                  <SP HEIGHT="39" WIDTH="15" VPOS="1436" HPOS="1255"/>
                  <String HEIGHT="39"
                          WIDTH="76"
                          VPOS="1436"
                          HPOS="1194"
                          CONTENT="eo"
                          SUBS_TYPE="HypPart1"
                          SUBS_CONTENT="eodem"/>
                  <HYP CONTENT="-"/>
               </TextLine>
               <TextLine ID="r3l37"
                         BASELINE="1531"
                         HEIGHT="54"
                         WIDTH="507"
                         VPOS="1477"
                         HPOS="768">
                  <String HEIGHT="54"
                          WIDTH="101"
                          VPOS="1477"
                          HPOS="754"
                          CONTENT="dem"
                          SUBS_TYPE="HypPart2"
                          SUBS_CONTENT="eodem"/>
                  <SP HEIGHT="54" WIDTH="14" VPOS="1477" HPOS="855"/>
                  <String HEIGHT="54"
                          WIDTH="159"
                          VPOS="1477"
                          HPOS="811"
                          CONTENT="ordine,"/>
                  <SP HEIGHT="54" WIDTH="14" VPOS="1477" HPOS="971"/>
                  <String HEIGHT="54"
                          WIDTH="101"
                          VPOS="1477"
                          HPOS="927"
                          CONTENT="non"/>
                  <SP HEIGHT="54" WIDTH="14" VPOS="1477" HPOS="1029"/>
                  <String HEIGHT="54"
                          WIDTH="116"
                          VPOS="1477"
                          HPOS="985"
                          CONTENT="quia"/>
                  <SP HEIGHT="54" WIDTH="14" VPOS="1477" HPOS="1101"/>
                  <String HEIGHT="54"
                          WIDTH="159"
                          VPOS="1477"
                          HPOS="1058"
                          CONTENT="alterum"/>
                  <SP HEIGHT="54" WIDTH="14" VPOS="1477" HPOS="1217"/>
                  <String HEIGHT="54"
                          WIDTH="116"
                          VPOS="1477"
                          HPOS="1159"
                          CONTENT="intrat"/>
               </TextLine>
               <TextLine ID="r3l38"
                         BASELINE="1566"
                         HEIGHT="49"
                         WIDTH="504"
                         VPOS="1517"
                         HPOS="768">
                  <String HEIGHT="49" WIDTH="86" VPOS="1517" HPOS="754" CONTENT="in"/>
                  <SP HEIGHT="49" WIDTH="14" VPOS="1517" HPOS="840"/>
                  <String HEIGHT="49"
                          WIDTH="202"
                          VPOS="1517"
                          HPOS="797"
                          CONTENT="relationem"/>
                  <SP HEIGHT="49" WIDTH="14" VPOS="1517" HPOS="998"/>
                  <String HEIGHT="49"
                          WIDTH="101"
                          VPOS="1517"
                          HPOS="955"
                          CONTENT="per"/>
                  <SP HEIGHT="49" WIDTH="14" VPOS="1517" HPOS="1056"/>
                  <String HEIGHT="49"
                          WIDTH="101"
                          VPOS="1517"
                          HPOS="1013"
                          CONTENT="se,"/>
                  <SP HEIGHT="49" WIDTH="14" VPOS="1517" HPOS="1114"/>
                  <String HEIGHT="49" WIDTH="72" VPOS="1517" HPOS="1070" CONTENT="&amp;"/>
                  <SP HEIGHT="49" WIDTH="14" VPOS="1517" HPOS="1142"/>
                  <String HEIGHT="49"
                          WIDTH="158"
                          VPOS="1517"
                          HPOS="1099"
                          CONTENT="alterum"/>
                  <SP HEIGHT="49" WIDTH="14" VPOS="1517" HPOS="1258"/>
                  <String HEIGHT="49"
                          WIDTH="72"
                          VPOS="1517"
                          HPOS="1200"
                          CONTENT="non"/>
               </TextLine>
               <TextLine ID="r3l39"
                         BASELINE="1606"
                         HEIGHT="50"
                         WIDTH="503"
                         VPOS="1556"
                         HPOS="766">
                  <String HEIGHT="50" WIDTH="75" VPOS="1556" HPOS="753" CONTENT="in"/>
                  <SP HEIGHT="50" WIDTH="13" VPOS="1556" HPOS="829"/>
                  <String HEIGHT="50"
                          WIDTH="163"
                          VPOS="1556"
                          HPOS="791"
                          CONTENT="relatione"/>
                  <SP HEIGHT="50" WIDTH="13" VPOS="1556" HPOS="955"/>
                  <String HEIGHT="50" WIDTH="88" VPOS="1556" HPOS="917" CONTENT="per"/>
                  <SP HEIGHT="50" WIDTH="13" VPOS="1556" HPOS="1005"/>
                  <String HEIGHT="50" WIDTH="88" VPOS="1556" HPOS="967" CONTENT="se:"/>
                  <SP HEIGHT="50" WIDTH="13" VPOS="1556" HPOS="1055"/>
                  <String HEIGHT="50"
                          WIDTH="88"
                          VPOS="1556"
                          HPOS="1018"
                          CONTENT="sed"/>
                  <SP HEIGHT="50" WIDTH="13" VPOS="1556" HPOS="1106"/>
                  <String HEIGHT="50"
                          WIDTH="138"
                          VPOS="1556"
                          HPOS="1068"
                          CONTENT="quoniam"/>
                  <SP HEIGHT="50" WIDTH="13" VPOS="1556" HPOS="1206"/>
                  <String HEIGHT="50"
                          WIDTH="113"
                          VPOS="1556"
                          HPOS="1156"
                          CONTENT="alterum"/>
               </TextLine>
               <TextLine ID="r3l40"
                         BASELINE="1634"
                         HEIGHT="38"
                         WIDTH="501"
                         VPOS="1596"
                         HPOS="764">
                  <String HEIGHT="38"
                          WIDTH="120"
                          VPOS="1596"
                          HPOS="753"
                          CONTENT="accidit"/>
                  <SP HEIGHT="38" WIDTH="11" VPOS="1596" HPOS="873"/>
                  <String HEIGHT="38" WIDTH="76" VPOS="1596" HPOS="840" CONTENT="eis"/>
                  <SP HEIGHT="38" WIDTH="11" VPOS="1596" HPOS="916"/>
                  <String HEIGHT="38"
                          WIDTH="131"
                          VPOS="1596"
                          HPOS="884"
                          CONTENT="scilicet"/>
                  <SP HEIGHT="38" WIDTH="11" VPOS="1596" HPOS="1014"/>
                  <String HEIGHT="38"
                          WIDTH="109"
                          VPOS="1596"
                          HPOS="982"
                          CONTENT="illud,"/>
                  <SP HEIGHT="38" WIDTH="11" VPOS="1596" HPOS="1091"/>
                  <String HEIGHT="38"
                          WIDTH="87"
                          VPOS="1596"
                          HPOS="1058"
                          CONTENT="quod"/>
                  <SP HEIGHT="38" WIDTH="11" VPOS="1596" HPOS="1145"/>
                  <String HEIGHT="38"
                          WIDTH="76"
                          VPOS="1596"
                          HPOS="1113"
                          CONTENT="est"/>
                  <SP HEIGHT="38" WIDTH="11" VPOS="1596" HPOS="1189"/>
                  <String HEIGHT="38"
                          WIDTH="120"
                          VPOS="1596"
                          HPOS="1145"
                          CONTENT="relatiuum"/>
               </TextLine>
               <TextLine ID="r3l41"
                         BASELINE="1682"
                         HEIGHT="48"
                         WIDTH="498"
                         VPOS="1634"
                         HPOS="766">
                  <String HEIGHT="48" WIDTH="83" VPOS="1634" HPOS="754" CONTENT="per"/>
                  <SP HEIGHT="48" WIDTH="12" VPOS="1634" HPOS="837"/>
                  <String HEIGHT="48" WIDTH="83" VPOS="1634" HPOS="802" CONTENT="se,"/>
                  <SP HEIGHT="48" WIDTH="12" VPOS="1634" HPOS="885"/>
                  <String HEIGHT="48" WIDTH="59" VPOS="1634" HPOS="849" CONTENT="&amp;"/>
                  <SP HEIGHT="48" WIDTH="12" VPOS="1634" HPOS="908"/>
                  <String HEIGHT="48"
                          WIDTH="142"
                          VPOS="1634"
                          HPOS="873"
                          CONTENT="accidens"/>
                  <SP HEIGHT="48" WIDTH="12" VPOS="1634" HPOS="1015"/>
                  <String HEIGHT="48"
                          WIDTH="154"
                          VPOS="1634"
                          HPOS="979"
                          CONTENT="alterius,"/>
                  <SP HEIGHT="48" WIDTH="12" VPOS="1634" HPOS="1134"/>
                  <String HEIGHT="48"
                          WIDTH="130"
                          VPOS="1634"
                          HPOS="1098"
                          CONTENT="propter"/>
                  <SP HEIGHT="48" WIDTH="12" VPOS="1634" HPOS="1228"/>
                  <String HEIGHT="48"
                          WIDTH="95"
                          VPOS="1634"
                          HPOS="1193"
                          CONTENT="quod"/>
                  <SP HEIGHT="48" WIDTH="12" VPOS="1634" HPOS="1288"/>
                  <String HEIGHT="48" WIDTH="24" VPOS="1634" HPOS="1240" CONTENT=""/>
               </TextLine>
               <TextLine ID="r3l42"
                         BASELINE="1714"
                         HEIGHT="42"
                         WIDTH="488"
                         VPOS="1672"
                         HPOS="775">
                  <String HEIGHT="42"
                          WIDTH="112"
                          VPOS="1672"
                          HPOS="761"
                          CONTENT="fuit"/>
                  <SP HEIGHT="42" WIDTH="14" VPOS="1672" HPOS="873"/>
                  <String HEIGHT="42"
                          WIDTH="195"
                          VPOS="1672"
                          HPOS="831"
                          CONTENT="relatiuum."/>
                  <SP HEIGHT="42" WIDTH="14" VPOS="1672" HPOS="1026"/>
                  <String HEIGHT="42"
                          WIDTH="112"
                          VPOS="1672"
                          HPOS="984"
                          CONTENT="D.d."/>
                  <SP HEIGHT="42" WIDTH="14" VPOS="1672" HPOS="1096"/>
                  <String HEIGHT="42"
                          WIDTH="195"
                          VPOS="1672"
                          HPOS="1054"
                          CONTENT="Mensuratum"/>
                  <SP HEIGHT="42" WIDTH="14" VPOS="1672" HPOS="1249"/>
                  <String HEIGHT="42"
                          WIDTH="70"
                          VPOS="1672"
                          HPOS="1193"
                          CONTENT="au"
                          SUBS_TYPE="HypPart1"
                          SUBS_CONTENT="autem,"/>
                  <HYP CONTENT="-"/>
               </TextLine>
               <TextLine ID="r3l43"
                         BASELINE="1755"
                         HEIGHT="40"
                         WIDTH="498"
                         VPOS="1715"
                         HPOS="771">
                  <String HEIGHT="40"
                          WIDTH="108"
                          VPOS="1715"
                          HPOS="758"
                          CONTENT="tem,"
                          SUBS_TYPE="HypPart2"
                          SUBS_CONTENT="autem,"/>
                  <SP HEIGHT="40" WIDTH="13" VPOS="1715" HPOS="865"/>
                  <String HEIGHT="40" WIDTH="67" VPOS="1715" HPOS="825" CONTENT="&amp;"/>
                  <SP HEIGHT="40" WIDTH="13" VPOS="1715" HPOS="892"/>
                  <String HEIGHT="40"
                          WIDTH="215"
                          VPOS="1715"
                          HPOS="852"
                          CONTENT="intellectum,"/>
                  <SP HEIGHT="40" WIDTH="13" VPOS="1715" HPOS="1067"/>
                  <String HEIGHT="40"
                          WIDTH="94"
                          VPOS="1715"
                          HPOS="1027"
                          CONTENT="&amp;c."/>
                  <SP HEIGHT="40" WIDTH="13" VPOS="1715" HPOS="1121"/>
                  <String HEIGHT="40" WIDTH="81" VPOS="1715" HPOS="1081" CONTENT="i."/>
                  <SP HEIGHT="40" WIDTH="13" VPOS="1715" HPOS="1161"/>
                  <String HEIGHT="40"
                          WIDTH="108"
                          VPOS="1715"
                          HPOS="1121"
                          CONTENT="quod"/>
                  <SP HEIGHT="40" WIDTH="13" VPOS="1715" HPOS="1229"/>
                  <String HEIGHT="40"
                          WIDTH="94"
                          VPOS="1715"
                          HPOS="1175"
                          CONTENT="autem"/>
               </TextLine>
               <TextLine ID="r3l44"
                         BASELINE="1794"
                         HEIGHT="44"
                         WIDTH="506"
                         VPOS="1750"
                         HPOS="764">
                  <String HEIGHT="44"
                          WIDTH="104"
                          VPOS="1750"
                          HPOS="749"
                          CONTENT="est"/>
                  <SP HEIGHT="44" WIDTH="15" VPOS="1750" HPOS="853"/>
                  <String HEIGHT="44" WIDTH="89" VPOS="1750" HPOS="809" CONTENT="de"/>
                  <SP HEIGHT="44" WIDTH="15" VPOS="1750" HPOS="898"/>
                  <String HEIGHT="44"
                          WIDTH="119"
                          VPOS="1750"
                          HPOS="853"
                          CONTENT="modo"/>
                  <SP HEIGHT="44" WIDTH="15" VPOS="1750" HPOS="972"/>
                  <String HEIGHT="44"
                          WIDTH="238"
                          VPOS="1750"
                          HPOS="928"
                          CONTENT="relatiuorum,"/>
                  <SP HEIGHT="44" WIDTH="15" VPOS="1750" HPOS="1166"/>
                  <String HEIGHT="44"
                          WIDTH="134"
                          VPOS="1750"
                          HPOS="1121"
                          CONTENT="sicut"/>
                  <SP HEIGHT="44" WIDTH="15" VPOS="1750" HPOS="1255"/>
                  <String HEIGHT="44"
                          WIDTH="74"
                          VPOS="1750"
                          HPOS="1196"
                          CONTENT="in"
                          SUBS_TYPE="HypPart1"
                          SUBS_CONTENT="intellectum"/>
                  <HYP CONTENT="-"/>
               </TextLine>
               <TextLine ID="r3l45"
                         BASELINE="1834"
                         HEIGHT="38"
                         WIDTH="510"
                         VPOS="1796"
                         HPOS="764">
                  <String HEIGHT="38"
                          WIDTH="184"
                          VPOS="1796"
                          HPOS="750"
                          CONTENT="tellectum"
                          SUBS_TYPE="HypPart2"
                          SUBS_CONTENT="intellectum"/>
                  <SP HEIGHT="38" WIDTH="14" VPOS="1796" HPOS="934"/>
                  <String HEIGHT="38" WIDTH="71" VPOS="1796" HPOS="891" CONTENT="&amp;"/>
                  <SP HEIGHT="38" WIDTH="14" VPOS="1796" HPOS="962"/>
                  <String HEIGHT="38"
                          WIDTH="156"
                          VPOS="1796"
                          HPOS="920"
                          CONTENT="scitum,"/>
                  <SP HEIGHT="38" WIDTH="14" VPOS="1796" HPOS="1076"/>
                  <String HEIGHT="38"
                          WIDTH="170"
                          VPOS="1796"
                          HPOS="1033"
                          CONTENT="sensatum"/>
                  <SP HEIGHT="38" WIDTH="14" VPOS="1796" HPOS="1203"/>
                  <String HEIGHT="38"
                          WIDTH="128"
                          VPOS="1796"
                          HPOS="1147"
                          CONTENT="dicitur"/>
               </TextLine>
               <TextLine ID="r3l46"
                         BASELINE="1883"
                         HEIGHT="54"
                         WIDTH="507"
                         VPOS="1829"
                         HPOS="768">
                  <String HEIGHT="54"
                          WIDTH="113"
                          VPOS="1829"
                          HPOS="754"
                          CONTENT="esse"/>
                  <SP HEIGHT="54" WIDTH="14" VPOS="1829" HPOS="867"/>
                  <String HEIGHT="54"
                          WIDTH="197"
                          VPOS="1829"
                          HPOS="824"
                          CONTENT="relatiuum,"/>
                  <SP HEIGHT="54" WIDTH="14" VPOS="1829" HPOS="1021"/>
                  <String HEIGHT="54"
                          WIDTH="113"
                          VPOS="1829"
                          HPOS="979"
                          CONTENT="quia"/>
                  <SP HEIGHT="54" WIDTH="14" VPOS="1829" HPOS="1092"/>
                  <String HEIGHT="54"
                          WIDTH="141"
                          VPOS="1829"
                          HPOS="1050"
                          CONTENT="illud,"/>
                  <SP HEIGHT="54" WIDTH="14" VPOS="1829" HPOS="1191"/>
                  <String HEIGHT="54"
                          WIDTH="113"
                          VPOS="1829"
                          HPOS="1148"
                          CONTENT="quod"/>
                  <SP HEIGHT="54" WIDTH="14" VPOS="1829" HPOS="1261"/>
                  <String HEIGHT="54"
                          WIDTH="70"
                          VPOS="1829"
                          HPOS="1205"
                          CONTENT="est"/>
               </TextLine>
            </TextBlock>
         </PrintSpace>
      </Page>
   </Layout>
</alto>
