1475 2066
181 141 93 53 in
227 141 170 53 ratione
350 141 124 53 enim
428 141 154 53 animal
536 141 154 53 inest.
628 141 93 53 Cal-

197 189 138 45 lias
283 189 138 45 enim
369 189 190 45 quoddam
507 189 172 45 animal
611 189 103 45 est,

191 233 123 49 ltem
267 233 92 49 si
313 233 92 49 in
359 233 153 49 seipso
467 233 138 49 primo
543 233 169 49 suscepit.

193 270 104 52 aut
253 270 89 52 in
297 270 149 52 aliquo
402 270 119 52 sui.
476 270 89 52 vt
521 270 119 52 puta
581 270 134 52 superfi

188 316 165 46 ficies
303 316 132 46 alba
385 316 198 46 secundum
534 316 115 46 se,
600 316 82 46 &
616 316 99 46 homo

195 360 206 42 secundum
350 360 103 42 se
401 360 189 42 viuens.
539 360 155 42 anima
625 360 86 42 nan

198 409 120 35 que
267 409 137 35 pars
352 409 189 35 quaedam
490 409 189 35 hominis
610 409 103 35 est,

190 445 101 53 in
241 445 118 53 qua
308 445 151 53 prima
409 445 151 53 ipsum
509 445 168 53 viuere
610 445 101 53 est,

190 484 115 47 ltem
262 484 130 47 cuius
348 484 101 47 non
406 484 101 47 est
463 484 144 47 aliqua
564 484 115 47 alia
622 484 86 47 caus

198 529 160 41 hominis
314 529 145 41 namque
415 529 145 41 multae
517 529 145 41 causae
604 529 102 41 sunt,

188 572 183 46 animal,
321 572 166 46 bipes.
438 572 183 46 attamen
554 572 150 46 secundi

192 616 97 50 se
240 616 129 50 homo
321 616 113 50 est
386 616 145 50 homo.
483 616 129 50 ltem
547 616 162 50 quaecum-

196 657 103 49 que
255 657 132 49 soli,
343 657 132 49 prout
431 657 117 49 soli
504 657 161 49 insunt.
606 657 103 49 quare

205 695 101 59 quod
268 695 177 59 sepanratum
407 695 88 59 est
458 695 151 59 secundum
571 695 76 59 se
596 695 76 59 est.

243 757 122 61 Quod
319 757 106 61 est
380 757 106 61 per
440 757 91 61 se
486 757 167 61 dicitur
593 757 106 61 mult,

195 805 153 64 modis.
302 805 107 64 Vno
363 805 123 64 modo
440 805 169 64 dicitur
563 805 138 64 forma
655 805 77 64 &

191 853 190 61 substantia
341 853 122 61 cuius
422 853 122 61 libet
503 853 109 61 rei.
571 853 122 61 sicut
639 853 68 61 di-

190 901 130 62 citur
276 901 101 62 per
334 901 86 62 se
377 901 130 62 bonum
463 901 144 62 illud,
564 901 115 62 quod
636 901 101 62 est

184 950 155 61 bonum.
293 950 93 61 Et
340 950 124 61 alio
418 950 124 61 modo
495 950 155 61 illud,
604 950 93 61 in
635 950 78 61 quo

187 1000 112 51 est
251 1000 177 51 aliquid
380 1000 145 51 primo
476 1000 241 51 naturaliter
653 1000 64 51 vt

196 1049 117 61 color
274 1049 65 61 i
300 1049 194 61 superficie.
455 1049 117 61 Illud
533 1049 142 61 igitur,
636 1049 104 61 quod

184 1094 122 66 primo
265 1094 149 66 dicitur
373 1094 95 66 per
427 1094 95 66 se,
481 1094 95 66 est
535 1094 135 66 illud,
629 1094 108 66 quod

190 1144 167 61 dicitur
311 1144 106 61 per
372 1144 167 61 formam.
493 1144 76 61 &
523 1144 167 61 dicitur
629 1144 76 61 se-

191 1195 147 47 cundo
289 1195 131 47 modo
371 1195 196 47 materia,
518 1195 82 47 &
534 1195 180 47 subiectum

185 1242 219 48 cuiuslibet.
361 1242 88 48 Et
405 1242 249 48 vniuersaliter
595 1242 102 48 illud

189 1293 122 57 quod
265 1293 107 57 est
326 1293 107 57 per
388 1293 107 57 se,
449 1293 77 57 &
479 1293 138 57 causa
556 1293 153 57 aequalia

180 1340 125 55 sunt
258 1340 94 55 in
305 1340 203 55 essentia.
461 1340 172 55 dicitur
586 1340 125 55 enim
649 1340 62 55 ac

190 1387 124 59 quam
267 1387 201 59 essentiam
421 1387 139 59 facit
514 1387 124 59 hoc.
591 1387 77 59 &
607 1387 108 59 dici-

186 1436 105 57 tur
246 1436 135 57 quare
336 1436 135 57 fecit
426 1436 120 57 hoc.
501 1436 75 57 &
531 1436 135 57 etiam
606 1436 105 57 dici-

192 1484 111 58 tur
256 1484 95 58 ad
303 1484 127 58 quam
383 1484 206 58 essentiam
541 1484 111 58 non
589 1484 127 58 conclu

190 1530 114 56 dit
255 1530 146 56 veram
352 1530 276 56 conclusionem,
579 1530 81 56 &
595 1530 114 56 dici-

187 1580 97 57 tur
243 1580 111 57 quae
312 1580 97 57 est
367 1580 125 57 causa
450 1580 125 57 verae
519 1580 194 57 coclusionis,

192 1629 99 66 aut
249 1629 99 66 non
305 1629 142 66 verae.
405 1629 85 66 Et
447 1629 128 66 etiam
532 1629 156 66 dicitur
646 1629 99 66 per

187 1685 81 54 se
228 1685 136 54 illud,
323 1685 109 54 quod
391 1685 95 54 est
445 1685 122 54 situm
527 1685 95 54 per
581 1685 95 54 se,
622 1685 95 54 sicut

190 1725 165 56 stans,
306 1725 116 56 aut
372 1725 215 56 ambulans.
537 1725 149 56 omnia
620 1725 99 56 enim

187 1772 123 65 ista
264 1772 231 65 significant
449 1772 154 65 locum,
557 1772 108 65 aut
603 1772 108 65 situm

185 1820 212 71 Manifestum
352 1820 106 71 est
412 1820 167 71 igitur,
534 1820 121 71 quod
595 1820 121 71 illud,

732 140 120 63 quod
807 140 105 63 est
867 140 105 63 per
928 140 105 63 se,
988 140 166 63 dicitur
1108 140 151 63 multis
1199 140 75 63 mo-

730 189 120 61 dis.
805 189 135 61 primo
895 189 120 61 enim
970 189 165 61 dicitur
1090 189 105 61 per
1150 189 90 61 se
1180 189 75 61 il-

731 236 117 65 lud,
804 236 117 65 quod
877 236 204 65 significat
1038 236 204 65 quiditatem
1184 236 73 65 cum

727 285 168 65 iuslibet
853 285 112 65 rei.
923 285 126 65 sicut
1007 285 168 65 dicitur,
1133 285 112 65 quod
1189 285 70 65 Cal

723 333 103 62 lias
787 333 90 62 est
839 333 90 62 per
890 333 77 62 se
929 333 77 62 in
967 333 90 62 sua
1019 333 206 62 definitione.
1173 333 77 62 enim

730 381 111 63 est
794 381 143 63 viuus
889 381 80 63 &
921 381 175 63 Callias
1048 381 111 63 est
1112 381 175 63 aliquod

734 433 152 48 viuum.
840 433 91 48 Et
885 433 121 48 etia
961 433 121 48 alio
1037 433 121 48 modo
1113 433 121 48 est,
1173 433 76 48 cum

730 481 91 54 in
775 481 152 54 aliquo
882 481 213 54 apparuerit
1049 481 152 54 primo.
1141 481 106 54 sicut

728 531 218 55 superficies,
905 531 109 55 quae
973 531 95 55 est
1027 531 109 55 alba
1095 531 95 55 per
1150 531 95 55 se,
1204 531 68 55 &

726 578 124 68 homo
803 578 108 68 est
865 578 139 68 viuus
958 578 108 68 per
1020 578 108 68 se,
1082 578 124 68 quia
1144 578 108 68 anima

731 629 111 61 est
795 629 159 61 aliqua
906 629 127 61 pars
985 629 191 61 hominis,
1128 629 79 61 &
1160 629 95 61 in
1192 629 64 61 ea

732 677 106 61 est
792 677 121 61 vita
868 677 182 61 propria.
1005 677 91 61 Et
1050 677 136 61 etiam
1126 677 121 61 illud,

730 724 132 58 quod
812 724 116 58 non
878 724 149 58 habet
977 724 149 58 aliam
1076 724 182 58 causam.
1192 724 83 58 cau

724 776 106 59 sae
784 776 121 59 enim
860 776 166 59 hominis
980 776 121 59 sunt
1056 776 166 59 multae,
1177 776 75 59 &
1192 776 60 59 vi

725 820 115 62 uus,
797 820 72 62 &
825 820 144 62 bipes.
926 820 101 62 sed
984 820 130 62 causa
1070 820 115 62 eius
1142 820 101 62 ber
1185 820 72 62 se:

720 859 188 80 secundum
861 859 125 80 quod
940 859 110 80 est
1002 859 125 80 homo
1081 859 110 80 est
1143 859 141 80 homo.

734 924 77 58 Et
773 924 116 58 etiam
850 924 103 58 quae
914 924 103 58 sunt
979 924 142 58 eiusdem
1082 924 154 58 scilicet
1185 924 64 58 hu-

727 980 186 54 manitas.
867 980 109 54 est
929 980 124 54 enim
1007 980 202 54 humanitas
1146 980 109 54 sicut

727 1020 179 63 generans
862 1020 105 63 per
906 1020 75 63 se.

756 1093 97 50 Idest
821 1093 86 50 quod
875 1093 86 50 vnus
929 1093 129 50 modorum,
1026 1093 129 50 secundum
1123 1093 86 50 quos
1166 1093 86 50 dicitu

728 1132 154 40 aliquid
840 1132 112 40 esse
910 1132 98 40 per
966 1132 98 40 se,
1022 1132 98 40 est
1078 1132 126 40 forma
1162 1132 70 40 &
1176 1132 70 40 sub

724 1170 148 52 stantia.
834 1170 135 52 dicimus
933 1170 98 52 enim
994 1170 98 52 quod
1056 1170 135 52 aliquid
1142 1170 111 52 existit

732 1209 83 51 per
780 1209 83 51 se.
827 1209 71 51 v.
863 1209 71 51 g.
898 1209 131 51 dicimus
994 1209 95 51 enim
1053 1209 95 51 quod
1112 1209 131 51 aliquid
1196 1209 59 51 est

729 1259 133 40 bonum
818 1259 103 40 per
877 1259 103 40 se,
936 1259 103 40 cum
995 1259 148 40 fuerit
1098 1259 133 40 bonum
1172 1259 74 40 per

724 1288 129 50 suam
805 1288 178 50 formam,
934 1288 81 50 &
966 1288 113 50 per
1031 1288 129 50 suam
1096 1288 145 50 substan

732 1327 112 37 tiam.
806 1327 100 37 D.d.
868 1327 75 37 Et
906 1327 100 37 alio
968 1327 112 37 modo,
1043 1327 87 37 &c.
1092 1327 75 37 i.
1130 1327 62 37 &
1142 1327 112 37 dicitur

733 1366 101 45 alio
797 1366 114 45 modo,
873 1366 101 45 quod
936 1366 139 45 aliquid
1037 1366 139 45 existit
1139 1366 76 45 in
1164 1366 76 45 ali-

731 1405 90 53 quo
783 1405 90 53 per
834 1405 90 53 se,
886 1405 90 53 cum
938 1405 129 53 fuerit
1028 1405 103 53 ineo
1093 1405 103 53 sine
1145 1405 103 53 medio,

730 1445 83 49 v.
772 1445 83 49 g.
813 1445 97 49 cum
869 1445 152 49 diximus
979 1445 152 49 colorem
1090 1445 166 49 existere
1201 1445 55 49 in

728 1486 183 48 superficie
872 1486 92 48 per
924 1486 92 48 se,
977 1486 66 48 &
1003 1486 79 48 in
1042 1486 144 48 corpore
1147 1486 92 48 non
1186 1486 66 48 per

732 1519 82 51 se.
779 1519 70 51 in
814 1519 164 51 superficie
943 1519 94 51 enim
1002 1519 129 51 existit
1095 1519 105 51 primo
1165 1519 82 51 per
1200 1519 59 51 se,

734 1559 72 52 &
762 1559 158 52 secundo
877 1559 86 52 in
920 1559 172 52 corpore.
1049 1559 115 52 D.d.
1106 1559 129 52 Illudig

730 1594 80 57 tur,
780 1594 80 57 quod
830 1594 90 57 primo
890 1594 110 57 dicitur
970 1594 70 57 per
1009 1594 70 57 se,
1049 1594 70 57 &c.
1089 1594 60 57 i.
1119 1594 90 57 illud
1169 1594 80 57 igitur

736 1644 94 33 quod
795 1644 130 33 dicitur
889 1644 83 33 per
937 1644 83 33 se,
984 1644 130 33 dicitur
1078 1644 118 33 duobus
1161 1644 118 33 modis:

741 1676 140 50 quorum
839 1676 112 50 vnus
909 1676 98 50 est
965 1676 70 50 &
993 1676 140 50 primus
1091 1676 140 50 illud,
1175 1676 84 50 quod

740 1716 120 38 dicitur
827 1716 131 38 secundum
926 1716 87 38 suam
980 1716 120 38 formam,
1067 1716 55 38 &
1089 1716 98 38 alius
1144 1716 109 38 secundum

727 1751 134 43 suam
811 1751 218 43 materiam,
979 1751 101 43 i.
1029 1751 168 43 primum
1130 1751 117 43 subie

738 1792 104 42 ctum
803 1792 130 42 formae
894 1792 182 42 cuiuslibet
1038 1792 104 42 rei.
1103 1792 117 42 sicut
1168 1792 91 42 dici-

727 1831 113 54 mus,
798 1831 113 54 quod
868 1831 156 54 scamnum
982 1831 99 54 est
1039 1831 142 54 lignum
1138 1831 99 54 per
1180 1831 71 54 se:
