1475 2066
258 156 207 46 Dispositio
421 156 163 46 dicitur
539 156 148 46 multis
628 156 103 46 modis

214 197 148 54 dicitur
321 197 107 54 enim
388 197 81 54 de
428 197 148 54 actione
536 197 148 54 agentis
630 197 107 54 alicu-

214 237 97 54 ius
270 237 83 54 in
311 237 139 54 aliquo
409 237 181 54 patiente,
547 237 125 54 sicut
617 237 111 54 aliqua

223 277 97 60 ars,
283 277 85 60 aut
332 277 133 60 aliquis
428 277 121 60 motus.
513 277 72 60 v.
549 277 72 60 g.
585 277 97 60 quod
645 277 85 60 cum
682 277 48 60 al

222 316 112 52 quid
292 316 140 52 egerit
390 316 84 52 in
432 316 154 52 aliquid
544 316 140 52 anquam
628 316 98 52 actio

221 365 107 43 nem,
288 365 67 43 &
315 365 121 43 illud
395 365 148 43 aliquid
503 365 161 43 patiatur
624 365 81 43 ab
664 365 94 43 eo,

216 396 130 38 illud,
307 396 104 38 quod
372 396 91 38 sit
424 396 117 38 inter
501 396 91 38 ea,
553 396 182 38 dispositio
683 396 52 38 di

219 437 113 45 citur:
298 437 79 45 sed
343 437 68 45 in
376 437 135 45 respectu
478 437 124 45 agentis
568 437 124 45 dicitur
647 437 90 45 actio,

224 476 62 48 &
248 476 74 48 in
285 476 148 48 respectu
396 476 160 48 patientis
519 476 135 48 dicitur
605 476 111 48 passio,

219 508 86 46 D.
262 508 129 46 dedit
348 508 186 46 exemplum,
491 508 72 46 &
520 508 143 46 dixit:
620 508 72 46 &
635 508 100 46 silie

216 549 107 40 inter
287 549 154 40 vestiens,
406 549 83 40 &c.
453 549 71 40 i.
489 549 59 40 &
513 549 130 40 dicitur
607 549 83 40 hoc
643 549 83 40 etiam

219 589 71 45 in
255 589 201 45 dispositione,
420 589 95 45 quae
480 589 83 45 sit
527 589 107 45 inter
598 589 107 45 vesti
669 589 71 45 es
693 589 36 45 &

217 629 144 52 vestitum,
328 629 89 52 quae
383 629 122 52 dicitur
472 629 122 52 vestio.
561 629 89 52 D.d.
616 629 67 52 Et
638 629 100 52 dicitur

220 669 194 52 dispositio
373 669 111 52 alio
442 669 125 52 modo,
525 669 97 52 &c.
581 669 83 52 i.
622 669 69 52 &
636 669 97 52 dicit

209 709 203 37 dispositio
369 709 116 37 alio
442 709 116 37 modo
514 709 87 37 de
558 709 131 37 illo,
645 709 116 37 quod

215 746 93 40 fit
268 746 80 40 ex
308 746 226 40 compositione,
494 746 66 40 &
520 746 93 40 est
560 746 173 40 dispositio,

212 783 87 53 ex
255 783 101 53 qua
313 783 203 53 compositio
472 783 101 53 rei
530 783 101 53 est
588 783 101 53 aut
632 783 101 53 bona,

221 821 90 45 aut
273 821 116 45 mala.
350 821 116 45 sicut
427 821 155 45 sanitas,
544 821 103 45 quae
608 821 90 45 est
647 821 90 45 dispo

220 860 125 44 sitio
303 860 153 44 istarum
415 860 250 44 dispositionum.
623 860 97 44 est
665 860 69 44 eni

219 900 189 52 dispositio
368 900 122 52 facta
449 900 81 52 ex
490 900 216 52 compositione
652 900 81 52 men-

217 941 178 53 brorum,
346 941 81 53 &
379 941 194 53 humorum.
524 941 130 53 D.d.
605 941 113 53 aut
654 941 81 53 per

225 981 87 49 se,
274 981 87 49 &c.
324 981 74 49 i.
361 981 62 49 &
386 981 112 49 dixit
460 981 99 49 hoc,
522 981 99 49 quia
572 981 161 49 dispositio-

220 1021 116 48 nes,
292 1021 116 48 quae
365 1021 116 48 sunt
437 1021 87 48 ex
481 1021 232 48 compositione
655 1021 73 48 par

226 1061 108 37 tium
293 1061 108 37 rei,
360 1061 108 37 sunt
427 1061 121 37 bonae
508 1061 94 37 aut
562 1061 121 37 malae
642 1061 81 37 in
669 1061 54 37 se

216 1096 98 54 aut
272 1096 168 54 respectu
398 1096 168 54 alterius
510 1096 224 54 dispositionis,

217 1140 83 49 vt
259 1140 153 49 sanitas
370 1140 167 49 Socratis
495 1140 83 49 in
537 1140 167 49 respectu
648 1140 83 49 sani

215 1178 130 49 tatis
301 1178 187 49 Platonis.
445 1178 86 49 Et
488 1178 158 49 vocauit
589 1178 144 49 composi-

217 1214 155 53 tionem
325 1214 232 53 positionem,
510 1214 124 53 quia
572 1214 155 53 composi-

214 1254 100 44 tio
271 1254 100 44 est
328 1254 86 44 in
371 1254 186 44 positione
515 1254 158 44 partium
615 1254 115 44 adinui

220 1294 110 49 cem.
289 1294 69 49 *
317 1294 110 49 D.d.
386 1294 83 49 Et
427 1294 152 49 dicitur
537 1294 124 49 etiam
606 1294 124 49 disposi

221 1332 102 46 tio,
285 1332 89 46 &c.
336 1332 76 46 i.
374 1332 64 46 &
399 1332 140 46 dicitur
501 1332 178 46 dispositio
641 1332 76 46 de
666 1332 64 46 di-

214 1372 209 54 spositione,
381 1372 97 54 qua
437 1372 125 54 potio
520 1372 139 54 totius
618 1372 97 54 aut
659 1372 70 54 pal

221 1412 100 46 tis
278 1412 100 46 est
335 1412 114 46 bona
406 1412 100 46 aut
463 1412 128 46 mala.
548 1412 71 46 &
576 1412 114 46 ideo
633 1412 100 46 boni-

214 1453 101 51 tas
271 1453 159 51 partium
387 1453 87 51 in
430 1453 188 51 composito
575 1453 101 51 est
618 1453 116 51 aliqua

223 1492 193 52 dispositio.
377 1492 64 52 &
403 1492 167 52 intendit,
531 1492 103 52 quod
583 1492 154 52 dispositio

218 1533 112 50 bona
288 1533 98 50 aut
344 1533 126 50 mala,
428 1533 98 50 aut
484 1533 112 50 erit
554 1533 84 50 ex
582 1533 154 50 positione

208 1573 177 37 omnium
332 1573 194 37 partium
473 1573 247 37 adinuicem,
650 1573 88 37 aut

213 1609 81 58 in
253 1609 95 58 vna
307 1609 122 58 parte
388 1609 162 58 respectu
510 1609 149 58 totius.

302 1669 99 54 De
351 1669 215 54 Passione.
516 1669 132 54 Cap.
582 1669 66 54 22

307 1708 152 55 Assio
408 1708 186 55 dicitur
543 1708 118 55 vno
594 1708 135 55 quidem

295 1749 144 61 modo
385 1749 233 61 qualitas,
546 1749 180 61 secundum

303 1799 137 43 quam
389 1799 206 43 alterari
526 1799 206 43 contingit,

203 1837 111 62 vt
258 1837 166 62 album
368 1837 92 62 &
405 1837 203 62 nigrum,
553 1837 184 62 dulce,
682 1837 92 62 &

745 155 193 55 amarum,
886 155 211 55 grauitas
1044 155 88 55 &
1079 155 211 55 leuitas,
1238 155 88 55 &
1255 155 53 55 E

752 199 213 48 quaecunque
919 199 122 48 alia
995 199 183 48 similia.
1132 199 122 48 Alio
1193 199 76 48 ve-

753 245 99 38 ro
802 245 149 38 horum
901 245 215 38 actiones,
1066 245 83 38 &
1099 245 116 38 iam
1149 245 116 38 alte-

750 285 210 50 rationes.
911 285 129 50 Item
992 285 145 50 harum
1089 285 162 50 magis,
1186 285 81 50 qua

751 326 157 44 noxiae
861 326 267 44 alterationes,
1081 326 78 44 &
1112 326 157 44 motus,
1222 326 78 44 &

741 371 180 39 maxime
867 371 144 39 quae
957 371 198 39 tristes
1101 371 90 39 &
1119 371 144 39 noxiae

746 413 138 45 sunt.
838 413 122 45 Item
914 413 230 45 calamitatum
1098 413 77 45 &
1113 413 153 45 tristium

741 453 240 45 magnitudines
936 453 195 45 passiones
1070 453 165 45 dicuntur.

796 508 153 63 passio
903 508 168 63 dicitur
1025 508 107 63 vno
1086 508 122 63 modo
1147 508 122 63 quali-

745 556 113 62 tas,
816 556 113 62 quae
887 556 184 62 possibile
1028 556 99 62 est
1085 556 213 62 transmutari

745 605 179 61 album
864 605 99 61 &
904 605 198 61 nigrum
1043 605 99 61 &
1082 605 179 61 dulce
1182 605 79 61 ex

740 652 212 65 amarum,
894 652 96 65 &
932 652 173 65 graue
1047 652 96 65 &
1086 652 173 65 leue,
1201 652 96 65 &

750 705 140 57 alia.
843 705 93 57 Et
889 705 124 57 alio
967 705 124 57 modo
1029 705 233 57 transmutatio-

749 745 129 57 nes,
830 745 81 57 &
862 745 194 57 actiones
1008 745 194 57 istorum.
1153 745 97 57 Et
1186 745 113 57 etiam

749 813 175 51 dicitur
876 813 143 51 magis
971 813 206 51 specierum
1114 813 159 51 nocentes

749 850 317 48 transmutationes
1017 850 100 48 et
1067 850 167 48 motus,
1184 850 84 48 &
1200 850 67 48 ma

750 909 137 38 xime
835 909 188 38 nociui,
972 909 86 38 &
1006 909 171 38 maxime
1109 909 154 38 contri-

752 949 185 54 stantes.
890 949 216 54 Gccasiones
1060 949 139 54 autem
1137 949 123 54 maxci-

750 995 95 47 me
798 995 254 47 delectabiles
1004 995 79 47 &
1020 995 254 47 contristabiles

751 1044 180 60 dicuntur
871 1044 180 60 passiones.

792 1092 153 52 Passio
899 1092 168 52 dicitur
1021 1092 107 52 vno
1082 1092 122 52 modo
1158 1092 92 52 de
1189 1092 76 52 po-

754 1136 156 48 tentia,
867 1136 99 48 qua
924 1136 156 48 aliquid
1037 1136 226 48 transmutatur
1206 1136 57 48 de

756 1173 185 37 contrario
898 1173 85 37 in
940 1173 213 37 contrarium,
1111 1173 85 37 vt
1153 1173 85 37 de
1182 1173 85 37 albe

757 1211 122 51 dine
833 1211 91 51 in
879 1211 228 51 nigredinem,
1061 1211 76 51 &
1092 1211 91 51 de
1122 1211 137 51 amaritu

752 1248 123 42 dine
829 1248 92 42 in
875 1248 231 42 dulcedinem.
1059 1248 185 42 Potentia
1183 1248 92 42 enim

749 1285 110 47 qua
812 1285 158 47 aliqua
923 1285 268 47 transmutantur
1127 1285 142 47 adinui-

747 1325 108 46 cem,
815 1325 149 46 dicitur
923 1325 162 46 potentia
1045 1325 162 46 passiua:
1167 1325 68 46 &
1181 1325 81 46 ista

751 1366 92 44 est
803 1366 144 44 materia
908 1366 157 44 passiui.
1026 1366 118 44 sicut
1105 1366 92 44 cum
1144 1366 118 44 aliquid

752 1409 246 39 transmutatur
952 1409 92 39 ad
998 1409 215 39 nigredinem
1167 1409 92 39 de
1198 1409 62 39 al

750 1445 152 45 bedine,
861 1445 69 45 &
889 1445 83 45 de
930 1445 180 45 nigredine
1069 1445 83 45 ad
1097 1445 166 45 albedinems

742 1484 82 46 &
774 1484 98 46 de
823 1484 213 46 dulcedine
987 1484 98 46 in
1020 1484 245 46 amaritudinem,

744 1525 77 53 &
774 1525 92 53 de
820 1525 199 53 grauitate
974 1525 92 53 in
1020 1525 215 53 leuitatem.
1173 1525 92 53 D.d.

748 1564 86 36 Et
791 1564 115 36 alio
862 1564 129 36 modo,
948 1564 100 36 &c.
1006 1564 86 36 i.
1049 1564 72 36 &
1078 1564 129 36 etiam
1149 1564 115 36 dicun-

748 1605 94 50 tur
801 1605 148 50 passiua
909 1605 108 50 ipsa
976 1605 202 50 accidentia,
1138 1605 108 50 quae
1191 1605 81 50 reci

751 1645 81 48 pit
798 1645 104 48 prima
867 1645 139 48 materia.
972 1645 139 48 scilicet
1076 1645 151 48 caliditas
1192 1645 58 48 &
1203 1645 70 48 fri-

753 1693 171 41 giditas.
881 1693 142 41 Deinde
980 1693 85 41 d.
1023 1693 85 41 Et
1066 1693 128 41 etiam
1137 1693 128 41 dicitur

751 1723 135 51 magis,
845 1723 94 51 &c.
899 1723 81 51 i.
939 1723 67 51 &
966 1723 121 51 magis
1047 1723 148 51 dicitur
1155 1723 94 51 hoc
1196 1723 67 51 non

747 1763 93 39 men
800 1763 133 39 passio
893 1763 80 39 in
933 1763 120 39 istis
1013 1763 120 39 modis
1093 1763 80 39 in
1133 1763 107 39 eis,
1186 1763 80 39 quae

742 1803 120 39 sunt
817 1803 181 39 nocitiua
953 1803 75 39 &
983 1803 256 39 contristantia
1179 1803 90 39 ani-

746 1842 124 56 malium,
836 1842 79 56 aut
881 1842 192 56 delectabilia.
1039 1842 135 56 scilicet
1129 1842 135 56 tangibilia
