1475 2066
205 141 102 45 quae
269 141 179 45 esttanquam
410 141 128 45 geneus
500 141 192 45 altissimum.
653 141 64 45 &
666 141 64 45 for

212 183 83 43 te
254 183 97 43 est
309 183 181 43 propinqua
448 183 167 43 materia,
573 183 111 43 quae
643 183 97 43 est
684 183 56 43 vl

207 222 131 44 timam
295 222 146 44 formam
397 222 146 44 habens
499 222 88 44 in
529 222 204 44 generatione,

212 262 144 44 scilicet
320 262 96 44 quae
380 262 132 44 recipit
477 262 132 44 vltimam
573 262 132 44 formam.
657 262 72 44 D.d.

217 301 166 51 exemplum
342 301 194 51 vtriusque,
494 301 69 51 &
522 301 83 51 d.
564 301 125 51 sicut
633 301 97 51 forte

218 344 157 42 dicitur,
336 344 92 42 &c.
388 344 78 42 i.
427 344 144 42 materia
532 344 131 42 remota
623 344 92 42 est
663 344 65 42 si-

219 387 89 46 cut
270 387 102 46 aqua
334 387 76 46 in
372 387 203 46 liquabilibus
537 387 127 46 rebus,
626 387 76 46 vt
652 387 76 46 plum

219 420 89 53 bo,
270 420 114 53 cupro
346 420 127 53 ferro.
435 420 101 53 ista
498 420 101 53 enim
562 420 152 53 dicuntur
663 420 76 53 esse

221 460 80 49 ex
261 460 121 49 aqua.
341 460 147 49 Materia
448 460 134 49 autem,
542 460 174 49 propinqua
663 460 67 49 est

222 501 85 48 vt
264 501 142 48 idolum
364 501 85 48 ex
406 501 142 48 cupro.
505 501 142 48 cuprum
604 501 113 48 enim
661 501 71 48 est

212 538 141 40 illud,
311 538 85 40 in
353 538 99 40 quo
410 538 184 40 existebat
551 538 99 40 non
608 538 113 40 esse
664 538 71 40 con

211 576 157 42 trarium
325 576 143 42 formae
425 576 143 42 idoli.
525 576 71 42 &
553 576 100 42 hoc
596 576 143 42 intende-

218 615 108 43 bat,
286 615 95 43 cum
340 615 81 43 d.
381 615 95 43 hoc
435 615 108 43 enim
502 615 95 43 est
556 615 149 43 initium
651 615 81 43 con-

215 654 206 42 trarietatis,
382 654 90 42 &c.
434 654 77 42 i.
473 654 90 42 hoc
524 654 103 42 enim
588 654 90 42 est
627 654 103 42 primum

218 696 185 39 subiectum
360 696 185 39 recipiens
503 696 143 39 formam
603 696 143 39 idoli,
688 696 43 39 &

220 732 120 54 suam
295 732 225 54 priuationem
475 732 225 54 fuccessiue.
639 732 90 54 D.d.

221 772 77 39 Et
260 772 102 39 alio
323 772 115 39 modo,
400 772 89 39 &c.
451 772 77 39 i.
489 772 64 39 &
515 772 140 39 dicitur
617 772 89 39 ex,
655 772 77 39 alio

223 820 122 41 modo.
305 820 122 41 sicut
386 820 162 41 dicimus,
507 820 108 41 quod
575 820 135 41 partes
656 820 81 41 sunt

224 849 63 41 ex
255 849 94 41 toto,
318 849 52 41 &
338 849 178 41 vniversaliter
485 849 94 41 sicut
547 849 125 41 dicimus,
641 849 84 41 quod
683 849 42 41 ma

219 893 99 37 nus
276 893 99 37 est
332 893 85 37 ex
375 893 156 37 homine,
489 893 71 37 &
517 893 114 37 tale
588 893 142 37 carmen
673 893 57 37 ex

223 927 91 43 tali
279 927 113 43 metro.
359 927 57 43 &
381 927 91 43 ista
438 927 91 43 sunt
495 927 113 43 pertes
574 927 136 43 secundum
665 927 68 43 quan

224 968 135 42 titatem.
325 968 101 42 istae
393 968 90 42 enim
449 968 113 42 partes
528 968 90 42 sunt
584 968 135 42 aequales
675 968 56 42 to-

220 1012 72 44 ti
256 1012 72 44 in
292 1012 96 44 hoc,
352 1012 96 44 quod
411 1012 143 44 vtrunque
519 1012 167 44 componitur
650 1012 72 44 ex
674 1012 48 44 ma

217 1044 114 54 teria.
296 1044 136 54 scilicet
398 1044 114 54 partes
478 1044 57 54 &
501 1044 114 54 totus,
580 1044 102 54 sicut
637 1044 91 54 dicimu

216 1083 154 53 lapides
328 1083 84 53 ex
370 1083 126 53 domo.
454 1083 112 53 D.d.
523 1083 126 53 forma
607 1083 112 53 enim
663 1083 70 53 est

217 1124 210 50 complementum,
390 1124 87 50 &c.
439 1124 74 50 i.
477 1124 62 50 &
501 1124 149 50 dicitur,
613 1124 99 50 quod
662 1124 62 50 la-

223 1168 135 46 pides
313 1168 120 46 sunt
388 1168 90 46 ex
433 1168 135 46 domo,
522 1168 120 46 quia
597 1168 135 46 forma
672 1168 60 46 do

211 1204 108 38 mus
272 1204 108 38 est
334 1204 246 38 complementum
533 1204 154 38 domus,
641 1204 77 38 &
656 1204 77 38 do-

209 1245 114 47 mus
274 1245 114 47 est
339 1245 195 47 completa
485 1245 114 47 per
534 1245 195 47 complemen-

218 1279 100 43 tum
275 1279 114 43 quod
346 1279 143 43 habet,
446 1279 71 43 &
474 1279 143 43 partes
574 1279 128 43 domus
645 1279 86 43 sunt

218 1319 80 44 ex
258 1319 119 44 domo,
337 1319 80 44 i.
377 1319 106 44 quod
443 1319 133 44 partes
536 1319 119 44 domus
616 1319 119 44 fiunt
682 1319 53 44 ex

214 1364 130 38 domo
295 1364 114 38 per
360 1364 293 38 dissolutionem,
605 1364 81 38 &
621 1364 114 38 domus

216 1402 86 40 ex
259 1402 114 40 suis
330 1402 171 40 partibus
458 1402 100 40 per
501 1402 228 40 compositionem,

219 1445 187 37 denudando
362 1445 72 37 a
391 1445 86 37 se
434 1445 115 37 suas
506 1445 158 37 formas,
621 1445 72 37 &
636 1445 86 37 reci

218 1477 148 53 piendo
322 1477 148 53 formam
425 1477 148 53 domus.
529 1477 118 53 D.d.
603 1477 89 53 Et
632 1477 89 53 quid

220 1525 98 41 dam
276 1525 155 41 dicitur
389 1525 127 41 sicut
473 1525 127 41 forma
557 1525 84 41 ex
599 1525 141 41 parte,
684 1525 42 41 i

222 1557 60 45 &
246 1557 132 45 quoddam
342 1557 132 45 dicitur
438 1557 168 45 econuerso,
570 1557 144 45 scilicet
666 1557 60 45 tem

219 1604 101 41 tum
276 1604 86 41 ex
319 1604 144 41 parte,
420 1604 130 41 sicut
507 1604 115 41 homo
579 1604 86 41 ex
607 1604 130 41 bipede.

229 1634 99 52 D.d.
291 1634 62 52 &
315 1634 111 52 etiam
390 1634 99 52 alio
451 1634 111 52 modo,
526 1634 87 52 &c.
575 1634 74 52 i.
612 1634 99 52 quod
662 1634 74 52 iste

219 1684 140 43 modus
312 1684 109 43 est
374 1684 202 43 generatio
529 1684 155 43 formae
637 1684 93 43 ex
668 1684 62 43 ma

227 1717 98 37 teria.
296 1717 117 37 scilicet
384 1717 78 37 quod
433 1717 78 37 haec
482 1717 156 37 praepositio,
609 1717 68 37 ex,
638 1717 88 37 dicitur

223 1751 160 43 tribus
335 1751 160 43 modis,
447 1751 112 43 aut
511 1751 224 43 compositum
671 1751 64 43 ex

215 1791 161 44 materia
332 1791 73 44 &
362 1791 146 44 forma:
464 1791 102 44 aut
522 1791 146 44 partes
625 1791 88 44 ex
654 1791 73 44 to-

214 1831 99 43 to:
271 1831 99 43 aut
327 1831 128 43 totum
412 1831 85 43 ex
455 1831 184 43 partibus:
596 1831 71 43 &
611 1831 113 43 secun

753 141 107 45 dum
814 141 122 45 hunc
890 141 137 45 modum
981 141 168 45 videtur
1103 141 137 45 quasi
1180 141 91 45 rei-

745 186 149 39 terare
849 186 149 39 primam
953 186 238 39 intentionem.
1146 186 89 39 Et
1176 186 89 39 for-

754 223 76 43 te
792 223 164 43 intendit,
919 223 101 43 quod
982 223 139 43 aliquid
1083 223 101 43 esse
1146 223 76 43 ex
1171 223 101 43 aliquo

755 262 135 53 dicitur
853 262 98 53 sic,
915 262 98 53 quod
976 262 123 53 natura
1062 262 148 53 generati
1173 262 86 53 est
1210 262 61 53 nam

753 301 151 54 illius,
863 301 83 54 ex
905 301 96 54 quo
960 301 193 54 generatur.
1111 301 124 54 sicut
1180 301 96 54 dici-

756 349 98 37 mus,
817 349 98 37 quod
878 349 122 37 idolum
964 349 86 37 est
1012 349 73 37 ex
1049 349 122 37 cupro,
1135 349 73 37 i.
1171 349 98 37 quod
1220 349 49 37 na

748 378 116 51 tura
820 378 130 51 idoli
907 378 101 51 est
965 378 145 51 natura
1066 378 145 51 cupri.
1153 378 116 51 Deinde

756 420 76 53 d.
794 420 139 53 Quaedam
895 420 126 53 igitur
983 420 164 53 instorum,
1109 420 88 53 &c.
1160 420 76 53 i.
1197 420 101 53 quod

752 455 154 49 quaedam
864 455 140 49 eorum,
962 455 112 49 quae
1033 455 168 49 dicuntur
1159 455 112 49 esse
1215 455 56 49 ex

753 496 157 43 aliquo,
867 496 172 43 dicuntur
996 496 143 43 duobus
1096 496 143 43 modis:
1182 496 86 43 quo-

752 537 101 42 rum
809 537 115 42 vnus
881 537 101 42 est
938 537 86 42 vt
982 537 158 42 aliquid
1097 537 101 42 sit
1154 537 86 42 ex
1183 537 86 42 toto

751 574 186 44 alicuius.
894 574 129 44 sicut
979 574 157 44 dicimus
1094 574 143 44 animal
1179 574 86 44 san-

757 613 149 55 guineum
866 613 108 55 esse
933 613 81 55 ex
974 613 135 55 carue.
1068 613 108 55 tota
1136 613 108 55 enim
1190 613 81 55 caro

749 653 231 52 concluditur
934 653 93 52 in
980 653 170 52 animali
1088 653 185 52 sanguineo.

755 692 133 46 filium
848 692 120 46 autem
928 692 107 46 esse
995 692 80 46 ex
1035 692 120 46 patre
1115 692 67 46 &
1142 692 120 46 matre
1208 692 67 46 di-

755 740 127 35 cimus,
844 740 102 35 quia
908 740 89 35 est
959 740 102 35 pars
1023 740 127 35 eorum.
1112 740 64 35 &
1125 740 140 35 similiter

756 771 92 47 est
809 771 79 47 ex
848 771 132 47 terra,
940 771 66 47 &
967 771 79 47 ex
1006 771 158 47 plantis.
1125 771 66 47 &
1138 771 132 47 intendit

751 813 95 45 per
806 813 149 45 plantas
914 813 216 45 nutrimentum.
1089 813 108 45 D.d.
1157 813 81 45 Et
1184 813 81 45 alio

756 848 119 44 modo,
835 848 92 44 &c.
888 848 79 44 i.
927 848 66 44 &
954 848 106 44 ista
1020 848 237 44 praepositione,
1204 848 53 44 ex

749 889 153 49 vtitur
856 889 245 49 transumptiue
1055 889 92 49 in
1101 889 123 49 loco
1163 889 107 49 huius

757 928 230 49 praepositionis
949 928 115 49 post.
1025 928 77 49 vt
1064 928 140 49 dicitur
1166 928 89 49 nox
1204 928 64 49 est

751 967 77 51 ex
790 967 102 51 dic,
853 967 89 51 non
905 967 89 51 ita
956 967 102 51 quod
1020 967 102 51 dies
1083 967 89 51 sit
1134 967 141 51 materia
1224 967 51 51 no

750 1009 110 49 ctis
819 1009 97 49 aut
874 1009 124 49 pars,
957 1009 97 49 sed
1013 1009 97 49 qui
1068 1009 69 49 a
1095 1009 97 49 nox
1151 1009 97 49 est
1192 1009 83 49 post

753 1046 126 45 diem.
837 1046 112 45 D.d.
906 1046 84 45 Et
948 1046 153 45 quaedam
1060 1046 153 45 istorum
1157 1046 112 45 dicun-

756 1084 92 46 tur
808 1084 92 46 hoc
861 1084 118 46 modo,
940 1084 92 46 &c.
993 1084 79 46 i.
1032 1084 66 46 &
1058 1084 118 46 omnes
1124 1084 145 46 intentio-

755 1128 106 50 nes,
821 1128 106 50 quae
887 1128 225 50 significantur
1072 1128 93 50 per
1125 1128 106 50 hanc
1178 1128 93 50 prae-

752 1164 191 51 positionem
902 1164 96 51 ex,
957 1164 218 51 concluduntur
1135 1164 136 51 duobus
1216 1164 55 51 mo

747 1204 104 55 dis,
812 1204 131 55 quorum
904 1204 104 55 vnus
969 1204 91 55 est
1021 1204 78 55 in
1060 1204 196 55 quibuslibet
1204 1204 65 55 duo

753 1244 101 43 bus,
816 1244 126 43 quorum
904 1244 138 43 alterum
1005 1244 201 43 transmutatur
1168 1244 75 43 in
1194 1244 75 43 alte

754 1288 83 42 rum.
806 1288 167 42 transmutatum
941 1288 83 42 enim
993 1288 115 42 dicitur
1077 1288 83 42 esse
1129 1288 63 42 ex
1160 1288 104 42 eodem,
1222 1288 42 42 de

754 1326 88 44 quo
805 1326 202 44 transmutatur
969 1326 88 44 Mam
1019 1326 126 44 igitur
1095 1326 176 44 transmutatur

743 1359 79 51 ad
782 1359 184 51 compositum
927 1359 66 51 &
953 1359 79 51 ad
993 1359 145 51 formam,
1085 1359 184 51 &compositum,

749 1397 85 46 est
798 1397 195 46 transmutatur
956 1397 73 46 ad
993 1397 134 46 mausam,
1090 1397 61 46 &
1115 1397 110 46 totum
1175 1397 98 46 trans-

748 1436 141 54 mutatur
850 1436 77 54 ad
889 1436 128 54 pertes
978 1436 89 54 apd
1029 1436 102 54 suam
1080 1436 192 54 corruptionem,

749 1477 64 58 &
775 1477 206 58 generationem
942 1477 154 58 partium,
1057 1477 64 58 &
1083 1477 128 58 pertes
1160 1477 103 58 trans-

752 1518 174 52 mutantur
883 1518 87 52 ud
927 1518 116 52 totu
999 1518 116 52 apud
1057 1518 218 52 generationem,

756 1555 117 52 totius.
841 1555 106 52 Tempus
916 1555 96 52 autem
979 1555 117 52 dicitur
1064 1555 159 52 successiue.
1191 1555 74 52 res
1223 1555 64 52 ant,

756 1596 74 42 qua
799 1596 138 42 sequuntur
905 1596 64 42 se
937 1596 138 42 adiuicem,
1043 1596 127 42 dicuntur
1138 1596 85 42 esse
1191 1596 64 42 ex
1223 1596 64 42 se
1245 1596 42 42 ad

755 1636 123 38 inuicem
844 1636 78 38 sed
889 1636 89 38 ista
945 1636 179 38 praepositio,
1090 1636 78 38 ex,
1135 1636 134 38 sigeneat
1224 1636 45 38 in

752 1665 88 71 hoc
803 1665 101 71 loco
866 1665 114 71 idem,
942 1665 101 71 quid
1005 1665 126 71 signat
1093 1665 114 71 post.
1169 1665 101 71 D.d.
1232 1665 63 71 &

753 1712 130 42 dicimus
848 1712 95 42 quod
907 1712 71 42 ex
942 1712 118 42 motib,
1025 1712 83 42 &c.
1073 1712 71 42 i.
1108 1712 95 42 quod
1167 1712 95 42 post
1215 1712 47 42 mo

746 1757 84 46 tus
794 1757 144 46 alicuius
902 1757 96 46 fuit
962 1757 132 46 quidam,
1058 1757 84 46 aut
1106 1757 168 46 mouebatur.
1238 1757 60 46 &

743 1797 160 38 secundum
863 1797 107 38 hunc
929 1797 120 38 modum
1010 1797 147 38 dicimus
1116 1797 107 38 quod
1170 1797 93 38 motum

743 1831 98 51 est
799 1831 84 51 ex
841 1831 98 51 eo,
896 1831 84 51 ex
938 1831 98 51 quo
994 1831 112 51 est,
1064 1831 70 51 &
1092 1831 84 51 ad
1134 1831 112 51 quod
1189 1831 84 51 est.
