1475 2066
286 148 101 46 be
337 148 168 46 Farte.
454 148 135 46 Cap.
522 148 67 46 22

263 181 133 57 Ars
339 181 210 57 dicitur
491 181 133 57 vno
549 181 152 57 quidem

237 229 197 57 modo,
368 229 131 57 in
434 229 175 57 quod
521 229 175 57 quoquo

261 268 150 54 modo
355 268 206 54 quantum
505 268 187 54 diuidi
617 268 75 54 po

172 309 137 53 test
258 309 171 53 semper
377 309 137 53 enim
463 309 137 53 quod
549 309 86 53 a
583 309 154 53 quan¬

176 364 109 41 to,
239 364 140 41 prout
332 364 187 41 quantum,
472 364 202 41 aufertur,
613 364 93 41 pars

178 403 153 40 illius
285 403 184 40 dicitur.
423 403 92 40 vt
468 403 107 40 duo
530 403 122 40 pars
591 403 107 40 trium

172 440 184 41 quodam
300 440 147 41 modo
392 440 220 41 dicitur.
557 440 147 41 Alio
631 440 73 41 mo

186 487 109 47 do,
249 487 93 47 ex
295 487 109 47 nis
358 487 93 47 ea
404 487 202 47 duntaxat,
560 487 125 47 quae
622 487 78 47 me-

180 532 217 38 tiuntur.
343 532 163 38 quare
452 532 127 38 duo
524 532 181 38 quodam
633 532 72 38 mo

180 572 95 47 do
228 572 158 47 quidem
339 572 127 47 sunt
418 572 127 47 pars
497 572 158 47 trium,
608 572 127 47 quo¬

180 613 115 50 dam
245 613 131 50 modo
327 613 131 50 vero
409 613 131 50 non.
491 613 131 50 Item
573 613 98 50 in
606 613 98 50 quae

185 652 136 54 forma
276 652 151 54 absque
381 652 151 54 quanto
487 652 151 54 diuidi
578 652 121 54 potest

191 693 109 59 hae
253 693 155 59 quoque
361 693 155 59 partes
470 693 124 59 cius
532 693 171 59 dicuntur,

192 748 142 38 quare
287 748 173 38 species
413 748 173 38 generis
539 748 142 38 aiunt
617 748 79 38 par

188 781 100 46 tes
245 781 129 46 esse.
331 781 115 46 Item
402 781 86 46 in
445 781 115 46 quae
517 781 172 46 aliquid,
631 781 72 46 di-

179 820 186 55 uiditur,
319 820 109 55 aut
381 820 93 55 ex
428 820 155 55 quibus
536 820 140 55 totum
614 820 93 55 con-

181 864 184 50 ponitur,
319 864 107 50 aut
380 864 123 50 ipsa
457 864 153 50 forma,
564 864 107 50 aut
610 864 92 50 quid

189 913 136 41 formam
285 913 136 41 habet.
380 913 82 41 vt
421 913 163 41 sphaerae
544 913 150 41 aeneae,
639 913 68 41 aut

182 949 143 45 aenei
277 949 127 45 cubi
356 949 79 45 &
388 949 143 45 ipsum
483 949 111 45 aes
547 949 143 45 pars.
626 949 79 45 hoc

184 989 143 54 autem
279 989 111 54 est
343 989 190 54 materia,
485 989 95 54 in
533 989 111 54 qua
580 989 127 54 forma,

186 1037 80 45 &
218 1037 175 45 angulus
345 1037 143 45 pars.
441 1037 127 45 ltem
520 1037 127 45 quae
600 1037 95 45 in
631 1037 80 45 ra-

177 1076 153 53 tione
279 1076 255 53 vnumquodque
466 1076 238 53 significante

178 1125 131 34 sunt,
266 1125 117 34 haec
339 1125 146 34 quoque
441 1125 117 34 pars
514 1125 146 34 totius
601 1125 102 34 sunt,

192 1164 118 47 quare
271 1164 131 47 geneus
363 1164 105 47 pars
428 1164 118 47 etiam
507 1164 131 47 specie
586 1164 118 47 dicitur

187 1206 136 53 aliter
282 1206 109 53 vero
350 1206 149 53 species
459 1206 149 53 generis
567 1206 109 53 pers
622 1206 81 53 est,

233 1245 127 57 pars
312 1245 174 57 dicitur
439 1245 111 57 vno
503 1245 143 57 modo,
598 1245 95 57 in
630 1245 79 57 quo

189 1288 187 67 possibile
333 1288 101 67 est
390 1288 202 67 quantitate
549 1288 144 67 diuidi
635 1288 72 67 quo

181 1340 111 61 quo
245 1340 143 61 modo.
340 1340 127 61 quod
419 1340 143 61 autem
499 1340 206 61 diminuitior

189 1389 91 61 ex
234 1389 227 61 quantitate,
416 1389 181 61 secundum
552 1389 121 61 quod
627 1389 106 61 est

182 1436 208 62 quantitas,
345 1436 148 62 semper
449 1436 163 62 dicitur
568 1436 119 62 pars
627 1436 74 62 il-

183 1484 126 62 lius,
267 1484 84 62 ex
309 1484 98 62 quo
365 1484 210 62 diminuitur.
533 1484 126 62 sicut
603 1484 98 62 dici-

187 1533 103 62 tur
246 1533 117 62 quod
319 1533 103 62 duo
378 1533 117 62 sunt
452 1533 117 62 pars
525 1533 132 62 trium
613 1533 117 62 quo¬

188 1581 102 59 quo
247 1581 131 59 modo.
334 1581 88 59 Et
378 1581 117 59 alio
451 1581 117 59 modo
524 1581 160 59 dicitir
626 1581 73 59 il-

186 1628 133 62 lud,
270 1628 133 62 quod
353 1628 183 62 numerat
486 1628 133 62 ista
553 1628 150 62 tantum,

182 1676 73 68 &
212 1676 117 68 ideo
284 1676 131 68 forte
372 1676 160 68 dicitur
488 1676 117 68 quod
561 1676 102 68 duo
620 1676 117 68 sunt

189 1725 122 61 pars
265 1725 152 61 trium,
372 1725 76 61 &
402 1725 137 61 forte
494 1725 122 61 non.
570 1725 91 61 Et
600 1725 107 61 eriam

190 1773 143 54 illud,
290 1773 86 54 in
333 1773 100 54 quo
390 1773 100 54 pos
448 1773 143 54 sibile
548 1773 100 54 est
591 1773 115 54 formam

187 1828 147 62 diuidi
290 1828 147 62 absque
394 1828 206 62 quatitate,
556 1828 177 62 dicuntur

712 141 156 53 etiam
816 141 191 53 partes.
954 141 87 53 &
989 141 139 53 ideo
1076 141 208 53 dixerunt
1215 141 69 53 D.

716 194 117 64 quod
790 194 146 64 formae
892 194 117 64 sunt
965 194 146 64 partes
1067 194 176 64 generis.
1184 194 59 64 Et

721 245 134 61 etiam
810 245 134 61 illa,
899 245 89 61 in
944 245 119 61 quae
1018 245 193 61 diuiditur
1152 245 89 61 ali-

719 292 143 62 quid,
815 292 96 62 ex
863 292 159 62 quibus
974 292 223 62 componitur
1133 292 112 62 totum

722 341 106 61 aut
783 341 152 61 forma,
889 341 106 61 aut
950 341 152 61 habens
1056 341 167 61 formam.
1163 341 76 61 si-

722 389 105 62 cut
782 389 165 62 sphaera
902 389 150 62 cupri.
1008 389 150 62 cuprum
1113 389 120 62 enim
1173 389 75 62 est

719 436 115 60 pars
790 436 158 60 illius.
905 436 72 60 &
934 436 115 60 haec
1005 436 100 60 est
1063 436 172 60 materia,
1192 436 86 60 in

717 485 119 62 qua
785 485 152 62 forma
886 485 135 62 est.
971 485 85 62 &
1005 485 186 62 angulus
1123 485 119 62 etiam

719 533 95 61 est
774 533 122 61 pars.
855 533 81 61 Et
896 533 122 61 etiam
977 533 122 61 illa,
1059 533 109 61 quae
1127 533 109 61 sunt
1195 533 81 61 in

725 580 230 63 definitione,
912 580 115 63 quae
984 580 216 63 significant
1142 580 101 63 vnam-

717 644 187 47 quanque,
857 644 155 47 rerum,
966 644 124 47 sunt
1044 644 140 47 etiam
1122 644 124 47 partes

716 676 165 71 totius.
836 676 75 71 &
866 676 120 71 ideo
941 676 165 71 dicitur
1060 676 120 71 quod
1120 676 120 71 geneur

727 724 102 63 est
785 724 116 63 pars
843 724 131 63 formae.

765 772 123 47 Idest,
851 772 98 47 quod
912 772 98 47 pars
973 772 135 47 dicitur
1071 772 123 47 multis
1145 772 98 47 modis:

723 812 106 46 Vno
783 812 121 46 modo
859 812 151 46 illud,
965 812 91 46 in
1010 812 121 46 quod
1071 812 166 46 diuiditur

728 861 183 42 quantitas,
872 861 157 42 secundum
989 861 105 42 quod
1055 861 92 42 est
1094 861 144 42 quantitas

724 895 146 43 aliquo
826 895 116 43 modo
899 895 218 43 diuisionis.
1074 895 131 43 illud
1147 895 87 43 enim

724 940 126 38 quod
803 940 110 38 cum
866 940 205 38 diuiditur
1023 940 79 38 a
1039 940 189 38 quantitate

724 973 161 53 aiminuitur
851 973 161 53 quantitas,
978 973 138 53 secundum
1082 973 92 53 quod
1139 973 81 53 est
1174 973 69 53 quam

718 1009 128 56 titas,
808 1009 141 56 dicitur
910 1009 102 56 pars
974 1009 141 56 illius.
1076 1009 77 56 Et
1114 1009 77 56 d.
1140 1009 102 56 quoquo

719 1061 136 43 modo,
809 1061 241 43 praestruando
1005 1061 90 43 se
1050 1061 75 43 a
1080 1061 136 43 parte
1156 1061 90 43 men-

720 1092 166 38 surante.
845 1092 153 38 Dicitur
956 1092 125 38 enim,
1039 1092 111 38 quod
1108 1092 97 38 duo
1150 1092 97 38 sunt,

723 1132 119 49 pars
798 1132 149 49 trium,
902 1132 74 49 &
931 1132 119 49 tria
1006 1132 119 49 pars
1080 1132 179 49 quatuor,
1199 1132 45 49 &

721 1168 168 42 nullum
839 1168 184 42 istorum
973 1168 201 42 mensurat
1107 1168 134 42 totum,

719 1212 101 38 D.d.
783 1212 76 38 Et
820 1212 101 38 alio
884 1212 101 38 modo
947 1212 139 38 dicitur
1048 1212 126 38 illud,
1136 1212 101 38 quod
1187 1212 51 38 nu

725 1246 137 44 merat,
821 1246 96 44 &c.
876 1246 82 44 i.
917 1246 68 44 &
944 1246 150 44 dicitur
1053 1246 109 44 pars
1122 1246 109 44 alio
1176 1246 55 44 mo

718 1293 87 37 do
762 1293 131 37 illud
849 1293 175 37 istorum,
980 1293 116 37 quod
1053 1293 175 37 numerat,
1169 1293 73 37 aut

727 1327 159 49 mensurat
846 1327 132 49 illud,
939 1327 119 49 cuius
1018 1327 93 49 est
1071 1327 119 49 pars.
1150 1327 66 49 &
1164 1327 79 49 ideo

723 1365 115 45 forre
800 1365 153 45 dicitur,
914 1365 102 45 quod
978 1365 89 45 duo
1029 1365 102 45 sunt
1092 1365 102 45 pars
1143 1365 102 45 trium,

719 1405 75 37 &
749 1405 135 37 forte
839 1405 120 37 non,
914 1405 105 37 cum
974 1405 105 37 non
1034 1405 165 37 numeret
1139 1405 105 37 tria.

727 1442 97 54 Pars
788 1442 122 54 igitur
873 1442 146 54 secundum
982 1442 183 54 quantitatem
1128 1442 97 54 alia
1177 1442 61 54 est

721 1483 225 39 mensurans,
898 1483 129 39 alia
978 1483 129 39 non.
1059 1483 80 39 &
1075 1483 161 39 Geometra

726 1524 171 48 vtuntur
850 1524 109 48 hoc
912 1524 155 48 nomine
1020 1524 124 48 pars
1098 1524 93 48 de
1129 1524 109 48 parte

724 1560 221 42 mensurante.
901 1560 89 42 D.
946 1560 148 42 iduxit
1049 1560 162 42 tertium
1167 1560 103 42 mo¬

724 1597 110 51 dum,
793 1597 69 51 &
821 1597 138 51 dixit.
917 1597 83 51 Et
959 1597 124 51 etiam
1041 1597 138 51 illud,
1138 1597 83 51 in
1165 1597 83 51 quod

727 1636 173 52 possibile
860 1636 93 52 est
913 1636 133 52 formam
1006 1636 146 52 diuidi,
1113 1636 93 52 &c.
1166 1636 80 52 i.
1206 1636 67 52 &

721 1678 150 52 dicitur
831 1678 109 52 pars
899 1678 123 52 etiam
981 1678 137 52 illud,
1077 1678 82 52 in
1118 1678 109 52 quod
1173 1678 68 52 di-

727 1724 149 38 uiditur
836 1724 135 38 forma,
930 1724 162 38 secundum
1052 1724 108 38 quod
1119 1724 95 38 est
1160 1724 81 38 for-

719 1765 99 43 ma.
775 1765 71 43 &
804 1765 113 43 ista
874 1765 155 43 diuisio
987 1765 99 43 est
1043 1765 169 43 secundum
1156 1765 85 43 qua-

724 1796 170 39 litatem
847 1796 108 39 non
909 1796 185 39 secundum
1033 1796 216 39 quantitatem:

718 1837 78 53 &
750 1837 109 53 est
812 1837 186 53 formarum
951 1837 264 53 compositarum,
1153 1837 93 53 quae
