1475 2066
170 148 222 55 continua.
341 148 205 55 harmonia
494 148 171 55 nanque
614 148 85 55 &
631 148 68 55 ex

176 192 186 58 partibus
316 192 279 58 dissimilaribus
549 192 124 58 est:
626 192 78 58 &
642 192 62 58 po

176 237 199 46 sitionem
326 237 166 46 habet,
442 237 166 46 mutila
558 237 116 46 aut
624 237 116 46 non

184 277 116 53 sit.
256 277 87 53 Et
299 277 87 53 ad
343 277 116 53 haec
415 277 101 53 nec
473 277 130 53 illa,
560 277 116 53 quae
618 277 87 53 tota

183 325 122 53 sunt
259 325 228 53 cuiuscunque
441 325 213 53 particulae
594 325 106 53 priua

182 372 147 46 tione,
285 372 147 46 mutila
389 372 133 46 sunt.
477 372 103 46 non
536 372 118 46 enim
595 372 103 46 opor-

183 413 125 45 ten,
262 413 110 45 nec
324 413 125 45 quae
403 413 235 45 principales
575 413 125 45 ipsius

185 448 228 50 substantiae,
370 448 100 50 nec
427 448 185 50 vbicunque
555 448 143 50 existen-

186 488 114 48 tes.
257 488 86 48 vt
300 488 86 48 si
343 488 200 48 perforetur
500 488 143 48 calix,
600 488 100 48 non
643 488 57 48 mn

182 533 139 54 tilus,
280 533 97 54 sed
335 533 84 54 si
377 533 125 54 ansa,
460 533 97 54 aut
516 533 167 54 extremum
627 533 70 54 al-

176 574 125 52 quod
255 574 125 52 homo
333 574 172 52 quoque,
458 574 110 52 non
521 574 94 52 si
552 574 141 52 carnem,

181 620 108 39 aut
242 620 186 39 spienem,
382 620 108 39 sed
444 620 93 39 si
475 620 232 39 extremitatem:

180 665 89 50 &
216 665 143 50 hanc
305 665 125 50 non
377 665 161 50 omne,
484 665 125 50 sed
556 665 143 50 quae
627 665 72 50 to

185 701 97 44 ta
233 701 178 44 ablata,
363 701 113 44 non
428 701 162 44 habeat
525 701 178 44 generatio

171 748 132 54 nem,
253 748 148 54 quare
351 748 164 54 calui,
467 748 115 54 non
516 748 148 54 mutili.

232 803 97 63 Et
280 803 178 63 quantum
410 803 178 63 dicitur
524 803 178 63 diminuti-

188 853 199 57 membrum,
338 853 83 57 &
371 853 116 57 non
437 853 199 57 quolibet
587 853 149 57 modo,

186 900 94 63 sed
239 900 148 63 oportet
347 900 81 63 vt
388 900 121 63 illud
469 900 94 63 sit
523 900 148 63 aliquid
631 900 94 63 non

190 948 254 63 distinguibile.
401 948 85 63 Et
443 948 141 63 dicere
542 948 113 63 duo,
612 948 113 63 quan

187 996 91 55 do
232 996 91 55 ab
278 996 106 55 eis
338 996 212 55 diminuitur
504 996 136 55 vnum,
595 996 106 55 non
641 996 60 55 d-

185 1044 157 62 citur
289 1044 227 62 diminutum
464 1044 209 62 membrum.
603 1044 105 62 quo-

186 1092 147 54 niam
277 1092 238 54 diminutum
461 1092 202 54 membrum
607 1092 128 54 non

190 1140 101 62 est
247 1140 159 62 aequale
363 1140 159 62 membro,
479 1140 130 62 neque
566 1140 159 62 dicitur

190 1188 156 62 aequale
303 1188 85 62 in
346 1188 142 62 aliqua
445 1188 128 62 hora,
530 1188 128 62 neque
615 1188 85 62 in
643 1188 57 62 al

183 1252 122 39 qua
252 1252 192 39 partium
392 1252 227 39 numerorum
550 1252 157 39 omnino.

182 1285 217 61 substantia
352 1285 140 61 autem
445 1285 171 61 oportet
569 1285 93 61 vt
616 1285 109 61 per

186 1334 167 61 maneat.
307 1334 182 61 quoniam,
443 1334 91 61 si
489 1334 91 61 ab
534 1334 121 61 arca
595 1334 106 61 dimi-

186 1381 179 61 nuitur
311 1381 214 61 membrum,
472 1381 89 61 &
508 1381 143 61 arca
579 1381 125 61 perma

189 1433 124 57 net.
266 1433 170 57 numerus
389 1433 154 57 autein
497 1433 108 57 non
559 1433 108 57 est
605 1433 93 57 idem

187 1476 94 54 Et
234 1476 110 54 cum
297 1476 126 54 hoc,
376 1476 126 54 quod
455 1476 236 54 narrauimus,
644 1476 79 54 &

181 1525 88 61 si
225 1525 162 61 fuerint
343 1525 221 61 consimilium
520 1525 177 61 partium,
638 1525 59 61 no

181 1578 105 50 que
241 1578 120 50 sunt
316 1578 135 50 omnia
406 1578 150 50 etiam.
510 1578 165 50 numerus
615 1578 90 50 enim

181 1621 201 66 permanet,
335 1621 124 66 ergo
413 1621 155 66 habent
521 1621 155 66 partes
630 1621 108 66 non

188 1672 208 63 consimiles,
355 1672 83 63 vt
396 1672 111 63 duo,
466 1672 125 63 tria,
549 1672 69 63 &
577 1672 125 63 alia.
646 1672 56 63 Et

189 1717 257 62 vniuersaliter
400 1717 151 62 omnia,
506 1717 91 62 ex
551 1717 151 62 quorum
642 1717 60 62 si

178 1772 83 62 tu
220 1772 96 62 non
275 1772 96 62 sit
330 1772 206 62 diuersitas,
495 1772 96 62 non
550 1772 96 62 sit
605 1772 83 62 ex
632 1772 69 62 eis

177 1820 217 62 aliquod
335 1820 256 62 diminutum
512 1820 197 62 membrum,

722 141 100 69 vt
772 141 133 69 aqua
856 141 83 69 &
889 141 167 69 ignis,
1006 141 117 69 sed
1073 141 183 69 oportet
1189 141 67 69 vt

719 192 110 66 ista
788 192 110 66 sint
857 192 124 66 sicut
939 192 165 66 habentia
1063 192 124 66 situm
1145 192 82 66 in
1172 192 69 66 sub

720 253 172 53 stantia.
849 253 86 53 Et
892 253 129 53 etiam
978 253 86 53 vt
1021 253 115 53 sint
1079 253 158 53 continua.

717 293 211 53 compositio
883 293 120 53 enim
958 293 105 53 est
1018 293 90 53 ex
1063 293 105 53 non
1108 293 136 53 consima

710 340 160 55 libus
817 340 214 55 partibus
978 340 89 55 &
1013 340 178 55 habent
1120 340 125 55 situm

720 404 153 38 etiam,
827 404 107 38 sed
888 404 107 38 non
949 404 107 38 est
1010 404 153 38 membri
1102 404 138 38 diminia

712 444 109 47 ti.
775 444 94 47 Et
822 444 109 47 cum
884 444 109 47 hoc
947 444 78 47 &
978 444 109 47 non
1041 444 141 47 erunt
1119 444 109 47 omnia

713 493 123 61 quae
789 493 123 61 sunt
866 493 107 61 per
927 493 123 61 suum
1004 493 215 61 vniuersum,
1157 493 77 61 ne-

718 540 98 57 que
774 540 126 57 illa,
858 540 112 57 quae
928 540 140 57 carent
1025 540 140 57 aliqua
1123 540 140 57 parte,

717 588 131 55 sunt
799 588 197 55 diminuta
946 588 197 55 membris,
1094 588 115 55 non
1143 588 98 55 enim

716 636 181 54 dicitur
847 636 214 54 diminutum
1012 636 197 54 membrum,
1143 636 99 54 quan

713 685 90 61 do
758 685 210 61 diminmitur
923 685 165 61 aliquid
1042 685 90 61 ex
1087 685 120 61 eis,
1147 685 90 61 quae

715 740 112 54 sunt
785 740 211 54 substantiae
954 740 84 54 in
996 740 98 54 rei
1052 740 183 54 veritate,
1179 740 56 54 ne

719 781 99 62 que
776 781 184 62 vbicunque
917 781 142 62 fuerit
1016 781 85 62 ex
1059 781 142 62 locis.
1144 781 99 62 sicut

720 828 139 62 arca,
812 828 108 62 cum
874 828 231 62 perforatur,
1058 828 108 62 non
1104 828 139 62 dicitur

718 876 199 62 diminuta
868 876 83 62 a
901 876 183 62 membro,
1034 876 116 62 sed
1100 876 116 62 cum
1150 876 83 62 di-

716 925 195 57 minuitur,
866 925 105 57 aut
926 925 135 57 aure,
1015 925 105 57 aut
1075 925 150 57 aliquo
1165 925 75 57 ex-

719 973 207 61 tremorum.
878 973 127 61 homo
958 973 159 61 etiam,
1070 973 112 61 non
1133 973 127 61 quam

720 1020 85 55 do
762 1020 198 55 diminuitur
918 1020 127 55 caro,
1003 1020 99 55 aut
1059 1020 156 55 spilen,
1172 1020 99 55 sed

719 1069 156 61 quando
829 1069 219 61 diminuitur
1001 1069 172 61 aliquod
1110 1069 125 61 extre-

710 1116 133 54 mum:
793 1116 83 54 &
826 1116 116 54 hoc
893 1116 149 54 etiam
992 1116 116 54 non
1059 1116 149 54 omne,
1158 1116 116 54 sed

720 1165 150 61 illud,
825 1165 120 61 quod
900 1165 105 61 cum
960 1165 210 61 extrahitur
1111 1165 120 61 totum,

722 1213 101 70 non
779 1213 203 70 generatur.
939 1213 72 70 &
968 1213 116 70 ideo
1040 1213 188 70 caluities
1171 1213 72 70 non

718 1260 115 53 est
783 1260 214 53 diminutio
932 1260 148 53 membri.

760 1317 106 53 Idest,
835 1317 53 53 &
856 1317 117 53 dicitur
941 1317 64 53 in
973 1317 85 53 eis,
1026 1317 85 53 quae
1079 1317 85 53 sunt
1133 1317 64 53 ex
1154 1317 85 53 quanti

725 1364 113 38 tate
795 1364 183 38 diminutum
936 1364 169 38 membrum.
1063 1364 99 38 sed
1119 1364 99 38 hoc
1162 1364 70 38 non

720 1397 111 57 dicitur
801 1397 162 57 simpliciter,
932 1397 71 57 sed
973 1397 101 57 quando
1044 1397 142 57 diminutum,
1155 1397 61 57 &.
1175 1397 61 57 limi

722 1438 125 54 nutio
805 1438 152 54 fuerint
916 1438 83 54 in
957 1438 263 54 dispositionibus
1165 1438 69 54 ter

724 1477 139 55 minatis
825 1477 76 55 D.
863 1477 151 55 incoepit
976 1477 126 55 dicere
1065 1477 113 55 illas
1128 1477 113 55 dispon-

720 1519 98 42 nes,
781 1519 61 42 &
805 1519 73 42 d.
842 1519 86 42 sed
891 1519 135 42 oportet
989 1519 73 42 vt
1026 1519 122 42 illud,
1112 1519 86 42 &c.
1161 1519 73 42 i.
1197 1519 61 42 &

714 1559 95 42 vna
769 1559 149 42 illarum
877 1559 257 42 determinationum
1093 1559 108 42 est,
1161 1559 81 42 vt
1188 1559 54 42 di

718 1597 160 37 minutio
835 1597 102 37 non
893 1597 102 37 sit
951 1597 145 37 innata
1052 1597 145 37 diuidi
1154 1597 73 37 a
1168 1597 73 37 di-

721 1637 139 53 minuto.
823 1637 63 53 &
848 1637 114 53 ideo,
924 1637 139 53 quoniam
1025 1637 101 53 pili
1076 1637 164 53 diuiduntur,

718 1677 71 52 ab
754 1677 130 52 homine,
848 1677 59 52 &
872 1677 118 52 plumae
954 1677 71 52 ab
990 1677 130 52 auibus,
1084 1677 83 52 non
1120 1677 118 52 dicuntur

722 1717 173 37 diminuta
852 1717 87 37 in
895 1717 173 37 menbris.
1025 1717 116 37 D.d.
1097 1717 87 37 Et
1126 1717 116 37 dicere

718 1753 110 41 duo,
787 1753 96 41 &c.
842 1753 82 41 i.
883 1753 69 41 &
910 1753 96 41 cum
965 1753 151 41 aliquid
1075 1753 137 41 fuerit
1158 1753 82 41 com-

709 1793 164 49 positum
828 1793 89 49 ex
873 1793 149 49 duabus
977 1793 193 49 partibus,
1126 1793 89 49 ex
1156 1793 74 49 quo

716 1833 127 41 altera
805 1833 191 41 diminuitur,
958 1833 89 41 non
1008 1833 140 41 dicitur
1097 1833 140 41 diminutum
