1475 2066
222 157 91 66 Et
267 157 137 66 etiam
359 157 137 66 omne,
450 157 122 66 quod
526 157 106 66 est
572 157 167 66 vniuersa-

224 207 139 51 liter
316 207 170 51 primum,
440 207 77 51 &
471 207 108 51 est
533 207 93 51 in
579 207 124 51 eis,
656 207 77 51 &
672 207 77 51 di-

225 257 135 63 citur
315 257 180 63 secundum
450 257 135 63 quid,
540 257 135 63 istud
630 257 105 63 est
675 257 75 63 ge-

231 302 113 69 nus,
301 302 71 69 &
330 302 99 69 est
386 302 141 69 illud,
485 302 127 69 cuius
555 302 198 69 differentiae

223 352 114 69 sunt
294 352 170 69 qualitat
422 352 99 69 es.
478 352 128 69 Genus
563 352 142 69 igitur
649 352 99 69 dici-

224 402 109 65 tur
287 402 188 65 secundum
428 402 141 65 istos
521 402 156 65 modos.
615 402 141 65 quoddam

223 450 211 64 secundum
381 450 281 64 generationem
592 450 158 64 eiusdem

229 508 147 47 formae
332 508 221 47 generatione
509 508 191 47 continua,
656 508 118 47 quod

230 537 103 74 dam
289 537 133 74 sicut
378 537 147 74 primus
481 537 133 74 motor
569 537 162 74 similis
687 537 88 74 in

228 604 159 50 forma,
339 604 95 50 et
387 604 175 50 quoddam
514 604 143 50 sicut
594 604 159 50 materta.

232 644 157 63 habens
342 644 126 63 enim
421 644 251 63 differentiam
625 644 78 63 &
656 644 126 63 quae

235 692 163 62 litatem
354 692 104 62 est
413 692 207 62 subiectum,
575 692 118 62 quod
634 692 104 62 dici-

221 741 112 54 tur
285 741 192 54 materia.
429 741 96 54 Et
477 741 192 54 dicuntur
606 741 144 54 diuerse

224 788 182 62 genere,
357 788 165 62 quorum
472 788 215 62 subiectum
621 788 132 62 primi-

233 837 110 61 est
296 837 204 61 diuersum,
453 837 78 61 &
484 837 94 61 no
531 837 204 61 alteratur
673 837 78 61 vni

230 885 81 61 in
271 885 163 61 alterum,
393 885 136 61 neque,
488 885 177 61 vtrunque,
624 885 81 61 in
665 885 122 61 aliud

228 932 144 62 idem.
324 932 144 62 sicut
420 932 144 62 forma
515 932 80 62 &
547 932 176 62 materia
659 932 96 62 vnim

238 981 85 63 in
280 981 155 63 genere.
393 981 85 63 Et
435 981 141 63 omnia,
534 981 113 63 quae
605 981 169 63 dicuntur

234 1028 118 62 alio
308 1028 118 62 modo
381 1028 88 62 de
425 1028 265 62 praedicamentis
631 1028 118 62 entis,

236 1077 158 62 quaedam
350 1077 115 62 enim
422 1077 129 62 entia
508 1077 201 62 significat
652 1077 100 62 quid,

234 1125 80 64 &
266 1125 175 64 quaedam
393 1125 159 64 quale,
505 1125 80 64 &
536 1125 175 64 quaedam
664 1125 127 64 quam

237 1173 112 61 tum,
307 1173 126 61 sicut
390 1173 126 61 prius
474 1173 112 61 fuit
544 1173 237 61 determinmatu,

237 1221 124 61 quae
314 1221 109 61 non
376 1221 217 61 alterantur
547 1221 93 61 ad
593 1221 140 61 idem,
671 1221 78 61 ne-

237 1268 117 62 que
287 1268 201 62 adinuicem.

282 1333 139 46 Idest,
379 1333 70 46 &
407 1333 153 46 dicitur
519 1333 139 46 geneus
616 1333 139 46 multis
699 1333 56 46 mo

237 1380 119 44 dis:
311 1380 148 44 quoium
415 1380 119 44 vnus
490 1380 104 44 est
549 1380 89 44 de
579 1380 163 44 generatio

235 1413 89 38 ne
280 1413 178 38 continua
413 1413 148 38 eorum,
517 1413 119 38 quae
591 1413 119 38 sunt
650 1413 104 38 eadem

241 1452 86 52 in
284 1452 143 52 forma.
384 1452 86 52 vt
427 1452 158 52 dicitur
542 1452 100 52 dum
599 1452 143 52 geneus
685 1452 72 52 ho-

244 1493 120 45 inum
319 1493 165 45 fuerit,
439 1493 90 45 i.
484 1493 105 45 dum
545 1493 195 45 generatio
680 1493 75 45 ho-

240 1520 139 58 minum
332 1520 170 58 fuerit.
456 1520 155 58 Deinde
564 1520 93 58 d.
611 1520 93 58 Et
657 1520 124 58 quod

237 1567 151 52 dam&c.
343 1567 91 52 i.
388 1567 76 52 &
418 1567 166 52 dicitur
539 1567 136 52 etiam
615 1567 136 52 generas

242 1609 97 41 tio
298 1609 83 41 de
339 1609 125 41 primo
422 1609 138 41 patre,
519 1609 97 41 cui
574 1609 152 41 attribu
671 1609 83 41 itur

235 1653 120 37 tota
310 1653 210 37 generatio.
475 1653 105 37 D.d
535 1653 75 37 &
565 1653 180 37 secundum
685 1653 75 37 hoc

238 1685 155 52 genus,
346 1685 109 52 &c.
408 1685 93 52 i.
455 1685 78 52 &
486 1685 186 52 secundum
625 1685 124 52 hunc
687 1685 62 52 mo

247 1725 94 53 dum
300 1725 161 53 dicitur,
421 1725 107 53 quod
487 1725 134 53 quidam
581 1725 147 53 homines
675 1725 80 53 sunt

240 1770 67 47 ex
273 1770 89 47 tali
329 1770 123 47 genere.
419 1770 67 47 id
452 1770 89 47 eit.
508 1770 67 47 ex
542 1770 89 47 tali
598 1770 112 47 patre.
665 1770 89 47 Deinde

242 1804 84 38 d.
284 1804 70 38 &
312 1804 223 38 denominantur
493 1804 70 38 a
521 1804 139 38 patre,
619 1804 98 38 &c.
674 1804 84 38 i.
716 1804 70 38 &

237 1843 174 56 homines
364 1843 253 56 attribuuntur
569 1843 174 56 proprie
680 1843 79 56 pa

762 163 100 47 tri
819 163 129 47 magis
905 163 100 47 qua
962 163 143 47 matri.
1062 163 129 47 motor
1147 163 114 47 enim
1205 163 71 47 no-

765 197 138 45 bilior
862 197 96 45 est
917 197 165 45 materia.
1041 197 110 45 D.d.
1110 197 124 45 genus
1179 197 96 45 etiam

770 236 81 52 &c.
817 236 69 52 i.
851 236 58 52 &
874 236 127 52 dicimus
966 236 92 52 quod
1024 236 104 52 mater
1093 236 127 52 dicitur
1185 236 115 52 genus,

772 276 123 49 quoniam
861 276 157 49 quandoqued
985 276 90 49 homo
1041 276 168 49 attribuitur
1175 276 101 49 matri
1231 276 56 49 si-

771 316 84 51 cut
819 316 120 51 patua:
903 316 60 51 &
928 316 72 51 si
964 316 108 51 magis
1036 316 120 51 patri.
1120 316 96 51 D.d.
1181 316 72 51 Et
1205 316 84 51 etiam

765 356 112 51 sicut
839 356 112 51 plana
914 356 199 51 superficies,
1076 356 87 51 &c.
1125 356 75 51 i.
1163 356 62 51 &
1175 356 112 51 dicitur

767 396 134 48 genus
856 396 89 48 de
901 396 134 48 illo,
990 396 119 48 quod
1064 396 163 48 commune
1183 396 104 48 est
1228 396 59 48 re

768 433 95 49 pus
823 433 163 49 diuersis
945 433 81 49 in
986 433 136 49 forma.
1080 433 122 49 sicut
1148 433 136 49 dicimus,

766 477 104 40 quod
831 477 117 40 plana
909 477 195 40 superficies
1064 477 91 40 est
1116 477 117 40 genus
1181 477 104 40 omnium

766 512 210 56 sigurarum
927 512 210 56 planarum,
1089 512 81 56 &
1121 512 162 56 corpus
1218 512 65 56 om

769 555 109 50 nium
837 555 176 50 corporum,
973 555 122 50 omnis
1054 555 109 50 enim
1122 555 136 50 sigura
1204 555 81 50 pla-

769 588 76 46 na
807 588 140 46 dicitur
909 588 102 46 esse
973 588 191 46 superficies
1125 588 127 46 piana.
1214 588 64 46 &
1227 588 64 46 si-

763 630 170 45 militer
886 630 93 45 de
933 630 186 45 corpore.
1072 630 124 45 D.d.
1150 630 93 45 Et
1181 630 108 45 etiam

773 668 103 46 omne,
841 668 91 46 quod
898 668 80 46 est
944 668 274 46 vniversaliterprimum.
1183 668 68 46 i.
1218 668 57 46 &
1229 668 57 46 vni

771 711 200 49 uersaliter
928 711 129 49 genus
1014 711 100 49 est
1071 711 143 49 primum
1157 711 129 49 vniuer-

776 750 85 50 sale
829 750 64 50 in
861 750 191 50 vniuersalibus,
1020 750 127 50 scilicet
1115 750 106 50 quando
1190 750 74 50 duo
1221 750 64 50 vni-

766 785 175 41 uersalia
898 785 175 41 fuerint,
1029 785 146 41 primum
1131 785 131 41 eorum
1204 785 88 41 erit

770 825 110 56 genus,
847 825 55 56 &
869 825 133 56 secundum
969 825 121 56 species
1057 825 133 56 scilicet
1156 825 110 56 quando
1223 825 66 56 fue-

766 861 92 45 rit
818 861 78 45 in
857 861 183 45 substantia
1001 861 118 45 eius.
1080 861 78 45 Et
1119 861 118 45 forte
1184 861 105 45 inten-

768 905 100 52 dit
825 905 100 52 hic
882 905 143 52 genera
983 905 258 52 generalissima,
1198 905 115 52 quae

768 942 115 45 sunt
839 942 129 45 prima
925 942 229 45 simpliciter.
1112 942 115 45 D.d.
1184 942 72 45 &
1198 942 86 45 dici

771 981 100 46 tur
828 981 171 46 secundum
956 981 114 46 quid
1027 981 128 46 istud
1112 981 100 46 est
1155 981 128 46 geneus,

768 1028 95 36 &c.
823 1028 81 36 i.
863 1028 68 36 &
890 1028 95 36 cum
944 1028 162 36 dicitur,
1066 1028 108 36 quid
1133 1028 95 36 est
1174 1028 108 36 geneus

769 1065 145 47 dicetur
874 1065 92 47 est
927 1065 132 47 illud,
1019 1065 105 47 quod
1085 1065 145 47 recipit
1178 1065 105 47 quali-

768 1098 137 51 tates.
864 1098 82 51 Et
905 1098 82 51 d.
946 1098 109 51 hoc,
1014 1098 109 51 quia
1083 1098 96 51 iam
1124 1098 164 51 descripsit

773 1137 133 52 genus,
866 1137 66 52 &
892 1137 93 52 est
945 1137 133 52 illud,
1038 1137 106 52 quod
1104 1137 172 52 diuiditur
1224 1137 66 52 per

773 1176 217 54 differentias.
952 1176 102 54 D.d.
1015 1176 115 54 Genus
1092 1176 127 54 igitur
1168 1176 115 54 dicitur

780 1220 91 50 &c.
832 1220 78 50 i.
871 1220 117 50 genus
949 1220 130 50 igitur
1041 1220 143 50 dicitur
1132 1220 156 50 vniuersali

771 1256 106 41 ter
831 1256 151 41 tribus
937 1256 106 41 mod
997 1256 91 41 s.
1043 1256 151 41 quorum
1148 1256 121 41 vnus
1209 1256 75 41 est

768 1293 86 54 de
811 1293 216 54 generatione
984 1293 173 54 continua
1113 1293 158 54 eiusdem
1214 1293 72 54 for

774 1337 113 49 mae.
844 1337 169 49 secundus
971 1337 85 49 de
1014 1337 155 49 proprio
1127 1337 141 49 patre,
1211 1337 71 49 qui

771 1373 160 52 generat
888 1373 102 52 res
946 1373 204 52 consimiles
1107 1373 88 52 in
1151 1373 146 52 forma:
1238 1373 44 52 &

771 1412 90 55 ideo
827 1412 123 55 dicitur
917 1412 101 55 genus
984 1412 135 55 scilicet
1085 1412 90 55 quia
1141 1412 101 55 facit
1197 1412 90 55 genus,

770 1452 151 39 tertius
880 1452 82 39 de
921 1452 164 39 materia.
1044 1452 123 39 genus
1127 1452 110 39 enim
1195 1452 96 39 est
1236 1452 55 39 il

775 1492 113 38 lud,
845 1492 113 38 quod
916 1492 155 38 recipit
1029 1492 226 38 differentias
1212 1492 71 38 &
1226 1492 71 38 qua

777 1529 158 50 litates,
895 1529 66 50 &
922 1529 105 50 tale
988 1529 92 50 est
1041 1529 158 50 materia.
1159 1529 132 50 Deinde
1238 1529 53 50 di

776 1568 76 52 Et
814 1568 152 52 dicuntur
928 1568 152 52 diuersa,
1042 1568 89 52 &c.
1093 1568 76 52 i.
1131 1568 63 52 &
1156 1568 114 52 illa,
1219 1568 76 52 quae

776 1605 172 56 dicuntur
905 1605 158 56 diuersa
1020 1605 158 56 genere,
1135 1605 115 56 sunt
1192 1605 101 56 quae-

772 1643 128 41 sunt
852 1643 176 41 diuersa
980 1643 192 41 secundum
1107 1643 176 41 subiectum

769 1683 73 49 &
799 1683 88 49 in
843 1683 161 49 materia
960 1683 161 49 remota.
1078 1683 73 49 &
1107 1683 117 49 ista
1180 1683 103 49 non
1224 1683 59 49 al

771 1726 178 44 terantur
905 1726 208 44 adinuicem,
1068 1726 133 44 neque
1157 1726 89 44 ad
1186 1726 104 44 aliud

775 1765 134 45 idem.
864 1765 119 45 quae
938 1765 119 45 enim
1013 1765 208 45 alterantur
1161 1765 119 45 adinui

768 1805 120 44 cem
837 1805 172 44 habent
957 1805 172 44 eandem
1077 1805 223 44 materiam:
1231 1805 52 44 &

769 1848 101 42 quae
833 1848 177 42 alterantur
972 1848 76 42 ad
1010 1848 139 42 aliquid
1111 1848 114 42 idem,
1174 1848 114 42 habent,
