1475 2066
184 141 136 45 illud
275 141 121 45 idem
350 141 106 45 pro
411 141 182 45 materia.
547 141 121 45 D.d.
608 141 106 45 sicut

193 189 145 37 forma
289 189 80 37 &
321 189 177 37 materia
450 189 129 37 vnum
530 189 96 37 in
578 189 177 37 genere:

202 221 83 45 in
244 221 124 45 sicut
326 221 83 45 ex
368 221 152 45 materia
478 221 69 45 &
505 221 124 45 forma
588 221 96 45 fit
629 221 83 45 vnum

206 265 110 41 D.d.
275 265 82 41 Et
316 265 137 41 omnia,
412 265 110 41 quae
480 265 178 41 dicuntur,
617 265 96 41 &c.
658 265 55 41 i.

202 305 78 50 &
234 305 140 50 omnia
327 305 264 50 praedicamenta
544 305 124 50 sunt
606 305 109 50 talia

205 341 86 53 in
248 341 157 53 genere:
362 341 157 53 quaedam
476 341 114 53 enim
533 341 186 53 significant

198 381 252 45 substantiam,
403 381 79 45 &
435 381 173 45 quaedam
561 381 189 45 quantum,

195 420 74 51 &
225 420 164 51 quaedam
344 420 149 51 quale:
448 420 74 51 &
478 420 119 51 ista
552 420 104 51 non
597 420 119 51 collo-

199 468 156 30 cantur
308 468 93 30 in
355 468 140 30 eadem
448 468 171 30 natura:
573 468 109 30 non
620 468 93 30 enim

201 504 197 49 alterantur
356 504 197 49 adinuicem,
510 504 127 49 neque
580 504 141 49 alteran-

200 541 112 37 tur
264 541 96 37 ad
296 541 112 37 vnum,

314 597 95 53 be
362 597 158 53 Falso.
472 597 127 53 Cap.
536 597 63 53 2-

235 644 191 47 VAlsum
369 644 210 47 dicitur
521 644 134 47 vno
578 644 134 47 modo,

227 680 71 58 b
255 680 85 58 vt
298 680 99 58 res
354 680 142 58 falsa.
454 680 71 58 &
482 680 142 58 huius,
581 680 99 58 hoc
624 680 85 58 quod

200 721 87 57 A
234 721 121 57 dem
304 721 104 57 eo
355 721 138 57 quod
442 721 121 57 non
494 721 225 57 componitur,

202 769 105 50 aut
262 769 120 50 quod
337 769 226 50 impossibile
518 769 105 50 sit
563 769 151 50 componi-

192 820 302 39 quemadmodum
434 820 222 39 dicitur
575 820 141 39 diame

199 853 133 53 trum
283 853 133 53 esse
366 853 333 53 commensurabilem,
633 853 83 53 aut

197 900 89 46 te
242 900 163 46 sedere.
360 900 133 46 horum
449 900 118 46 enim
523 900 133 46 illud
597 900 118 46 quidem

192 941 158 56 semper
303 941 111 56 hoc
366 941 127 56 vero
446 941 206 56 aliquando
588 941 127 56 falsum

195 981 107 45 est,
261 981 93 45 sic
315 981 107 45 enim
381 981 93 45 non
435 981 120 45 entia
515 981 120 45 haec.
595 981 107 45 Alio
648 981 67 45 ve-

197 1024 106 50 ro,
258 1024 213 50 quaecumque
425 1024 122 50 sunt
501 1024 152 50 quidem
592 1024 122 50 entia,

196 1076 112 36 apta
266 1076 127 36 tamen
351 1076 141 36 natura
449 1076 112 36 sunt
519 1076 183 36 apparere,
646 1076 70 36 aut

198 1116 100 38 non
255 1116 143 38 qualia
355 1116 128 38 sunt,
440 1116 100 38 aut
497 1116 114 38 quae
568 1116 100 38 non
611 1116 100 38 sunt,

191 1150 102 45 vt
242 1150 153 45 vmbra
344 1150 221 45 picturae,
515 1150 85 45 &
532 1150 187 45 insomnia.

195 1193 137 50 haec
281 1193 137 50 enim
366 1193 137 50 sunt
452 1193 171 50 quidem
555 1193 154 50 aliquid

194 1237 113 54 sed
259 1237 113 54 non
323 1237 130 54 sunt
404 1237 113 54 ea,
469 1237 162 54 quorum
566 1237 146 54 faciunt

203 1285 250 45 imaginationem.
411 1285 97 45 res
467 1285 139 45 itaque
564 1285 139 45 falsae
648 1285 69 45 sic

203 1318 188 44 dicuntur,
347 1318 101 44 aut
405 1318 87 44 eo
448 1318 116 44 quod
520 1318 101 44 non
578 1318 130 44 sunt,
650 1318 58 44 au

194 1363 86 57 eo
237 1363 115 57 quod
308 1363 200 57 imaginatio
466 1363 86 57 ab
509 1363 100 57 eis
566 1363 129 57 facta
637 1363 72 57 non

197 1404 133 46 entis
286 1404 119 46 est.
360 1404 148 46 Oratio
464 1404 119 46 vero
538 1404 148 46 falsa,
627 1404 89 46 prut

194 1452 133 46 falsa
283 1452 118 46 est,
357 1452 118 46 quae
430 1452 103 46 non
490 1452 148 46 entium
593 1452 118 46 est.
652 1452 59 46 vt

199 1496 85 35 de
241 1496 128 35 omnis
327 1496 142 35 oratio
426 1496 128 35 falsa
512 1496 171 35 alterius
640 1496 100 35 est

201 1534 103 50 quam
266 1534 116 50 eius,
343 1534 116 50 cuius
420 1534 90 50 est
472 1534 116 50 vera.
549 1534 77 50 vt
588 1534 103 50 puta
640 1534 77 50 quae

194 1572 176 49 circuli,
327 1572 132 49 falsa
415 1572 206 49 trianguli.
562 1572 147 49 Cuiusque

192 1621 147 45 vero
283 1621 184 45 oratio
412 1621 184 45 quodam
541 1621 147 45 modo
614 1621 92 45 qui

196 1661 104 50 dem
256 1661 119 50 vna,
330 1661 119 50 quae
405 1661 104 50 est
465 1661 149 50 ipsius
569 1661 119 50 quid
629 1661 89 50 erat

196 1701 151 45 esse,
297 1701 168 45 quodam
415 1701 134 45 modo
498 1701 134 45 vero
566 1701 134 45 multae

189 1742 224 44 quoniam
351 1742 163 44 idem
453 1742 203 44 quodam
595 1742 163 44 modo

185 1784 119 56 est
253 1784 170 56 ipsum,
372 1784 85 56 &
406 1784 153 56 ipsum
509 1784 204 56 passuml.
645 1784 68 56 vt

182 1828 234 46 Socrates,
362 1828 90 46 &
398 1828 216 46 Socrates
541 1828 180 46 musicus.

735 141 134 53 falsa
825 141 119 53 vero
899 141 149 53 oratio
1004 141 164 53 nullius
1123 141 104 53 est
1168 141 89 53 sim-

732 189 191 54 pliciter
876 189 175 54 oratio.
1003 189 143 54 Quare
1083 189 175 54 Antisthe-

730 229 109 45 nes
793 229 171 45 inscite
917 229 187 45 putabat,
1058 229 140 45 nihil
1135 229 125 45 ducens

728 271 158 43 dignum
839 271 142 43 dici,
933 271 126 43 nisi
1012 271 173 43 propria
1122 271 126 43 ratio-

734 325 94 37 ne
781 325 126 37 vnum
860 325 94 37 de
907 325 94 37 re
954 325 126 37 vna,
1032 325 94 37 ex
1079 325 157 37 quibus
1174 325 78 37 ac-

733 359 170 43 cidebat
856 359 108 43 non
918 359 123 43 esse
995 359 262 43 contradicere.
1195 359 62 43 se

729 397 90 51 re
774 397 151 51 autem,
880 397 136 51 neque
970 397 181 51 mentiri.
1105 397 105 51 est
1151 397 105 51 autem

738 452 258 44 vnumquodque
944 452 189 44 dicere,
1082 452 120 44 non
1134 452 120 44 solum

730 484 102 45 sua
789 484 174 45 ratione,
919 484 102 45 sed
977 484 131 45 etiam
1064 484 102 45 ea,
1122 484 116 45 quae
1180 484 73 45 al-

736 532 148 39 terius
840 532 118 39 est:
913 532 74 39 &
943 532 133 39 false
1031 532 148 39 quidem
1120 532 118 39 omnino

727 567 169 43 quodam
846 567 152 43 autem
947 567 135 43 modo
1032 567 152 43 etiam
1133 567 152 43 vere.

735 613 266 47 quemadmodum
948 613 142 47 octo
1036 613 159 47 dupla
1125 613 124 47 sunt,

730 653 178 45 ratione
859 653 243 45 dualitatis.
1054 653 178 45 Quaedam
1167 653 81 45 igi

734 692 110 47 tur
797 692 110 47 ita
860 692 141 47 falsa
954 692 204 47 dicuntur.
1110 692 125 47 Homo
1173 692 78 47 ve-

731 733 92 53 ro
777 733 168 53 falsus,
899 733 107 53 qui
960 733 183 53 promptus
1097 733 137 53 tales
1174 733 76 53 eli

735 780 103 48 git
794 780 205 48 orationes,
955 780 103 48 non
1014 780 161 48 propter
1117 780 132 48 aliquid

732 821 149 53 aliud,
837 821 105 53 sed
896 821 164 53 propter
1016 821 179 53 idipsum,
1150 821 75 53 &
1165 821 90 53 quid

735 868 138 46 aliis
827 868 154 46 talium
934 868 200 46 orationum
1088 868 138 46 causa
1165 868 92 46 quem

729 916 172 31 admodum
855 916 110 31 res
917 916 157 31 falsas
1027 916 125 31 esse
1089 916 157 31 dicimus,

731 949 140 54 quae
818 949 175 54 falsam
940 949 297 54 imaginationem
1168 949 87 54 fa-

735 988 155 55 ciunt.
844 988 124 55 Vnde
922 988 155 55 omnio,
1031 988 124 55 quae
1108 988 124 55 apud
1170 988 78 55 Hip

728 1033 117 53 piam
802 1033 117 53 est:
875 1033 206 53 sophistica
1037 1033 117 53 est,
1110 1033 117 53 quod
1169 1033 88 53 idem

728 1082 125 40 sit
800 1082 179 40 mendax
925 1082 89 40 &
960 1082 179 40 verax.
1085 1082 125 40 Eum
1139 1082 107 40 nan-

734 1120 125 50 que,
813 1120 109 50 qui
875 1120 156 50 potest
984 1120 188 50 mentiri,
1109 1120 141 50 accipit

736 1159 103 51 vt
787 1159 224 51 mendacem,
960 1159 121 51 hic
1029 1159 138 51 vero
1098 1159 155 51 sapiens

732 1205 77 46 &
762 1205 168 46 prudens
885 1205 122 46 est,
961 1205 122 46 item
1038 1205 122 46 eum,
1114 1205 107 46 qui
1160 1205 92 46 spon

733 1244 95 46 te
781 1244 158 46 prauus
891 1244 127 46 est,
970 1244 190 46 meliorem
1113 1244 127 46 ait.
1176 1244 79 46 hoc

731 1289 162 49 autem
839 1289 180 49 falsum
965 1289 126 49 per
1019 1289 234 49 inductionem

725 1341 178 37 accipit.
859 1341 104 37 qui
918 1341 119 37 enim
992 1341 148 37 sponte
1081 1341 163 37 claudicat

734 1377 150 41 melior
839 1377 105 41 est
899 1377 105 41 eo,
959 1377 105 41 qui
1019 1377 180 41 inuitus,
1139 1377 120 41 claudi

737 1413 109 46 care
806 1413 150 46 dicens,
915 1413 96 46 pro
970 1413 164 46 imitari.
1093 1413 96 46 nam
1148 1413 82 46 si
1175 1413 82 46 clau

735 1456 105 42 dus
795 1456 164 42 sponte,
914 1456 134 42 esset
1004 1456 134 42 peior
1079 1456 179 42 fortassis.

729 1501 273 45 quemandmodum
950 1501 102 45 in
1002 1501 187 45 moribus
1138 1501 85 45 &
1155 1501 102 45 hoc.

786 1540 151 62 Falsum
891 1540 166 62 dicitur
1012 1540 105 62 vno
1072 1540 136 62 modo,
1148 1540 105 62 sicut

728 1589 150 61 aliquod
837 1589 150 61 falsum.
946 1589 163 61 quoddam,
1069 1589 109 61 quia
1137 1589 95 61 est
1177 1589 82 61 con-

726 1636 155 71 positu,
838 1636 98 71 aut
895 1636 112 71 quia
965 1636 98 71 est
1021 1636 211 71 impossibile
1176 1636 84 71 con-

730 1677 136 69 poni.
820 1677 136 69 sicut
911 1677 181 69 dicitur,
1046 1677 120 69 quod
1106 1677 151 69 diameter

727 1733 94 54 est
780 1733 148 54 symeter
888 1733 148 54 costae,
996 1733 94 54 aut
1050 1733 81 54 te
1090 1733 148 54 sedere.
1185 1733 67 54 il-

721 1781 120 61 lud
790 1781 138 61 enim
876 1781 172 61 semper
996 1781 120 61 est
1065 1781 172 61 falsum
1168 1781 86 61 hoc

725 1833 150 57 autem
825 1833 100 57 in
875 1833 167 57 aliquo
992 1833 200 57 tempore:
1142 1833 83 57 &
1159 1833 100 57 ista
