1475 2066
211 157 104 53 quod
276 157 130 53 falsum
367 157 104 53 est,
432 157 104 53 quia
497 157 156 53 putauit,
614 157 104 53 quod
666 157 65 53 ve-

227 199 98 43 rum
283 199 169 43 potentia
410 199 70 43 &
438 199 112 43 actu
508 199 98 43 est
564 199 127 43 idem,
649 199 70 43 &
663 199 70 43 si-

229 239 146 54 militer
335 239 146 54 falsum.
441 239 80 54 &,
481 239 93 54 cum
535 239 173 54 acceperit
654 239 80 54 actu

222 278 102 53 loco
286 278 178 53 potentiae,
426 278 178 53 imaginatus
566 278 89 53 est
617 278 102 53 quod
667 278 64 53 fal

222 317 105 53 sum
282 317 90 53 in
327 317 181 53 potentia
463 317 75 53 &
493 317 121 53 actu
568 317 121 53 idem
629 317 90 53 est,

225 356 126 46 Deinde
313 356 75 46 d.
351 356 63 46 &
376 356 100 46 iste
439 356 88 46 est
489 356 201 46 intelligens,
652 356 88 46 &c.
690 356 50 46 i.

233 397 64 52 &
259 397 115 52 ille,
336 397 90 52 qui
387 397 179 52 falsidicat
527 397 77 52 in
566 397 166 52 potentia,
681 397 64 52 est

228 437 215 54 intelligens
400 437 72 54 &
428 437 215 54 cognoscens:
601 437 100 54 qui
644 437 100 54 autem

223 477 198 52 falsidicat
378 477 85 52 in
421 477 127 52 actu,
506 477 99 52 non
562 477 127 52 habet
633 477 99 52 cogni

219 524 163 41 tionem.
338 524 149 41 Deinde
442 524 89 41 d.
487 524 74 41 &
516 524 134 41 etiam
590 524 149 41 accepit.

229 557 76 54 &c.
272 557 65 54 i.
305 557 54 54 &
326 557 140 54 similiter
434 557 86 54 iste
489 557 86 54 homo
543 557 130 54 accepit,
640 557 86 54 quod
683 557 54 54 qui

216 596 114 51 facit
293 596 114 51 malum
369 596 127 51 sponte
458 596 89 51 est
508 596 140 51 melior,
610 596 102 51 quid
661 596 76 51 quo-

224 635 125 50 facit
307 635 125 50 malum
391 635 97 50 vi.
446 635 111 50 ergo
516 635 97 50 qui
571 635 125 50 facit
641 635 97 50 malum

223 671 148 54 sponte,
330 671 94 54 est
384 671 135 54 melior
478 671 94 54 qua
532 671 94 54 qui
586 671 121 54 facit
653 671 81 54 mali

220 717 88 45 vi.
271 717 100 45 D.d.
333 717 63 45 &
358 717 100 45 ipse
421 717 138 45 accepit
521 717 100 45 hoc,
584 717 88 45 &c.
634 717 75 45 i.
671 717 63 45 &
684 717 50 45 il

211 749 82 45 se
252 749 218 45 ratiocinatur
430 749 123 45 super
512 749 96 45 hoc
566 749 82 45 ex
594 749 136 45 inductie

218 788 96 55 ne,
273 788 165 55 dicendo,
397 788 110 55 quod
466 788 96 55 qui
521 788 193 55 humiliatur
658 788 83 55 spon

225 829 90 51 te,
277 829 90 51 est
328 829 142 51 melior,
431 829 103 51 quid
496 829 90 51 qui
548 829 181 51 humiliatur
677 829 64 51 vi.

221 868 76 39 &
251 868 107 39 hoc
312 868 107 39 est
373 868 168 39 falsum.
495 868 122 39 D.d.
571 868 76 39 &
602 868 122 39 dico
663 868 76 39 hoc

221 916 110 43 modo
290 916 248 43 similitudinis,
497 916 83 43 i.
538 916 110 43 quod
607 916 124 43 agere
676 916 55 43 ma

216 948 102 50 lum
275 948 146 50 sponte
377 948 102 50 est
436 948 146 50 peius.
538 948 117 50 quia
611 948 117 50 quod
670 948 73 50 agi

216 984 99 55 tur
272 984 141 55 sponte
371 984 99 55 est
428 984 127 55 magis
513 984 184 55 perfectum
654 984 85 55 in
682 984 57 55 si

219 1024 176 53 militudine
358 1024 113 53 inter
434 1024 88 53 ea,
484 1024 101 53 quae
547 1024 139 53 aguntur
635 1024 101 53 spcote

229 1062 76 52 te,
273 1062 131 52 scilicet
371 1062 87 52 quod
425 1062 98 52 actio
491 1062 98 52 eorum
556 1062 163 52 perficitur,
676 1062 65 52 siue

223 1101 129 45 fuerit
313 1101 116 45 bona,
391 1101 103 45 siue
455 1101 116 45 mala.
533 1101 103 45 D.d.
597 1101 64 45 &
623 1101 77 45 si
662 1101 103 45 non,

226 1140 96 54 &c.
281 1140 82 54 i.
322 1140 68 54 &
349 1140 150 54 dicere,
458 1140 109 54 quod
527 1140 123 54 omne,
609 1140 109 54 quod
663 1140 82 54 agit

223 1181 154 42 sponte,
335 1181 98 42 est
391 1181 154 42 melius,
502 1181 98 42 est
558 1181 154 42 falsum.
656 1181 84 42 quod

225 1220 106 55 enim
291 1220 106 55 agit
357 1220 119 55 malum
437 1220 146 55 sponte,
542 1220 93 55 est
595 1220 119 55 peius
662 1220 79 55 quam

225 1269 100 45 quod
288 1269 100 45 agit
351 1269 88 45 vi,
401 1269 75 45 vt
438 1269 125 45 dictum
526 1269 88 45 est
576 1269 75 45 in
601 1269 100 45 Ethica

296 1317 100 53 De
346 1317 233 53 Accidente.
529 1317 133 53 Cap.
596 1317 66 53 2o

335 1379 161 60 Ccidens
452 1379 176 60 dicitur,
584 1379 117 60 quod
643 1379 102 60 inest

336 1428 151 54 alicui,
446 1428 68 54 &
473 1428 110 54 quod
542 1428 123 54 verum
624 1428 96 54 est
665 1428 82 54 dice

335 1468 90 54 re,
387 1468 90 54 non
438 1468 116 54 tamen
516 1468 116 54 neque
580 1468 155 54 necessario

218 1517 98 46 nec
274 1517 139 46 vtplm.
371 1517 84 46 vt
413 1517 112 46 puta
483 1517 84 46 si
525 1517 126 46 quis,
609 1517 98 46 pro
650 1517 84 46 plam

221 1557 88 49 ia
265 1557 117 49 rodi
338 1557 102 49 ens
397 1557 161 49 follam,
513 1557 161 49 inuenit
616 1557 131 49 thesau-

225 1596 120 46 rum.
300 1596 105 46 hoc
360 1596 151 46 itaque
466 1596 181 46 accidens
601 1596 120 46 fuit
662 1596 75 46 fo-

216 1637 168 45 diendi
334 1637 185 45 fossam,
468 1637 218 45 thesaurum
619 1637 118 45 inue-

223 1682 141 40 nire,
317 1682 110 40 nec
380 1682 126 40 enim
459 1682 220 40 necessario
631 1682 110 40 hoc
678 1682 63 40 ex

215 1725 107 53 hoc,
281 1725 94 53 aut
335 1725 107 53 post
402 1725 107 53 hoc,
469 1725 94 53 nec
522 1725 160 53 vtpscum,
629 1725 107 53 ,ilice

214 1774 96 36 cu
262 1774 80 36 s
294 1774 191 36 olantet,
437 1774 207 36 thesaurum
581 1774 159 36 inuenit,

213 1809 176 56 musicus
341 1809 176 56 quoqued
469 1809 160 56 fuerit
565 1809 176 56 quispiam,

219 1853 150 45 albus:
324 1853 105 45 sed
384 1853 105 45 cum
444 1853 105 45 nec
504 1853 225 45 necessario,
669 1853 75 45 nec

761 155 80 56 vt
801 155 201 56 persecundum
962 155 94 56 hoc
1015 155 121 56 fiat,
1096 155 161 56 accidens
1203 155 94 56 ipsum

759 203 188 47 dicimus.
900 203 109 47 Cum
963 203 156 47 igitur
1072 203 109 47 sit
1119 203 156 47 existens

759 252 192 42 aliquid,
903 252 80 42 &
935 252 176 42 alicui,
1063 252 80 42 &
1095 252 144 42 horum
1175 252 96 42 quae

761 287 96 51 dam
816 287 124 51 etiam
899 287 165 51 alicubi,
1022 287 69 51 &
1049 287 192 51 quandoque,
1187 287 82 51 quid

765 333 179 44 vtcunque
900 333 164 44 existit
1019 333 164 44 quidem,
1139 333 105 44 sed
1198 333 105 44 non

759 372 162 54 propter
877 372 88 54 id
921 372 118 54 hoc,
995 372 103 54 aut
1053 372 132 54 nunc,
1142 372 103 54 aut
1186 372 88 54 hic,

761 417 157 42 accidens
879 417 131 42 erit,.
971 417 92 42 nec
1023 417 131 42 itaque
1115 417 105 42 vlla
1167 417 105 42 causa-

761 461 208 45 determinata
927 461 194 45 accidentis
1079 461 111 45 est:
1149 461 97 45 sed
1190 461 83 45 quae

762 501 136 45 cunque
858 501 191 45 contingit.
1008 501 109 45 haec
1076 501 123 45 autem
1145 501 136 45 indeter-

753 542 184 52 minata.
887 542 101 52 vt
938 542 151 52 abire
1038 542 101 52 in
1089 542 184 52 Aeginam
1206 542 67 52 ac

757 583 129 52 cidit,
848 583 78 52 si
886 583 90 52 non
938 583 78 52 pr
977 583 90 52 per
1028 583 90 52 hoc
1080 583 142 52 euenit,
1184 583 78 52 vt
1209 583 65 52 il-

758 629 103 46 luc
817 629 133 46 iret,
906 629 103 46 sed
965 629 74 46 a
994 629 207 46 tempestate
1142 629 118 46 pulsus

749 668 115 46 aut
814 668 82 46 a
847 668 229 46 latronibus
1027 668 180 46 captus.
1142 668 131 46 factum

753 709 120 45 fuit
828 709 165 45 igitur,
948 709 75 45 &
978 709 105 45 est
1039 709 135 45 ipsum
1114 709 150 45 accidens

760 757 77 38 sed
804 757 131 38 secundum
902 757 77 38 se,
946 757 77 38 sed
990 757 77 38 non
1034 757 131 38 secundum
1133 757 131 38 alterum,
1220 757 55 38 tem

762 804 141 40 pestas
861 804 113 40 enim
932 804 141 40 causa,
1031 804 85 40 vt
1073 804 127 40 iret,
1158 804 99 40 quo
1200 804 71 40 non

755 836 232 56 nauigabat.
938 836 116 56 hoc
1004 836 149 56 autem
1104 836 133 56 erat
1170 836 100 56 Aegi

758 878 96 52 na.
813 878 150 52 Dicitur
922 878 123 52 etiam
1004 878 136 52 aliter
1100 878 177 52 accidens,
1222 878 55 52 vt

758 933 236 37 quaecunque
944 933 202 37 existunt
1095 933 101 37 in
1129 933 152 37 vnoquo-

760 965 90 50 que
812 965 154 50 secundum
927 965 90 50 se,
979 965 90 50 non
1030 965 180 50 existentia
1172 965 77 50 in
1198 965 77 50 sub-

748 1005 188 45 stantia.
889 1005 94 45 vt
936 1005 203 45 triangulo
1092 1005 125 45 duos
1155 1005 125 45 rectos

754 1053 180 51 habere,
884 1053 82 51 &
917 1053 131 51 haec
999 1053 164 51 quidem
1097 1053 180 51 contingit

756 1093 220 45 sempiterna
929 1093 141 45 esse,
1024 1093 173 45 illorum
1149 1093 126 45 vero
1212 1093 63 45 ni

760 1133 115 45 hil.
832 1133 130 45 ratio
918 1133 130 45 autem
1005 1133 130 45 huius
1091 1133 86 45 in
1120 1133 115 45 aliis.

806 1212 72 62 Et
842 1212 144 62 accidens
950 1212 108 62 etiam
1022 1212 132 62 dicitur
1118 1212 120 62 illud,
1202 1212 96 62 quod

758 1263 77 53 e
788 1263 200 53 alicuius,
942 1263 77 53 &
973 1263 169 53 dicitur
1097 1263 92 53 de
1143 1263 92 53 eo
1174 1263 92 53 vere

760 1314 88 56 sed
811 1314 76 56 no
849 1314 190 56 necessario,
1001 1314 126 56 neque,
1089 1314 76 56 in
1127 1314 126 56 maiori
1203 1314 63 56 pa-

758 1363 94 61 te,
811 1363 81 61 vt
852 1363 81 61 si
892 1363 148 61 aliquis
999 1363 148 61 foderit
1107 1363 121 61 fouea
1187 1363 81 61 ad
1214 1363 67 61 ali

759 1412 102 56 qua
818 1412 219 56 intentione,
993 1412 73 56 &
1023 1412 146 56 iuenit
1110 1412 161 56 thesauru.

758 1461 76 56 no
796 1461 101 56 enim
860 1461 63 56 e
885 1461 177 56 necessariu
1024 1461 76 56 vt
1062 1461 89 56 hoc
1113 1461 89 56 sit
1164 1461 76 56 ex
1189 1461 76 56 illo

764 1509 106 61 neque,
839 1509 64 61 in
870 1509 106 61 maiori
945 1509 106 61 parte,
1019 1509 127 61 scilicet
1114 1509 127 61 inuenire
1199 1509 74 61 thae-

750 1556 127 67 sauru
834 1556 112 67 post
905 1556 155 67 fossura
1017 1556 155 67 foueae.
1129 1556 70 67 &
1144 1556 127 67 simili-

756 1605 96 62 ter
811 1605 82 62 vt
852 1605 151 62 aliquis
962 1605 151 62 musicus
1071 1605 96 62 sit
1126 1605 82 62 no
1167 1605 137 62 albus.

761 1652 142 58 dicitur
864 1652 103 58 enim
929 1652 103 58 quod
994 1652 142 58 accidit
1097 1652 103 58 hoc.
1162 1652 90 58 non
1200 1652 78 58 enim

755 1705 40 14 Am

764 1701 62 62 e
788 1701 87 62 hoc
838 1701 199 62 necessarium,
1000 1701 125 62 neque,
1087 1701 75 62 vt
1125 1701 87 62 sit
1174 1701 75 62 in
1199 1701 75 62 maio

753 1749 83 61 ri
795 1749 138 61 parte.
891 1749 124 61 Ergo,
974 1749 110 61 quia
1043 1749 96 61 est
1098 1749 152 61 aliquid
1194 1749 83 61 ali-

746 1796 164 63 cuius
855 1796 91 63 &
892 1796 146 63 quia
983 1796 200 63 quaedam
1128 1796 146 63 sunt
1201 1796 73 63 in

754 1845 151 61 loco,
855 1845 84 61 &
888 1845 100 61 in
938 1845 167 61 aliquo
1055 1845 201 61 tempore,
1189 1845 84 61 se
