1475 2066
206 141 151 45 festum
312 141 106 45 est
372 141 121 45 enim
447 141 136 45 quod,
538 141 151 45 sicubi
628 141 106 45 diui-

218 184 98 45 num
274 184 167 45 existit,
399 184 84 45 in
441 184 112 45 tali
511 184 139 45 natura
595 184 139 45 existit.

218 229 81 45 &
250 229 325 45 honorabilissimam
526 229 178 45 oportet
640 229 97 45 cir-

220 269 102 46 ca
271 269 339 46 honorabilissimum
559 269 169 46 geneus
660 269 68 46 es

228 315 99 39 se.
284 315 225 39 speculatiuae
467 315 141 39 itaque
566 315 127 39 aliis
636 315 99 39 scien

219 355 117 55 tijs
292 355 190 55 praeponem
438 355 102 55 dae
497 355 131 55 sunt,
584 355 117 55 haec
642 355 88 55 vere

204 396 240 54 speculatiuis.

267 459 87 69 Et
311 459 160 69 oportet
428 459 102 69 nos
486 459 102 69 non
544 459 175 69 ignorare
661 459 73 69 il-

216 510 122 65 lud,
292 510 122 65 quod
368 510 213 65 significat
536 510 183 65 aliquid,
658 510 76 65 qui

220 563 102 55 sit
279 563 174 55 secundum
409 563 189 55 essentiam
555 563 73 55 &
569 563 160 55 definitio

221 609 96 61 ne,
276 609 165 61 qualiter
400 609 110 61 est,
468 609 124 61 quasi
551 609 165 61 quaerere
674 609 82 61 ab

221 651 93 63 que
274 651 106 63 hoc,
340 651 93 63 est
393 651 133 63 facere
486 651 119 63 nihil
566 651 106 63 illa
632 651 106 63 aut,
685 651 40 63 u

219 706 246 61 determinmant
419 706 77 61 &
449 706 231 61 significant
618 706 108 61 quid,

220 757 132 57 quadam
312 757 105 57 sunt
378 757 119 57 sicut
457 757 132 57 simus,
549 757 66 57 &
576 757 145 57 quaedam
668 757 66 57 si-

215 802 91 64 cut
267 802 182 64 profundum.
410 802 65 64 &
436 802 195 64 differentia
592 802 117 64 etiam
657 802 78 64 est,

215 853 109 65 quia
283 853 150 65 quiodam
392 853 204 65 accipiuntur
556 853 95 65 cum
597 853 136 65 materia,

220 901 178 58 profundum
357 901 96 58 aut
412 901 96 58 no.
466 901 123 58 simus
549 901 109 58 enim
617 901 96 58 est
658 901 82 58 pro-

216 949 161 53 fundum
329 949 97 53 in
377 949 145 53 naso:
473 949 241 53 profunditas
651 949 80 53 aut

222 997 98 53 est
278 997 112 53 sine
348 997 153 53 materia
459 997 195 53 sensibili.
613 997 84 53 Et
640 997 98 53 omnia

215 1044 192 58 naturalia
363 1044 177 58 dicuntur
496 1044 118 58 modo
570 1044 148 58 simili
658 1044 74 58 il-

214 1099 100 55 li,
271 1099 100 55 quo
328 1099 158 55 dicitur
443 1099 143 55 simus,
544 1099 86 55 vt
587 1099 143 55 manus,
687 1099 72 55 &

215 1141 165 61 oculus,
335 1141 75 61 &
365 1141 150 61 nasus,
470 1141 75 61 &
499 1141 135 61 caro,
589 1141 75 61 &
619 1141 105 61 os,
679 1141 90 61 et

218 1187 132 62 totum
307 1187 162 62 animal:
424 1187 74 62 &
454 1187 147 62 folia,
557 1187 88 62 et
586 1187 147 62 radices.

224 1237 68 62 &
252 1237 108 62 tota
319 1237 149 62 planta.
428 1237 176 62 definitio
563 1237 108 62 enim
631 1237 95 62 non
671 1237 68 62 fit

223 1285 90 62 in
268 1285 150 62 aliquo
373 1285 165 62 istorum
493 1285 120 62 sine
568 1285 135 62 motu.
643 1285 90 62 man-

217 1332 145 68 festum
319 1332 102 68 est
377 1332 160 68 igitur,
493 1332 116 68 quod
566 1332 87 68 in
609 1332 131 68 rebus
682 1332 58 68 na

227 1381 187 62 turalibus
371 1381 187 62 quaeritur
515 1381 115 62 quid
587 1381 101 62 sit
630 1381 101 62 mate-

219 1438 118 51 ria,
293 1438 74 51 &
322 1438 265 51 determinmatur,
543 1438 74 51 &
573 1438 133 51 quare
661 1438 103 51 sit

225 1477 141 61 etiam.
324 1477 183 61 Naturalis
465 1477 113 61 enim
535 1477 127 61 habet
606 1477 127 61 consyde

222 1527 95 60 rare
282 1527 71 60 de
317 1527 119 60 aliqua
401 1527 107 60 forma
472 1527 83 60 sci
520 1527 71 60 sa
555 1527 107 60 illa,
627 1527 95 60 quae
674 1527 60 60 est

220 1580 109 54 non
282 1580 124 54 sine
359 1580 186 54 materia.
499 1580 217 54 Manifestum
654 1580 78 54 est

215 1629 146 63 igitur
318 1629 88 63 ex
361 1629 117 63 hoc,
434 1629 117 63 quod
507 1629 175 63 scientia
624 1629 102 63 Natu-

217 1676 123 62 ralis
299 1676 96 62 est
354 1676 136 62 aliqua
449 1676 205 62 scientiaris
600 1676 136 62 specula-

227 1725 174 53 tiuarum.
357 1725 72 53 &
386 1725 87 53 et
429 1725 174 53 scientia
545 1725 188 53 Mathematica

217 1772 93 62 est
270 1772 200 62 scientiarum
430 1772 240 62 speculatiuaru.
630 1772 93 62 sed
670 1772 53 62 ma

214 1821 168 62 nifestum
340 1821 98 62 non
396 1821 112 62 est,
466 1821 84 62 si
509 1821 168 62 scientia
621 1821 112 62 rerum,

752 141 131 61 quae
834 141 115 61 non
899 141 213 61 mouentur,
1063 141 115 61 est
1112 141 180 61 abstracta

758 193 152 65 etiam.
864 193 76 65 &
895 193 91 65 si
940 193 106 65 sit
1001 193 228 65 manifestum,
1184 193 122 65 quod

750 242 185 55 quaedam
885 242 252 55 mathematica
1086 242 118 55 non
1137 242 134 55 mouen-

751 285 121 61 tur,
826 285 76 61 &
857 285 121 61 sunt
932 285 212 61 abstracta.
1099 285 91 61 Et
1144 285 91 61 si
1174 285 91 61 ali-

753 333 125 64 quid
831 333 109 64 sit
894 333 234 64 sempiternum
1081 333 109 64 non
1128 333 140 64 mobile.

750 386 115 56 aut
815 386 229 56 abstractum
995 386 164 56 etiam,
1094 386 180 56 manifestu

755 437 102 61 est
814 437 146 61 etiam,
916 437 117 61 quod
989 437 175 61 cognitio
1120 437 117 61 eius
1178 437 88 61 eris

746 481 88 62 in
790 481 146 62 aliqua
893 481 176 62 scientia
1024 481 219 62 speculatiua
1185 481 88 62 alia

757 531 69 47 a
785 531 179 47 Naturali.
922 531 179 47 scientia.
1060 531 110 47 enim
1115 531 151 47 Naturalis

750 576 108 58 est
811 576 139 58 rerum
904 576 200 58 mobilium.
1057 576 154 58 neque.
1150 576 123 58 Matbe-

749 629 150 62 matica,
858 629 95 62 sed
913 629 123 62 illa,
995 629 109 62 quae
1063 629 95 62 est
1117 629 109 62 ante
1172 629 95 62 omnes

755 674 141 55 istas,
853 674 169 55 scientia
980 674 112 55 enim
1050 674 183 55 Naturalis
1191 674 112 55 est,

751 723 148 64 rerum
849 723 312 64 inseparabilium,
1112 723 115 64 sed
1177 723 115 64 non
1226 723 66 64 im

747 773 231 45 mobibum.
920 773 115 45 Et
958 773 308 45 Mathematicarum

748 819 187 55 quaedam
884 819 136 55 sunt
969 819 153 55 rerum
1055 819 204 55 immobilium

750 869 95 57 sed
805 869 95 57 non
859 869 163 57 videntur
982 869 190 57 abstracta,
1131 869 95 57 sed
1185 869 109 57 quae

757 918 90 52 si
802 918 90 52 in
847 918 180 52 materia.
982 918 135 52 prima
1071 918 135 52 autem
1146 918 120 52 scien-

749 965 113 61 tia
814 965 130 61 erit
895 965 146 61 rerum
992 965 275 61 abstractarum,
1218 965 81 61 &

748 1013 136 62 quae
833 1013 119 62 non
901 1013 204 62 mouentur
1054 1013 136 62 Vnde
1122 1013 153 62 necesse

752 1060 98 62 vt
801 1060 146 62 omnia
898 1060 130 62 sint
979 1060 195 62 aeterna,
1126 1060 81 62 &
1142 1060 130 62 maxime

756 1108 132 63 ista,
845 1108 162 63 quoniam
962 1108 118 63 ista
1036 1108 118 63 sunt
1109 1108 147 63 causae
1197 1108 74 63 ve-

753 1156 113 63 rum
818 1156 243 63 apparentium
1012 1156 97 63 ex
1060 1156 194 63 diuinis.
1190 1156 81 63 Mo-

753 1205 88 61 di
797 1205 147 61 igitur
900 1205 235 61 Philosophiae
1077 1205 191 61 essentiales

755 1253 126 51 sunt
834 1253 141 51 tres,
928 1253 267 51 Mathematicus,
1133 1253 141 51 Natura.

749 1301 128 65 lis,
829 1301 80 65 &
861 1301 192 65 Diuinus.
1005 1301 160 65 Nullus
1116 1301 128 65 enim
1180 1301 112 65 igno-

751 1349 94 61 rat
804 1349 120 61 quod,
884 1349 80 61 si
924 1349 147 61 diuinus
1031 1349 107 61 est,
1098 1349 107 61 quod
1165 1349 94 61 est
1219 1349 80 61 in

759 1397 113 61 tali
830 1397 156 61 natura.
943 1397 71 61 &
971 1397 170 61 scientia
1098 1397 156 61 nobilis
1197 1397 71 61 de-

755 1445 98 64 bet
811 1445 112 64 esse
881 1445 154 64 nobilis
993 1445 168 64 generis.
1119 1445 126 64 aliae
1189 1445 84 64 enim

750 1493 182 61 scientiae
890 1493 224 61 speculatiuae
1073 1493 112 61 sunt
1143 1493 126 61 valde
1213 1493 56 61 bo

752 1545 110 50 nae.
821 1545 96 50 sed
876 1545 110 50 ista
945 1545 165 50 scientia
1069 1545 96 50 est
1124 1545 138 50 melior
1206 1545 69 50 om-

751 1595 125 56 nibus
834 1595 181 56 scientiis
960 1595 208 56 speculatiuis.

790 1669 111 54 Quia
860 1669 195 54 diuersitas
1013 1669 139 54 artium
1110 1669 97 54 fit
1166 1669 97 54 per
1221 1669 83 54 di
1249 1669 42 54 a

753 1716 225 38 uersitatem
930 1716 129 38 modi
1010 1716 225 38 terminorum
1171 1716 97 38 vten

756 1750 129 43 dorum,
847 1750 155 43 incoepit
963 1750 168 43 declarare
1093 1750 104 43 hoc,
1157 1750 65 43 &
1183 1750 78 43 d.
1209 1750 52 43 Et

755 1789 155 45 oportet,
871 1789 90 45 &c.
923 1789 78 45 i.
962 1789 65 45 &
988 1789 142 45 oportet
1091 1789 90 45 nos
1143 1789 90 45 non
1181 1789 78 45 igno

752 1828 124 45 rare
829 1828 140 45 modum
922 1828 155 45 vtendi
1015 1828 248 45 definitionibus
