1475 2066
175 138 240 57 significantibus
377 138 114 57 quid,
453 138 164 57 qualiter.
579 138 88 57 est
617 138 76 57 ille

187 177 126 49 modus
271 177 84 49 in
313 177 182 49 vnaquaque
453 177 126 49 arte,
537 177 70 49 &
565 177 70 49 i
593 177 98 49 hac
635 177 56 49 al

187 215 96 51 te,
242 215 165 51 quaerere
366 215 110 51 enim
435 215 152 51 aliquid
545 215 138 51 scire:
628 215 69 51 hoc

187 252 97 46 non
242 252 221 46 determinato,
422 252 97 46 est
478 252 124 46 quasi
561 252 97 46 non
602 252 83 46 quae

179 295 117 42 rere.
257 295 104 42 D.d.
321 295 104 42 Illa
386 295 129 42 autem,
477 295 104 42 quae
529 295 168 42 determinant

182 340 100 39 &c.
239 340 85 39 i.
281 340 71 39 &
310 340 100 39 via
367 340 85 39 ad
409 340 171 39 sciendum
537 340 100 39 hoc
594 340 114 39 est,
651 340 43 39 v

186 380 122 44 primo
268 380 163 44 sciamus,
390 380 109 44 quod
458 380 217 44 definitiones
621 380 81 44 sunt

191 413 135 38 duobus
285 413 135 38 modis,
379 413 94 38 aut
433 413 121 38 sicut
514 413 175 38 definitio
636 413 67 38 si-

184 452 166 52 nitatis,
309 452 97 52 aut
364 452 125 52 sicut
447 452 180 52 definitio
572 452 125 52 profund

190 492 136 38 tatis.
286 492 109 38 D.d.
354 492 68 38 &
381 492 204 38 differentia
544 492 136 38 etiam,
626 492 68 38 &c.

190 528 75 43 i.
228 528 63 43 &
253 528 113 43 istae
329 528 100 43 duae
391 528 201 43 definitiones
554 528 176 43 differunt:

190 572 112 42 quia
260 572 182 42 definitio
400 572 182 42 simitatis
540 572 98 42 est
596 572 98 42 cum
638 572 56 42 ma

192 613 123 40 teria
274 613 191 40 sensibili:
424 613 232 40 profunditatis
602 613 95 40 autem

191 647 88 43 est
242 647 101 43 sine
305 647 138 43 materia
405 647 176 43 sensibili.
543 647 151 43 dicimus,
644 647 50 43 ni

184 684 71 46 in
220 684 176 46 definitione
361 684 165 46 simitatis,
490 684 94 46 quod
549 684 82 46 est
584 684 106 46 profunm

184 726 122 49 ditas
266 726 81 49 in
307 726 122 49 naso:
388 726 68 49 &
415 726 176 49 accipitur
551 726 136 49 nasus,
632 726 68 49 quo

187 764 93 50 est
240 764 146 50 aliquid
346 764 185 50 sensibile,
491 764 79 50 in
518 764 185 50 definitione.

196 805 67 52 &
222 805 160 52 dicimus,
342 805 107 52 quod
409 805 200 52 profunditas
569 805 93 52 est
609 805 93 52 demis

183 852 96 42 sio
238 852 83 42 in
280 852 207 42 superficie,
445 852 83 42 in
486 852 96 42 qua
542 852 96 42 non
583 852 124 42 apparet

192 881 143 49 materia
296 881 195 49 sensibilis:
452 881 104 49 sed,
516 881 78 49 si
542 881 156 49 apparuerit

185 923 105 51 erit
251 923 250 51 intelligibilis.
461 923 105 51 D.d.
526 923 79 51 Et
566 923 118 51 omnia
631 923 66 51 na-

184 961 157 41 turalia,
301 961 91 41 &c.
354 961 78 41 i.
393 961 65 41 &
419 961 78 41 in
458 961 235 41 definitionibus
641 961 52 41 om

183 998 124 46 nium
260 998 140 46 rerum
353 998 217 46 naturalium
524 998 171 46 apparet
632 998 62 46 ma

189 1044 122 38 teria,
274 1044 110 38 sicut
348 1044 73 38 in
385 1044 184 38 definitione
532 1044 171 38 simitatis.
666 1044 61 38 &

190 1076 93 39 hoc
243 1076 93 39 est
296 1076 79 39 in
335 1076 146 39 omnibus
441 1076 146 39 membris
534 1076 159 39 animalium,

192 1117 119 37 sicut
271 1117 79 37 in
311 1117 198 37 definitione
469 1117 119 37 nasi,
548 1117 66 37 &
575 1117 132 37 oculi,
667 1117 66 37 &

192 1156 115 37 faciei,
275 1156 52 37 &
296 1156 115 37 carnis,
380 1156 52 37 &
401 1156 105 37 ossis,
474 1156 52 37 &
495 1156 178 37 vniversaliter
631 1156 63 37 onsi

188 1195 175 47 milium,
316 1195 80 47 &
347 1195 112 47 non
411 1195 255 47 consimilium,
618 1195 80 47 &
634 1195 64 47 in

196 1241 89 40 toto
251 1241 133 40 animali:
351 1241 55 40 &
373 1241 144 40 similiter
484 1241 66 40 in
517 1241 122 40 omnibus
594 1241 100 40 partibu

193 1271 153 54 plantae,
308 1271 64 54 &
333 1271 76 54 in
371 1271 102 54 tota
435 1271 140 54 planta.
537 1271 140 54 nullum.
626 1271 76 54 enim

173 1309 169 53 istorum
295 1309 138 53 habet
387 1309 245 53 definitionem
571 1309 123 53 absque

192 1353 88 48 eo,
243 1353 100 48 quod
305 1353 100 48 illa
368 1353 163 48 definitio
494 1353 151 48 accipiat
594 1353 113 48 aliquod

193 1388 262 40 transmutabile.
412 1388 116 40 D.d.
485 1388 204 40 manifestum
630 1388 73 40 est

197 1429 123 46 igitur
283 1429 98 46 quod
344 1429 74 46 in
381 1429 111 46 rebus
455 1429 197 46 naturalibus,
615 1429 86 46 &c.
652 1429 49 46 i.

190 1471 83 37 &,
232 1471 97 37 cum
287 1471 222 37 definitiones
467 1471 125 37 rerum
537 1471 166 37 naturalium

193 1507 94 47 non
246 1507 147 47 possint
353 1507 121 47 fieri
434 1507 107 47 sine
501 1507 147 47 materia
608 1507 67 47 &
622 1507 80 47 for-

196 1545 99 42 ma,
252 1545 198 42 manifestum
408 1545 99 42 est
465 1545 113 42 quod
535 1545 156 42 oportet
634 1545 57 42 Na

195 1589 164 36 turalem
314 1589 179 36 quaerere
448 1589 89 36 de
493 1589 164 36 materia
597 1589 104 36 rerum

195 1628 198 38 naturalium
351 1628 213 38 notificando
521 1628 113 38 quid
592 1628 113 38 sit,
662 1628 71 38 &

191 1667 179 40 quaerere
326 1667 179 40 secundum
460 1667 120 40 quod
535 1667 105 40 est
579 1667 120 40 illud,

193 1700 119 54 propter
280 1700 87 54 quod
334 1700 76 54 est
377 1700 130 54 materia.
475 1700 130 54 scilicet
572 1700 108 54 forma.
637 1700 65 54 D.d.

198 1741 171 52 Naturalis
330 1741 106 52 enim
396 1741 119 52 habet
475 1741 211 52 consyderare,
633 1741 66 52 &c.

185 1781 89 51 i.
230 1781 192 51 Naturalis
377 1781 118 51 enim
451 1781 133 51 habet
525 1781 162 51 consydera

191 1821 67 54 re
224 1821 67 54 de
258 1821 112 54 aliqua
336 1821 112 54 forma,
414 1821 134 54 scilicet
515 1821 67 54 de
549 1821 101 54 illa,
616 1821 89 54 quae
660 1821 45 54 im

715 132 178 52 possibilis
855 132 89 52 est
906 132 152 52 reperiri
1020 132 140 52 absque:
1109 132 127 52 materia.

721 175 76 51 Et
759 175 190 51 intendebat,
911 175 101 51 quod
975 175 165 51 Naturalis
1102 175 114 51 habet
1165 175 76 51 con-

714 216 133 46 syderare
814 216 66 46 in
847 216 133 46 vtroquis
946 216 133 46 scilicet
1046 216 66 46 de
1079 216 111 46 forma,
1157 216 100 46 quae

712 254 96 52 est
767 254 82 52 in
808 254 164 52 materia,
931 254 68 52 &
958 254 82 52 de
1000 254 164 52 materia,
1109 254 123 52 propter

717 294 282 45 eonsyderationem
955 294 89 45 de
999 294 208 45 composito:
1163 294 104 45 sed

713 340 235 44 consyderatio
904 340 118 44 eius
978 340 88 44 de
1022 340 147 44 formis
1110 340 118 44 natura

717 372 130 51 libus
803 372 101 51 est
861 372 130 51 prima
947 372 216 51 intentione,
1120 372 72 51 &
1149 372 86 51 de
1177 372 58 51 ma

716 413 131 51 teria
803 413 160 51 propter
919 413 160 51 formam.
1035 413 145 51 Deinde
1136 413 87 51 d.
1165 413 58 51 Ma

718 452 158 52 nifestum
837 452 92 52 est
889 452 145 52 igitur,
995 452 92 52 &c.
1048 452 79 52 i.
1087 452 79 52 ex
1127 452 92 52 hoc
1166 452 53 52 ap

712 490 99 55 ret,
773 490 99 55 quod
835 490 148 55 scientia
946 490 161 55 Naturalis
1070 490 86 55 est
1107 490 111 55 specula

720 532 125 49 tiua,
803 532 97 49 non
859 532 194 49 operatiua.
1012 532 69 49 &
1039 532 97 49 cum
1095 532 83 49 in
1123 532 97 49 defi-

709 573 217 45 nitionibus
879 573 139 45 rerum
972 573 217 45 naturalium
1127 573 108 45 appa-

714 608 92 42 ret
766 608 144 42 natura,
871 608 118 42 sicut
950 608 79 42 in
989 608 236 42 definitionibus
1173 608 52 42 re

717 650 112 40 rum
781 650 271 40 voluntariarum
1004 650 176 40 apparet
1116 650 112 40 volur

722 692 100 45 tas:
784 692 62 45 &
809 692 112 45 etiam
884 692 87 45 est
933 692 187 45 manifestum,
1083 692 100 45 quod
1133 692 87 45 scion

720 726 103 45 tia
779 726 220 45 Mathematica
955 726 103 45 est
1013 726 234 45 speculatiua,
1189 726 44 45 &

716 764 115 46 quod
787 764 100 46 est
845 764 172 46 scientia
974 764 129 46 rerum
1046 764 186 46 immobilium:

721 805 97 46 sed
776 805 97 46 non
832 805 97 46 est
887 805 193 46 manifestum
1039 805 97 46 per
1094 805 97 46 se,
1135 805 97 46 vtrum

717 844 122 51 illa
793 844 214 51 immobilia,
961 844 92 51 de
1007 844 153 51 quibus
1099 844 137 51 Mathema

718 885 122 39 ticus
800 885 204 39 consyderat,
963 885 109 39 sint
1030 885 176 39 abstracta
1166 885 68 39 a
1180 885 54 39 ma

720 924 136 39 teria,
816 924 95 39 aut
870 924 109 39 sint
938 924 82 39 in
979 924 163 39 materia.
1101 924 136 39 Deinde
1183 924 54 39 d.

715 963 64 39 &
741 963 76 39 si
779 963 89 39 sit
830 963 191 39 manifestum,
982 963 89 39 &c.
1033 963 76 39 i.
1071 963 64 39 &
1096 963 76 39 si
1122 963 114 39 simili-

721 997 91 45 ter
773 997 129 45 fuerit
863 997 194 45 declaratum,
1019 997 104 45 quod
1084 997 142 45 quaedam
1174 997 52 45 ma

723 1037 155 41 thematica
842 1037 95 41 sunt
902 1037 155 41 abstracta
1021 1037 143 41 secundum
1117 1037 107 41 defini-

718 1077 132 38 tionem
810 1077 66 38 &
837 1077 119 38 esse,
916 1077 92 38 aut
969 1077 106 38 alia
1035 1077 145 38 naetura
1141 1077 92 38 sit
1180 1077 53 38 ab

718 1117 162 37 stracta,
840 1117 108 37 tunc
908 1117 216 37 consyderatio
1083 1117 81 37 de
1124 1117 95 37 eis
1164 1117 68 37 non

723 1157 100 46 erit
785 1157 162 46 Naturalis
909 1157 174 46 scientiae,
1046 1157 112 46 neque
1109 1157 125 46 mathema-

724 1197 125 45 ticae.
812 1197 150 45 Scientia
925 1197 100 45 enim
987 1197 163 45 Naturalis
1100 1197 125 45 consyde-

713 1233 108 42 rat
774 1233 92 42 de
820 1233 138 42 rebus
912 1233 215 42 mobilibus,
1066 1233 169 42 Mathemati

728 1271 65 45 ca
761 1271 98 45 autem
826 1271 65 45 de
859 1271 98 45 rebus
924 1271 153 45 abstractis
1044 1271 131 45 secundum
1132 1271 87 45 defini

723 1317 134 46 tionem,
820 1317 85 46 non
869 1317 146 46 secundum
978 1317 109 46 esse.
1051 1317 85 46 sed
1087 1317 134 46 consydera

727 1349 88 45 tio
778 1349 75 45 de
815 1349 175 45 abstractis
953 1349 138 45 naturis
1053 1349 88 45 est
1090 1349 138 45 scientiae

721 1396 166 30 altioris
846 1396 138 30 istis.
943 1396 69 30 &
970 1396 97 30 hoc
1026 1396 194 30 intendebat
1164 1396 69 30 cum

725 1429 61 45 d
749 1429 146 45 scientia
859 1429 98 45 enim
920 1429 171 45 Naturalis,
1054 1429 85 45 &c.
1103 1429 73 45 i.
1139 1429 61 45 &
1152 1429 85 45 scien

723 1475 88 39 tia
773 1475 113 39 rerum
848 1475 200 39 abstractarum
1010 1475 88 39 est
1060 1475 100 39 alia
1123 1475 63 39 a
1135 1475 100 39 scien-

721 1508 100 45 tia
778 1508 186 45 Naturali,
921 1508 72 45 &
950 1508 72 45 a
979 1508 229 45 Mathematica:
1151 1508 86 45 quia

714 1547 166 39 scientia
839 1547 180 39 Naturalis
977 1547 194 39 consyderat
1129 1547 83 39 de
1157 1547 69 39 rei

716 1583 97 43 bus
772 1583 97 43 non
827 1583 208 43 abstractis,
994 1583 69 43 &
1022 1583 97 43 cum
1077 1583 97 43 hoc
1133 1583 97 43 non
1174 1583 56 43 im

718 1622 237 45 mobilibus.
904 1622 304 45 Mathematicarum
1141 1622 84 45 au-

716 1661 109 45 tem
779 1661 140 45 licet
872 1661 171 45 quaedam
996 1661 233 45 consyderent
1167 1661 62 45 de

711 1700 257 45 immobilibus,
920 1700 145 45 sicut
1016 1700 225 45 Geometria,
1177 1700 48 45 &

720 1740 218 46 Arithmetica,
898 1740 123 46 tamen
980 1740 123 46 visum
1061 1740 109 46 est,
1130 1740 109 46 quod
1184 1740 41 46 i

716 1780 103 53 la,
775 1780 88 53 de
819 1780 146 53 quibus
921 1780 220 53 consyderat,
1097 1780 103 53 non
1141 1780 88 53 sunt

712 1819 171 40 abstracta
844 1819 66 40 a
870 1819 158 40 materia,
989 1819 105 40 inmo
1041 1819 185 40 coexistentia
