1475 2066
222 148 89 45 in
267 148 179 45 materia:
401 148 119 45 etsi
476 148 164 45 materia
595 148 104 45 non
640 148 104 45 appa-

238 197 108 45 reat
305 197 108 45 esse
372 197 81 45 in
413 197 242 45 definitionibus
614 197 135 45 eorum.
695 197 54 45 D.

232 231 82 43 d.
273 231 123 43 Prima
355 231 123 43 autem
437 231 177 43 scientia,
574 231 96 43 &c.
628 231 82 43 i.
669 231 68 43 &
683 231 68 43 cum

234 268 92 47 res
286 268 183 47 abstractae
430 268 105 47 sint
495 268 144 47 priores
600 268 78 47 in
639 268 105 47 esse
692 268 65 47 non

239 316 198 38 abstractis,
397 316 145 38 necesse
503 316 92 38 est
556 316 79 38 vt
595 316 119 38 prima
662 316 92 38 scien

244 348 92 48 tia
297 348 79 48 in
336 348 106 48 esse
402 348 92 48 sit
455 348 159 48 scientia
574 348 119 48 rerum
640 348 119 48 abstra-

237 397 165 37 ctarum.
357 397 120 37 D.d.
432 397 75 37 &
462 397 120 37 quae
536 397 105 37 non
581 397 165 37 mouentur,

230 428 95 51 &c.
285 428 68 51 &
312 428 177 51 intendit,
448 428 109 51 quod
516 428 95 51 res
571 428 177 51 immobiles
694 428 54 51 ne

240 476 106 44 cesse
311 476 83 44 est
358 476 71 44 vt
393 476 94 44 sint
452 476 141 44 aeternae
558 476 106 44 magis
629 476 83 44 qua
665 476 83 44 aeter

240 506 79 42 nae
285 506 124 42 mobiles
375 506 136 42 diuinae.
477 506 136 42 scilicet
579 506 124 42 corpora
658 506 90 42 coele-

235 551 101 43 stia,
302 551 89 43 sunt
358 551 89 43 enim
414 551 112 43 causae
492 551 134 43 istorum,
593 551 134 43 scilicet
682 551 67 43 quod

228 582 194 45 substantia
380 582 180 45 abstracta
519 582 97 45 est
574 582 125 45 causa
643 582 97 45 corpo

230 622 110 42 rum
293 622 237 42 coelestium.
483 622 126 42 D.d.
562 622 126 42 Modi
625 622 126 42 igitur

236 661 243 52 Philosophiae,
436 661 100 52 &c.
493 661 86 52 i.
536 661 200 52 manifestum
679 661 71 52 est

237 701 138 50 igitur
334 701 83 50 ex
376 701 97 50 hoc
431 701 166 50 sermone,
555 701 111 50 quod
625 701 111 50 modi
680 701 69 50 Phi

233 739 141 39 losophiae
341 739 173 39 speculatiuae
482 739 87 39 sunt
536 739 87 39 tres
590 739 130 39 scilicet
677 739 65 39 scie

233 779 115 39 tia
298 779 148 39 rerum
397 779 312 39 mathematicarum,
660 779 82 39 &
676 779 66 39 na

241 816 159 42 turalium,
363 816 61 42 &
387 816 183 42 diuinarum.,
534 816 146 42 scilicet
631 816 110 42 substan

236 858 152 48 tiarum,
347 858 83 48 in
388 858 138 48 quarum
485 858 208 48 definitione
637 858 111 48 accips

236 895 91 44 tur
288 895 117 44 Deus.
366 895 65 44 &
393 895 183 44 intendebat
536 895 117 44 quod,
601 895 144 44 quemadmo,

239 933 103 53 dum
298 933 190 53 naturalia
444 933 117 53 sunt
518 933 132 53 illa,
606 933 88 53 in
635 933 117 53 quorum

234 973 197 45 definitione
392 973 184 45 accipitur.
536 973 145 45 natura,
642 973 92 45 ita
681 973 66 45 di-

239 1020 114 38 uina
310 1020 114 38 sunt
381 1020 128 38 illa,
466 1020 85 38 in
509 1020 142 38 quorum
594 1020 156 38 definitio

234 1060 84 45 ne
276 1060 182 45 accipitur
416 1060 126 45 Deus:
500 1060 70 45 &
528 1060 196 45 voluntaria
668 1060 84 45 sunt

240 1092 128 52 illa,
325 1092 85 52 in
368 1092 142 52 quorum
467 1092 213 52 definitione
624 1092 128 52 accipit

238 1140 205 46 voluntas.
396 1140 126 46 D.d.
475 1140 158 46 Nullus
586 1140 126 46 enim
649 1140 95 46 igno

232 1173 83 52 rat
280 1173 83 52 &c.
327 1173 71 52 i.
363 1173 83 52 non
411 1173 95 52 enim
470 1173 107 52 latet
542 1173 131 52 aliquem
637 1173 107 52 quod,
696 1173 60 52 si-

239 1213 94 49 est
292 1213 161 49 scientia
413 1213 147 49 Diuina,
520 1213 107 49 quin
587 1213 94 49 sit
640 1213 80 49 in
667 1213 94 49 tali-

239 1253 118 37 natura,
325 1253 129 37 scilicet
422 1253 150 37 abstracta.
540 1253 86 37 D.d.
593 1253 54 37 &
615 1253 129 37 scientia
700 1253 54 37 non

239 1290 132 50 bilis,
331 1290 92 50 &c.
384 1290 79 50 i.
423 1290 66 50 &
450 1290 92 50 cum
503 1290 185 50 manifestum
648 1290 92 50 est
687 1290 66 50 per

234 1333 82 52 se,
281 1333 94 52 quod
340 1333 141 52 scientia
445 1333 141 52 nobilior
551 1333 82 52 est
597 1333 129 52 generis
679 1333 59 52 non

235 1369 175 42 bilioris:
369 1369 67 42 &
396 1369 161 42 scientia
517 1369 134 42 Diuina
611 1369 94 42 est
651 1369 94 42 scien

231 1412 94 39 tia
284 1412 175 39 nobilior:
419 1412 108 39 erco
487 1412 94 39 est
540 1412 202 39 nobilioris.
689 1412 67 39 Oes

228 1441 99 57 enim
290 1441 173 57 scientiae,
426 1441 112 57 sicet
500 1441 99 57 sint
562 1441 149 57 nobiles,
661 1441 87 57 tamen

227 1490 162 40 scientia
348 1490 94 40 Dei
402 1490 94 40 est
456 1490 162 40 nobilior
577 1490 148 40 illius,
672 1490 67 40 cui

227 1533 177 37 subiectum
363 1533 95 37 est
418 1533 163 37 nobilius
540 1533 149 37 omnibus
635 1533 122 37 subtis,

265 1597 149 37 Dubit
365 1597 166 37 auerit
481 1597 166 37 etenim
580 1597 166 37 aliquis,

233 1638 165 44 vtrum
342 1638 165 44 prima
452 1638 274 44 Philosophia
654 1638 91 44 vni

237 1677 174 53 uersalis
368 1677 116 53 sit,
441 1677 87 53 an
484 1677 131 53 circa
572 1677 160 53 aliquod
673 1677 73 53 ge-

236 1719 137 43 nus,
322 1719 86 43 &
356 1719 137 43 vnam
442 1719 206 43 naturam.
596 1719 120 43 Non
648 1719 103 43 enim

228 1761 134 41 idem
312 1761 151 41 modus
413 1761 118 41 est
480 1761 151 41 atque
581 1761 101 41 in
615 1761 134 41 Mathe-

236 1805 204 51 maticis,
389 1805 119 51 sed
457 1805 221 51 Geometria
609 1805 136 51 quidem

237 1845 83 54 &
271 1845 233 54 Astrologia
454 1845 150 54 circa
554 1845 183 54 quandam
671 1845 83 54 na

770 157 143 38 turam
865 157 143 38 sunt,
960 157 127 38 illa
1040 157 127 38 vero
1119 157 222 38 vniuersali

765 197 102 45 ter
824 197 161 45 omnibus
941 197 176 45 communis
1073 197 117 45 est.
1146 197 88 45 Si
1175 197 117 45 igitur

774 242 97 40 non
830 242 97 40 est
885 242 139 40 aliqua
983 242 111 40 alia
1052 242 195 40 substantia
1192 242 97 40 prae-

767 278 110 53 ter
830 278 126 53 eas,
909 278 126 53 quae
987 278 157 53 natura
1081 278 204 53 consistunt,

767 324 172 46 Naturalis
899 324 159 46 profecto
1019 324 119 46 prima
1098 324 159 46 scientia
1204 324 80 46 est.

769 365 121 53 Quod
845 365 91 53 si
890 365 106 53 est
951 365 152 53 aliqua
1057 365 212 53 substantia
1208 365 76 53 im-

771 406 194 44 mobilis,
916 406 129 44 haec
997 406 161 44 prior,
1110 406 81 44 &
1126 406 161 44 Philoso-

772 453 97 48 phia
832 453 121 48 prima,
917 453 61 48 &
942 453 182 48 vniversalis
1087 453 97 48 sic,
1148 453 97 48 quod
1196 453 97 48 prima.

815 500 98 54 Et
864 500 163 54 dignum
977 500 114 54 est
1042 500 195 54 quaerere
1172 500 114 54 vtrum

759 543 134 57 prima
848 543 223 57 Philosophia
1027 543 104 57 sit
1072 543 208 57 vniuersalis,

767 589 104 61 aut
826 589 178 61 alicuius
960 589 178 61 generis,
1093 589 104 61 aut
1152 589 133 61 vnius
1226 589 59 61 na

761 636 147 64 turae.
864 636 103 64 Non
923 636 117 64 enim
996 636 103 64 est
1054 636 103 64 vna
1113 636 176 64 species,
1230 636 59 64 ne

766 685 98 61 que
822 685 84 61 in
864 685 182 61 scientiis
1004 685 224 61 Mathematicis
1172 685 98 61 etiam

765 732 115 67 sed
830 732 230 67 Geometria,
1011 732 82 67 &
1044 732 230 67 Astrologia
1208 732 82 67 sut

766 781 183 45 alicuius
903 781 183 45 naturae,
1041 781 76 45 &
1071 781 183 45 scientia
1193 781 92 45 vni-

765 829 178 61 uersalis
898 829 104 61 est
958 829 178 61 communis
1091 829 178 61 omnibus.
1224 829 89 61 Si

763 877 146 61 igitur
865 877 102 61 non
924 877 146 61 fuerit
1026 877 204 61 substantia
1171 877 117 61 aliqua

772 924 121 64 alia
848 924 76 64 a
878 924 212 64 substantus
1045 924 242 64 existentibus
1226 924 61 64 na

763 972 137 63 tura,
854 972 122 63 tunc
931 972 137 63 prima
1022 972 183 63 scientia
1160 972 107 63 est
1206 972 76 63 Na-

771 1020 171 64 turalis.
899 1020 85 64 Et
942 1020 85 64 si
984 1020 142 64 aliqua
1084 1020 199 64 substantia
1226 1020 57 64 im

774 1068 147 54 mobilis
880 1068 147 54 fuerit,
987 1068 107 54 illa
1054 1068 107 54 erit
1121 1068 147 54 primum,
1228 1068 80 54 et

772 1117 183 62 scientia
909 1117 122 62 eius
986 1117 122 62 erit
1062 1117 137 62 prima
1138 1117 153 62 Philoso-

771 1165 135 61 phia,
861 1165 224 61 vniuersalis
1025 1165 120 61 etiam.

791 1212 137 57 Idest.
887 1212 82 57 Et
928 1212 137 57 rectum
1024 1212 96 57 est
1079 1212 165 57 quaerere
1189 1212 96 57 post-

772 1253 97 47 qua
828 1253 194 47 declarauit
980 1253 125 47 talem
1064 1253 181 47 scientiam
1189 1253 97 47 esse,

776 1293 108 55 quae
843 1293 148 55 dicitur
951 1293 121 55 prima
1031 1293 215 55 Philosophia,
1193 1293 94 55 vtrum

772 1333 106 51 ista
838 1333 159 51 scientia
957 1333 93 51 sit
1010 1333 199 51 vniuersalis
1156 1333 132 51 pluribus

775 1381 199 44 generibus,
931 1381 100 44 aut
988 1381 157 44 eiusdem
1102 1381 171 44 generis,
1216 1381 71 44 aut

768 1412 164 38 eiusdem
887 1412 179 38 naturae.
1021 1412 149 38 Deinde
1125 1412 89 38 d.
1170 1412 104 38 Non
1215 1412 74 38 est

770 1453 101 51 enim
834 1453 89 51 vna
884 1453 152 51 species.
998 1453 76 51 i.
1036 1453 139 51 apparet
1137 1453 114 51 enim,
1213 1453 101 51 quod

765 1493 243 50 Mathematica
959 1493 113 50 non
1024 1493 113 50 est
1089 1493 146 50 vnius
1170 1493 113 50 gene-

766 1526 121 55 ris,
842 1526 106 55 sed
902 1526 212 55 diuersorum
1069 1526 182 55 generum.
1190 1526 91 55 Geo-

771 1563 148 47 metria
875 1563 118 47 enim
949 1563 104 47 est
1008 1563 163 47 naturae
1126 1563 178 47 diuersae
1245 1563 44 47 a

764 1612 156 38 natura,
877 1612 128 38 cuius
962 1612 99 38 est
1019 1612 213 38 Astrologia.
1189 1612 71 38 &
1203 1612 85 38 vtra

768 1650 108 40 que
829 1650 108 40 est
891 1650 246 40 Mathematica.
1090 1650 154 40 Deinde
1198 1650 92 40 d.
1244 1650 77 40 &

764 1685 168 43 scientia
890 1685 210 43 vniuersalis
1058 1685 168 43 communis
1184 1685 98 43 est
1226 1685 56 43 om

773 1725 119 38 nibus.
856 1725 71 38 i.
892 1725 95 38 sed,
951 1725 71 38 si
987 1725 142 38 scientia
1093 1725 95 38 ista
1153 1725 119 38 fuerit
1224 1725 59 38 vni

769 1764 161 49 uersalis,
893 1764 136 49 dignius
992 1764 74 49 vt
1029 1764 87 49 sit
1078 1764 149 49 communis
1177 1764 112 49 omnibus

768 1805 175 51 entibus.
900 1805 117 51 D.d.
973 1805 88 51 Si
1016 1805 146 51 igitur
1119 1805 102 51 non
1162 1805 117 51 fuerit

768 1845 89 53 &c.
819 1845 76 53 i.
857 1845 64 53 &
883 1845 178 53 manifestum
1022 1845 102 53 est,
1086 1845 102 53 quod
1149 1845 76 53 si
1187 1845 89 53 non
1226 1845 64 53 es
