1475 2066
167 173 136 65 Vetio
258 173 136 65 rerum
348 173 106 65 non
409 173 106 65 est
469 173 166 65 propter
575 173 136 65 paruita

179 220 127 66 tem.
259 220 79 66 &
290 220 111 66 cum
354 220 111 66 hoc
417 220 206 66 passiones
576 220 79 66 &
592 220 111 66 acci-

191 268 142 62 dentia
290 268 184 62 separatur
432 268 71 62 a
460 268 227 62 substantiis:
630 268 71 62 ad-

177 316 152 64 mixtio
283 316 137 64 enim,
375 316 76 64 &
405 316 198 64 separatio
558 316 122 64 sunt
619 316 76 64 si-

182 365 125 61 mul.
261 365 78 61 &
292 365 109 61 qui
354 365 172 61 diligit
479 365 188 61 consequi
604 365 94 61 veri

178 413 90 62 in
223 413 90 62 eo
268 413 120 62 quod
342 413 105 62 sit
402 413 164 62 dicens,
522 413 134 62 verum
596 413 105 62 appa-

178 460 100 62 ret
235 460 86 62 in
278 460 115 62 suis
335 460 187 62 sermonibus,

164 525 250 53 Anaxagoras
360 525 160 53 vero,
467 525 125 53 qui
521 525 178 53 opinabat

184 562 91 54 quod
240 562 113 54 causae
320 562 91 54 sunt
376 562 91 54 duae
433 562 68 54 in
467 562 91 54 actu
524 562 136 54 scilicet
614 562 91 54 causa-

182 603 135 52 agens,
277 603 68 52 &
304 603 149 52 corpora
413 603 203 52 consimilium
562 603 135 52 partium,

175 638 117 52 quae
249 638 117 52 sunt
322 638 88 52 in
366 638 191 52 mixtione,
512 638 103 52 non
556 638 147 52 secundum

186 677 130 45 ordinem
281 677 94 45 iuit
340 677 142 45 scilicet
446 677 83 45 qui
493 677 59 45 a
517 677 83 45 non
552 677 142 45 declarauit

181 717 199 52 qualitatem
337 717 199 52 existentem
493 717 170 52 corporum
607 717 85 52 con-

187 757 154 52 similium
302 757 77 52 in
341 757 166 52 mixtione:
469 757 115 52 neque
545 757 115 52 etiam
609 757 90 52 dixit

176 794 124 54 illlud
262 794 87 54 per
312 794 173 54 argumentum
448 794 185 54 sufficiens,
596 794 87 54 sed
633 794 62 54 per

175 833 282 42 sophisticationes
414 833 197 42 inducentes
569 833 99 42 eum
626 833 85 42 ad
654 833 42 42 i

175 870 113 44 lud.
245 870 141 44 Deinde
344 870 141 44 dicit:
443 870 85 44 Et
485 870 127 44 turpe
570 870 113 44 est,
626 870 71 44 &c.

174 917 193 44 idestturpe
326 917 97 44 est
381 917 138 44 dicere
478 917 152 44 aliquid
589 917 83 44 in
616 917 83 44 prin

180 956 121 44 cipsos,
268 956 121 44 entium,
356 956 110 44 quando
433 956 121 44 apparet
522 956 88 44 quod
577 956 99 44 entia
632 956 66 44 sunt

175 988 89 46 in
220 988 164 46 dispone
339 988 164 46 diuersa
458 988 89 46 ab
503 988 104 46 eo,
562 988 119 46 quod
622 988 74 46 di-

181 1026 118 52 ctum
255 1026 118 52 fuit
329 1026 88 52 de
373 1026 118 52 suis
447 1026 221 52 principiis.
609 1026 88 52 D.d.

177 1064 137 50 omnia
268 1064 122 50 enim
344 1064 168 50 admixta
466 1064 122 50 sunt
543 1064 107 50 cum
588 1064 107 50 prin-

179 1111 162 39 cipio.
292 1111 81 39 &
325 1111 162 39 narrat
438 1111 194 39 sermonem
567 1111 130 39 Anaxa-

179 1146 127 48 gorae.
268 1146 63 48 &
293 1146 152 48 intendit
407 1146 89 48 per
458 1146 190 48 principium,
598 1146 101 48 illud,

172 1183 125 49 quod
251 1183 141 49 vocat
344 1183 250 49 admixtionem:
547 1183 78 49 &
579 1183 109 49 per
626 1183 63 49 ad

170 1219 149 55 mixta,
274 1219 164 55 corpora
394 1219 224 55 consimilium
558 1219 134 55 partium

195 1261 147 52 Deinde
298 1261 147 52 dicit:
401 1261 191 52 contingit
548 1261 147 52 igitur
636 1261 59 52 vt

176 1297 127 55 primo
260 1297 113 55 sint
331 1297 99 55 non
387 1297 169 55 admixta.
514 1297 85 55 i.
542 1297 155 55 contingit

169 1341 127 48 igitur
258 1341 191 48 Anaxagorae,
411 1341 89 48 cum
462 1341 115 48 dixit
538 1341 102 48 quod
602 1341 89 48 res
640 1341 51 48 in

174 1374 181 49 principio
313 1374 111 49 sunt
382 1374 181 49 admixtae,
521 1374 83 49 vt
563 1374 111 49 ante
619 1374 69 49 non

177 1415 121 43 sint
252 1415 211 43 adinixtae.
418 1415 211 43 quapropter
569 1415 121 43 mixtio

177 1461 96 44 non
232 1461 109 44 erit
300 1461 205 44 principium.
465 1461 137 44 mixtio
560 1461 109 44 enim
629 1461 96 44 non

172 1493 218 51 intelligitur
350 1493 109 51 nisi
418 1493 109 51 post
473 1493 218 51 segregationem,

194 1531 137 39 Deinde
290 1531 123 39 dicit
372 1531 123 39 aliud
454 1531 205 39 impossibile
604 1531 82 39 con-

171 1570 151 53 tingens
281 1570 193 53 Anaxagorae
433 1570 83 53 in
474 1570 110 53 hoc,
543 1570 110 53 quod
598 1570 96 53 dicit

175 1605 191 53 consimiles
325 1605 136 53 partes
421 1605 164 53 admixtae
544 1605 109 53 sunt
598 1605 96 53 valde

179 1647 156 50 minimae,
296 1647 65 50 &
322 1647 117 50 dicit
400 1647 130 50 contra
491 1647 130 50 ipsum,
582 1647 104 50 quod
634 1647 65 50 mix

173 1684 91 54 tio
225 1684 104 54 vera
290 1684 91 54 non
342 1684 91 54 sit
394 1684 91 54 per
446 1684 182 54 paruitatem
576 1684 117 54 partium

181 1721 103 53 Illa
246 1721 103 53 enim
310 1721 129 53 mixtio
401 1721 90 53 non
452 1721 90 53 est
504 1721 103 53 nisi
569 1721 103 53 apud
620 1721 65 53 sen

180 1764 109 38 sum.
248 1764 136 38 Mixtio
343 1764 122 38 autem
425 1764 109 38 vera
492 1764 95 38 est
547 1764 81 38 vt
587 1764 122 38 mixta
655 1764 41 38 a

174 1802 165 40 terentur
298 1802 192 40 abinuicem,
449 1802 124 40 donec
531 1802 110 40 fiat
600 1802 82 40 ex
627 1802 69 40 eis

180 1839 133 43 forma
269 1839 148 43 media.
372 1839 89 43 v.
416 1839 74 43 g
446 1839 133 43 forma
520 1839 177 43 oxymaellis

726 172 109 46 quae
794 172 95 46 fit
849 172 82 46 ex
890 172 163 46 mixtione
1012 172 136 46 mellis
1108 172 68 46 &
1121 172 109 46 aceti-

717 213 132 45 Deinde
809 213 119 45 dicit
889 213 119 45 aliud
968 213 212 45 impossibile,
1140 213 66 45 &
1167 213 79 45 d.
1193 213 40 45 E

719 254 76 48 Et
757 254 89 48 cum
808 254 89 48 hoc
859 254 178 48 passiones,
1000 254 64 48 &
1025 254 191 48 accidentia,
1165 254 64 48 &c.

716 292 125 50 idest,
803 292 62 50 &
828 292 87 50 cum
877 292 87 50 hoc
927 292 125 50 accnea
1014 292 174 50 separantur
1151 292 62 50 a
1164 292 62 50 sub

723 332 141 50 stantiis,
832 332 109 50 quando
908 332 163 50 substantiae
1038 332 65 50 ad
1071 332 152 50 miscentur:
1180 332 54 50 ita

722 379 106 41 quod
788 379 133 41 mixtio
881 379 226 41 substantiarum
1067 379 66 41 &
1081 379 146 41 separatio

712 410 204 40 accidentium
876 410 95 40 sit
930 410 163 40 insimul.
1053 410 68 40 &
1067 410 163 40 substantia

714 447 88 50 cum
765 447 114 50 sint,
841 447 114 50 erunt
916 447 114 50 extra
992 447 177 50 passiones,
1131 447 63 50 &
1144 447 88 50 acci-

712 485 156 53 dentia.
826 485 114 53 D.d.
897 485 71 53 &
925 485 100 53 qui
982 485 156 53 diligit
1096 485 171 53 consequi

721 533 127 47 verum,
810 533 89 47 &c.
861 533 76 47 i.
899 533 127 47 innuit
988 533 102 47 quod
1052 533 178 47 Anaxagoras
1179 533 51 47 vo

720 565 114 43 lebat
796 565 89 43 per
847 565 114 43 istos
923 565 152 43 sermones
1037 565 127 43 facere
1113 565 127 43 simbrias

710 607 122 43 sibi,
792 607 95 43 aut
846 607 177 43 defendere
982 607 149 43 aliquam
1077 607 163 43 opinionem,

710 653 171 37 famosam.
838 653 100 37 sed
895 653 143 37 melius
995 653 100 37 est
1052 653 157 37 dicere,
1152 653 86 37 quod

717 682 89 40 hoc
768 682 152 40 faciebat
882 682 139 40 propter
983 682 139 40 laudem,
1084 682 101 40 quia
1147 682 76 40 in
1173 682 63 40 suo

721 720 126 46 tempore
812 720 80 46 non
858 720 92 46 erat
915 720 92 46 lex,
973 720 92 46 quam
1030 720 172 46 defenderet.

757 780 164 53 Quando
871 780 131 53 enim
953 780 115 53 nil
1018 780 131 53 erat
1084 780 147 53 separa-

717 821 111 45 tum,
786 821 125 45 patet
870 821 111 45 quod
939 821 152 45 nilerat
1050 821 111 45 vere
1119 821 83 45 de
1147 821 83 45 illa

715 861 196 52 substantia
869 861 182 52 dicendum.
1008 861 112 52 dico
1078 861 126 52 autem
1148 861 84 52 quod

715 902 119 51 neque
794 902 132 51 album,
887 902 119 51 neque
966 902 146 51 nigrum,
1072 902 93 51 aut
1112 902 119 51 fuscum,

714 941 101 45 aut
771 941 130 45 alium
858 941 174 45 colorem,
989 941 101 45 sed
1047 941 116 45 quod
1105 941 130 45 colore.

712 983 157 51 vacans
822 983 220 51 necessaria
995 983 157 51 esset.
1090 983 141 51 alioqui

712 1025 155 42 nanque
821 1025 171 42 aliquem
945 1025 140 42 horum
1038 1025 171 42 colorum
1147 1025 93 42 habe

715 1069 98 50 ret.
776 1069 159 50 similiter
899 1069 110 50 etiam
972 1069 98 50 sine
1034 1069 123 50 sapore
1120 1069 110 50 eadem
1181 1069 49 50 ra

713 1109 165 53 tione,
828 1109 115 53 nec
894 1109 148 53 aliud
992 1109 197 53 quicquam
1124 1109 115 53 simi-

710 1148 147 46 lium,
808 1148 114 46 nec
873 1148 131 46 enim
955 1148 147 46 quale
1052 1148 131 46 quid
1118 1148 114 46 possi

714 1191 113 51 bile
785 1191 99 51 est
841 1191 128 51 illud
926 1191 128 51 esse,
1011 1191 128 51 neque
1082 1191 142 51 quantum,

715 1234 143 51 neque
810 1234 143 51 quid.
906 1234 191 51 formarum
1049 1234 143 51 enim,
1144 1234 127 51 quae

714 1277 82 53 in
755 1277 123 53 parte
837 1277 177 53 dicuntur,
973 1277 150 53 aliquae
1082 1277 82 53 ei
1123 1277 109 53 sane
1178 1277 54 53 in

713 1317 146 45 essent.
819 1317 93 45 hoc
872 1317 106 45 vero
938 1317 212 45 impossibile,
1110 1317 79 45 si
1136 1317 93 45 mista

712 1357 110 53 sint
781 1357 138 53 omnia.
878 1357 138 53 essent
974 1357 110 53 enim
1043 1357 96 53 iam
1084 1357 138 53 separata

754 1401 195 65 Quoniam
896 1401 160 65 autem
1003 1401 107 65 in
1039 1401 195 65 fundameto

701 1446 162 60 naturae
819 1446 103 60 non
878 1446 103 60 est
936 1446 162 60 aliquid
1039 1446 191 60 distinctum,

719 1493 188 61 manifestum
866 1493 107 61 est,
933 1493 107 61 quod
1000 1493 94 61 non
1054 1493 107 61 uere
1107 1493 121 61 dicitur

719 1541 84 61 in
761 1541 112 61 illa
831 1541 195 61 substantia
984 1541 112 61 quod
1054 1541 98 61 est
1096 1541 139 61 alicuius

714 1590 216 64 dispositionis.
894 1590 96 64 dico
954 1590 120 64 neque,
1037 1590 120 64 albae,
1121 1590 120 64 neque,
1193 1590 48 64 ni

714 1642 118 63 grae,
793 1642 132 63 neque,
885 1642 158 63 alterius
1003 1642 158 63 coloris,
1122 1642 92 63 sed
1161 1642 79 63 sine

709 1689 146 66 colore
811 1689 219 66 necessario,
986 1689 73 66 &
1015 1689 87 66 in
1059 1689 87 66 eo
1103 1689 102 66 est
1147 1689 87 66 nega

707 1737 117 50 tio
774 1737 184 50 istorum
908 1737 167 50 omnium
1025 1737 201 50 colorum.
1176 1737 84 50 &

720 1787 179 64 similiter
858 1787 96 64 est
913 1787 110 64 sine
982 1787 138 64 aliqua
1064 1787 165 64 mixctione,

714 1832 73 61 &
744 1832 191 61 similiter
891 1832 103 61 non
949 1832 117 61 erit
1023 1832 88 61 in
1067 1832 88 61 eo
1096 1832 147 61 aliquid,
