1475 2066
175 149 98 45 Aut
231 149 84 45 de
273 149 224 45 necessitate,
456 149 98 45 aut
512 149 84 45 in
554 149 140 45 maiori
638 149 70 45 par

196 191 98 51 te.
252 191 70 51 &
280 191 112 51 ideo
350 191 84 51 in
392 191 98 51 hoc
448 191 140 51 genere
531 191 168 51 impossibi-

197 230 85 52 le
239 230 99 52 est
296 230 155 52 aliquam
409 230 212 52 cognitionem
578 230 127 52 esse.
649 230 56 52 Et

195 268 110 46 hoc,
264 268 110 46 quod
333 268 83 46 d.
374 268 110 46 quod
443 268 165 46 scientia
553 268 152 46 permanens

190 305 137 49 nonest
286 305 110 49 nisi
355 305 124 49 rerum
437 305 247 49 necessariarum,
629 305 69 49 aut

190 344 137 50 earum,
286 344 110 50 quae
355 344 110 50 sunt
424 344 82 50 in
465 344 137 50 maiori
561 344 137 50 parte,
643 344 55 50 ma

198 384 150 51 nifestum
311 384 88 51 est
361 384 88 51 per
411 384 88 51 se.
461 384 63 51 &
486 384 100 51 quod
536 384 163 51 impossibile

192 421 86 45 est
241 421 147 45 addisci,
351 421 86 45 aut
400 421 110 45 sciri
474 421 98 45 quid
535 421 86 45 non
585 421 86 45 est
621 421 74 45 alte

200 461 92 56 rius
257 461 126 56 istarum
349 461 115 56 duarum
429 461 206 56 dispositionum,
589 461 115 56 quoniam,

193 502 99 54 sicut
259 502 110 54 dixit,
336 502 99 54 omne,
402 502 88 54 quod
457 502 154 54 definitur,
578 502 77 54 aut
611 502 77 54 dispo

194 549 101 44 nitur
261 549 112 44 aliqua
340 549 168 44 dispotiere,
474 549 79 44 aut
519 549 90 44 illa
564 549 135 44 dispositio

196 583 104 48 erit
261 583 78 48 ei
300 583 194 48 necessaria,
455 583 91 48 aut
507 583 78 48 in
546 583 129 48 maiori
623 583 78 48 par-

192 620 85 46 te.
240 620 109 46 sicut
313 620 146 46 dicimus,
423 620 97 46 quod
483 620 134 46 syrupus
581 620 109 46 aceto
641 620 61 46 sus

192 660 155 38 adiuuat
305 660 254 38 febricitantes,
517 660 113 38 quia
573 660 127 38 adiuuat

196 708 97 46 eos
252 708 83 46 in
293 708 139 46 maiori
391 708 139 46 parte.
488 708 70 46 &
516 708 83 46 si
544 708 153 46 contingen

194 748 96 38 ter
249 748 179 38 adiuuaret
387 748 110 38 eos,
456 748 96 38 aut
511 748 83 38 in
552 748 138 38 minori
635 748 69 38 par

196 781 102 46 te,
255 781 102 46 non
313 781 190 46 haberemus
459 781 190 46 scientiam
591 781 102 46 perma

199 813 122 45 nentem
284 813 73 45 in
320 813 85 45 eo.
369 813 97 45 D.d.
430 813 73 45 Et
466 813 182 45 impossibile
612 813 85 45 est
648 813 49 45 vt

194 857 114 41 aliud
270 857 152 41 dicatur,
385 857 89 41 &c.
435 857 89 41 ita
486 857 140 41 accidit
588 857 76 41 in
613 857 76 41 Luna

187 894 65 51 &
213 894 155 51 intendit
329 894 104 51 quod
394 894 142 51 nouitas
498 894 129 51 mensis
588 894 91 51 est
627 894 65 51 ne-

190 936 163 43 cessaria
313 936 95 43 non
367 936 82 43 in
408 936 136 43 maiori
503 936 136 43 parte,
599 936 95 43 sed
640 936 54 43 il

191 972 99 50 lud,
253 972 99 50 quod
315 972 87 50 est
364 972 87 50 per
414 972 161 50 accidens,
538 972 112 50 neque
612 972 87 50 est
649 972 50 50 ne

193 1010 175 57 cessarium,
330 1010 112 57 neque
405 1010 75 57 in
442 1010 125 57 maiori
517 1010 100 57 parte,

231 1066 118 56 Quid
305 1066 148 56 itaque
409 1066 178 56 accidens
542 1066 118 56 est:
616 1066 74 56 &
631 1066 59 56 ob

184 1117 103 55 quam
248 1117 142 55 causam,
351 1117 64 55 &
377 1117 103 55 quod
442 1117 90 55 non
493 1117 90 55 est
545 1117 103 55 eius
596 1117 103 55 scien-

191 1162 109 48 tia,
259 1162 136 48 dictum
355 1162 109 48 est.
423 1162 109 48 Quod
491 1162 123 48 autem
573 1162 109 48 sint
627 1162 68 48 pri

185 1198 150 49 cipia
286 1198 84 49 &
319 1198 167 49 causae
436 1198 267 49 generabiles,
653 1198 84 49 &

180 1238 257 52 corruptibiles,
394 1238 143 52 absque
494 1238 86 52 eo
537 1238 114 52 quod
594 1238 100 52 gene-

184 1285 195 51 rentur,
326 1285 89 51 &
361 1285 301 51 corrumpantur,
592 1285 106 51 mani

186 1324 152 46 festum
292 1324 122 46 est.
368 1324 152 46 Etenim
475 1324 91 46 si
520 1324 106 46 non
581 1324 122 46 hoc,
642 1324 61 46 ex

186 1365 231 53 necessitate
370 1365 138 53 omnia
462 1365 154 53 erunt,
570 1365 92 53 si
601 1365 92 53 eius

188 1408 116 43 quod
260 1408 203 43 generatur,
420 1408 73 43 &
449 1408 218 43 corrumpitur
623 1408 102 43 non

184 1452 165 50 secundum
308 1452 165 50 accidens
432 1452 138 50 causam
529 1452 152 50 aliquam
625 1452 69 50 ne-

184 1492 127 48 cesse
269 1492 99 48 sit
325 1492 127 48 esse.
410 1492 127 48 Vtrum
495 1492 113 48 enim
566 1492 113 48 erit
622 1492 71 48 hoc

177 1539 88 39 an
221 1539 117 39 none
295 1539 88 39 Si
339 1539 117 39 hoc,
412 1539 132 39 fiet.
500 1539 103 39 sin
559 1539 117 39 vero
618 1539 73 39 non

179 1576 184 42 minime.
313 1576 117 42 hoc
380 1576 150 42 vero,
480 1576 100 42 si
530 1576 167 42 aliud.
647 1576 84 42 &

184 1621 109 45 hoc
247 1621 125 45 modo
325 1621 203 45 videlicet
481 1621 125 45 (tem
559 1621 125 45 pore
621 1621 78 45 sem

175 1660 109 52 per
238 1660 156 52 dempto
347 1660 78 52 a
378 1660 172 52 tempore
503 1660 172 52 finito)
612 1660 78 52 de-

179 1707 163 56 uenies
293 1707 146 56 vsque
390 1707 98 56 ad
439 1707 146 56 nunc,
536 1707 146 56 quare
618 1707 81 56 hic

176 1748 158 46 morietur
294 1748 211 46 aegritudine,
465 1748 92 46 aut
518 1748 92 46 vi,
571 1748 92 46 si.
610 1748 79 46 exi-

175 1788 136 54 uerit:
271 1788 95 54 hoc
325 1788 123 54 autem
407 1788 82 54 si
448 1788 136 54 aliud.
543 1788 68 54 &
570 1788 95 54 sic
611 1788 82 54 deue

178 1836 118 54 niet
252 1836 89 54 ad
297 1836 104 54 id,
356 1836 118 54 quod
430 1836 118 54 nunc
504 1836 118 54 est,
578 1836 104 54 aut
622 1836 74 54 ali

721 149 109 52 quid
790 149 137 52 eorum,
885 149 109 52 quae
954 149 123 52 facta
1036 149 123 52 sunt.
1118 149 82 52 vt
1145 149 82 52 puta

716 194 88 49 si
760 194 205 49 sitiuerit.
922 194 103 49 hoc
980 194 132 49 vero,
1069 194 88 49 si
1098 194 132 49 comede-

719 241 92 41 rit
771 241 131 41 acria.
863 241 92 41 hoc
916 241 105 41 vero
982 241 92 41 aut
1034 241 105 41 est,
1100 241 92 41 aut
1152 241 105 41 non.

719 285 132 40 quare
807 285 205 40 necessario
969 285 191 40 morietur,
1116 285 103 40 aut
1160 285 73 40 non

714 325 178 52 morietur.
851 325 150 52 Siliter
960 325 68 52 &
988 325 137 52 siquis
1084 325 82 52 ad
1125 325 96 52 iam
1166 325 68 52 fa-

714 365 98 45 cta
770 365 210 45 ascenderit,
938 365 126 45 eadem
1022 365 126 45 ratio
1106 365 112 45 est.
1162 365 70 45 iam

717 408 116 43 enim
789 408 101 43 hoc
847 408 87 43 in
890 408 145 43 aliquo
991 408 116 43 est.
1064 408 116 43 dico
1121 408 116 43 autem,

721 450 113 47 quod
792 450 142 47 factum
891 450 113 47 est.
962 450 85 47 ex
1004 450 213 47 necessitate
1160 450 71 47 er-

714 493 88 53 go
758 493 132 53 erunt
846 493 132 53 omnia
934 493 161 53 futura,
1052 493 88 53 vt
1096 493 117 53 mori
1155 493 73 53 vi-

722 539 152 53 uentem.
833 539 97 53 iam
888 539 111 53 enim
957 539 152 53 aliquid
1068 539 138 53 factum
1151 539 69 53 est

719 579 92 39 vt
765 579 123 39 puta
842 579 200 39 contraria
995 579 92 39 in
1042 579 138 39 eodem
1118 579 108 39 corpo

717 621 96 55 re.
772 621 96 55 sed
827 621 82 55 si
868 621 206 55 aegritudine
1033 621 96 55 aut
1088 621 96 55 vi,
1143 621 110 55 non

713 660 118 46 dum,
787 660 103 46 sed
846 660 89 46 si
890 660 103 46 hoc
949 660 148 46 factum
1053 660 162 46 fuerit.
1156 660 74 46 Pa-

717 707 91 54 tet
769 707 130 54 igitur
860 707 104 54 quod
925 707 117 54 vsque
1003 707 78 54 ad
1042 707 143 54 aliquod
1133 707 91 54 vadit

712 749 264 45 principium:
923 749 123 45 hoc
994 749 141 45 vero
1081 749 123 45 non
1134 749 88 45 am-

717 789 117 48 plius
795 789 78 48 ad
834 789 131 48 aliud.
926 789 104 48 erit
991 789 131 48 igitur
1082 789 91 48 hoc
1135 789 117 48 eius.

713 828 122 53 quod
789 828 183 53 vtcunque
927 828 214 53 contingit,
1079 828 153 53 causaque

714 872 204 51 generatio
871 872 110 51 nis
934 872 125 51 eius
1012 872 157 51 nulla.
1121 872 110 51 Sed
1168 872 63 51 in

713 917 149 45 quale
813 917 249 45 principium,
1012 917 83 45 &
1045 917 166 45 qualem
1145 917 83 45 cau

707 956 104 46 sam
767 956 134 46 talis
856 956 179 46 reductio
976 956 89 46 est.

758 1004 134 63 pictu
848 1004 105 63 est
907 1004 149 63 igitur
1012 1004 119 63 quid
1087 1004 105 63 est
1131 1004 105 63 acci-

710 1052 132 62 dens,
798 1052 73 62 &
827 1052 117 62 quid
901 1052 88 62 ca
944 1052 219 62 accidentis.
1120 1052 73 62 &
1149 1052 117 62 quod

714 1100 119 66 nulla
793 1100 119 66 habet
872 1100 171 66 scientiam
1004 1100 198 66 permanente.
1149 1100 79 66 Quo-

713 1149 114 69 niam
784 1149 99 69 aut
841 1149 199 69 principia,
997 1149 71 69 &
1025 1149 142 69 causae
1124 1149 114 69 sunt
1181 1149 57 69 ge

709 1196 193 62 nerabilia
858 1196 74 62 &
887 1196 267 62 corruptibilia,
1110 1196 89 62 et
1140 1196 89 62 abs-

714 1246 107 63 que
775 1246 92 63 eo
821 1246 123 63 quod
898 1246 215 63 generentur
1066 1246 107 63 aut
1112 1246 123 63 corru-

713 1292 161 66 pantur,
830 1292 190 66 manifestu
977 1292 117 66 est.
1050 1292 176 66 Quoniam,
1181 1292 88 66 si

717 1353 92 41 hoc
769 1353 92 41 non
822 1353 145 41 fuerit,
927 1353 105 41 tunc
993 1353 118 41 omnia
1072 1353 118 41 erunt
1138 1353 92 41 nece,

715 1389 139 70 saria,
812 1389 167 70 quoniam,
937 1389 83 70 si
979 1389 139 70 illud,
1076 1389 111 70 quod
1132 1389 97 70 gene-

717 1438 137 60 ratur
808 1438 76 60 &
838 1438 243 60 corrumpitur,
1036 1438 106 60 non
1081 1438 152 60 habuerit

715 1483 157 56 aliquam
829 1483 143 56 causam
929 1483 114 56 modo
1000 1483 228 56 accidentali,
1172 1483 71 56 tuc

719 1536 114 50 erit
790 1536 213 50 necessariu.
961 1536 128 50 Sicut
1046 1536 171 50 dicimus,
1160 1536 85 50 utru

718 1586 100 54 erit
780 1586 87 54 hoc
830 1586 87 54 aut
880 1586 87 54 non
930 1586 125 54 eritem
1017 1586 87 54 hoc
1067 1586 100 54 enim
1130 1586 112 54 erit,
1192 1586 50 54 si

719 1631 107 59 erit
786 1631 107 59 hoc,
853 1631 67 59 &
880 1631 81 59 si
920 1631 107 59 non,
987 1631 107 59 non.
1054 1631 67 59 &
1081 1631 107 59 hoc,
1148 1631 81 59 si
1175 1631 67 59 fue

708 1681 97 62 rit
764 1681 167 62 aliquid,
889 1681 69 62 &
916 1681 153 62 secudum
1028 1681 111 62 hanc
1083 1681 153 62 disponem,

718 1729 83 57 et
760 1729 193 57 manifestum
912 1729 110 57 est,
981 1729 110 57 quod
1050 1729 124 57 seper
1119 1729 124 57 diminut

714 1776 76 65 tur
757 1776 119 65 tempoes
844 1776 65 65 ex
876 1776 119 65 tempore
963 1776 119 65 finito.
1049 1776 65 65 et
1082 1776 119 65 siciter
1168 1776 86 65 per

713 1823 126 67 uenit
797 1823 84 67 ad
839 1823 139 67 illud,
936 1823 112 67 quod
1006 1823 98 67 est
1062 1823 84 67 in
1090 1823 153 67 instanti
