1475 2066
175 140 240 58 perueniatur
367 140 96 58 ad
415 140 160 58 causam
512 140 192 58 existentem

194 183 69 44 in
228 183 161 44 praesenti.
354 183 69 44 v.
389 183 69 44 g.
423 183 103 44 quod,
492 183 69 44 si
527 183 138 44 patiatur
619 183 80 44 sitim

189 224 160 47 patietur
309 224 147 47 calorem
416 224 201 47 necessario.
576 224 80 47 &,
616 224 80 47 si
643 224 67 47 pa-

192 268 141 38 tiatur
291 268 169 38 calorem,
417 268 169 38 patietur
544 268 155 38 febrem.
657 268 70 38 &

185 300 81 52 si
225 300 135 52 febrem
319 300 162 52 patietur
440 300 175 52 morietur.
575 300 67 52 &
602 300 81 52 si
629 300 67 52 ma-

189 345 122 46 teria
271 345 177 46 exiuerit,
407 345 163 46 patietur
529 345 122 46 sitim
597 345 95 46 neces

193 380 147 41 sario.
296 380 147 41 Deinde
399 380 147 41 dicit:
501 380 88 41 vt
545 380 117 41 tale
604 380 88 41 come

183 421 118 45 stum,
262 421 92 45 &c.
314 421 79 45 i.
353 421 66 45 &
379 421 79 45 si
419 421 157 45 patiatur
537 421 131 45 sitim,
615 421 92 45 neces

181 459 138 39 sario
273 459 169 39 comedit
396 459 169 39 aliquod
519 459 184 39 calidum.
657 459 77 39 &

184 500 101 38 sic
241 500 174 38 comedere
372 500 130 38 illud
458 500 159 38 calidum
574 500 116 38 erit
632 500 58 38 ne

187 535 197 43 cessarium,
342 535 70 43 &
370 535 112 43 illa
440 535 225 43 consequentia
609 535 98 43 erunt

186 574 222 54 necessario.
364 574 222 54 contingeret
542 574 119 54 enim
601 574 104 54 expo-

184 614 157 44 sitione
298 614 143 44 eorum,
398 614 114 44 quae
469 614 129 44 fiunt
555 614 86 44 in
584 614 114 44 futuro

188 653 99 45 esse
250 653 186 45 necessario,
398 653 149 45 scilicet
509 653 136 45 alterum
596 653 99 45 duorum

193 692 202 52 oppositorum,
358 692 76 52 vt
396 692 101 52 sint
459 692 114 52 etiam
535 692 114 52 facta
598 692 101 52 neces-

175 733 148 45 sario,
279 733 74 45 &
309 733 89 45 vt
353 733 208 45 consecutio
516 733 133 45 eorum
590 733 104 45 adin-

187 773 118 38 uicem
265 773 92 38 sit
318 773 196 38 necessaria.
475 773 131 38 Deinde
566 773 131 38 dicit:
658 773 65 38 &

180 812 102 38 hoc
239 812 102 38 aut
297 812 131 38 erit,
384 812 102 38 aut
443 812 117 38 non.
516 812 73 38 &
545 812 146 38 innuit
632 812 73 38 aut

186 854 87 39 causm
244 854 68 39 aut
283 854 97 39 cantum
351 854 116 39 scilicet
438 854 78 39 quod
487 854 116 39 vtrumque
574 854 78 39 erit
613 854 87 39 uecessa

183 889 116 49 rio.
255 889 116 49 D.d.
327 889 116 49 ergo
399 889 173 49 morietur
515 889 188 49 necessario-

185 925 75 45 i.
223 925 63 45 &
248 925 75 45 si
286 925 113 45 istae
361 925 125 45 causae
449 925 138 45 fuerint
549 925 113 45 huius
611 925 88 45 dispo

183 967 178 43 sitionis,
321 967 151 43 necesse
430 967 96 43 est
485 967 82 43 vt
526 967 137 43 exeat,
622 967 69 43 &
636 967 55 43 mo

185 1005 135 40 riatur
280 1005 203 40 necessario.
442 1005 108 40 D.d.
510 1005 81 40 Et
537 1005 162 40 similiter.

185 1048 76 47 si
223 1048 140 47 aliquis
325 1048 204 47 ordinauerit,
491 1048 89 47 &c.
542 1048 76 47 i.
580 1048 64 47 &
592 1048 115 47 simili-

189 1084 93 53 ter
242 1084 172 53 continget
374 1084 79 53 vt
414 1084 119 53 omne,
493 1084 106 53 quod
560 1084 106 53 fit,
613 1084 79 53 ante

182 1123 94 51 quam
241 1123 106 51 fiat,
312 1123 94 51 quod
371 1123 94 51 fuit
430 1123 177 51 necessarium
572 1123 71 51 vt
596 1123 94 51 fieret

184 1172 86 43 ita
233 1172 99 43 quod
295 1172 111 43 omnia
369 1172 136 43 futura,
468 1172 62 43 &
492 1172 111 43 omnia
554 1172 148 43 praeterita

178 1202 156 40 fuerint
291 1202 213 40 necessaria.
462 1202 71 40 &
490 1202 99 40 hoc
547 1202 99 40 est
589 1202 114 40 contra

187 1238 236 53 intellectum
376 1238 79 53 &
408 1238 173 53 sensum.
534 1238 126 53 D.d.
612 1238 79 53 &
628 1238 63 53 ha

184 1278 109 44 bent
253 1278 178 44 essentiam
389 1278 205 44 existentem.
553 1278 82 44 i.
581 1278 109 44 contin

188 1321 97 49 get
244 1321 83 49 vt
285 1321 125 49 omnia
369 1321 125 49 facta
452 1321 153 49 habeant
549 1321 153 49 essentiam

178 1358 157 52 aliquam
292 1358 214 52 existentem,
463 1358 86 52 ex
506 1358 100 52 quo
548 1358 157 52 continget

186 1397 140 43 exitus
284 1397 126 43 eorum
368 1397 84 43 in
410 1397 126 43 actum
493 1397 210 43 necessario.
647 1397 56 43 vt

189 1437 133 53 dicitur
286 1437 73 53 in
322 1437 145 53 exemplis
431 1437 169 53 legalibus,
564 1437 97 53 quia
612 1437 85 53 omnia

186 1476 123 51 fienda
272 1476 98 51 sunt
333 1476 135 51 scripta
431 1476 74 51 in
468 1476 135 51 tabula,
566 1476 61 51 &
591 1476 98 51 quod
640 1476 61 51 est

187 1516 149 38 scriptum
298 1516 74 38 in
335 1516 99 38 illa
397 1516 136 38 tabula,
497 1516 124 38 exibit
583 1516 74 38 in
608 1516 87 38 actum

183 1556 66 42 &
209 1556 80 42 io
249 1556 159 42 exposuit
368 1556 106 42 hoc,
435 1556 66 42 &
461 1556 80 42 d.
501 1556 106 42 dico
567 1556 119 42 illa,
634 1556 66 42 &c.

185 1594 82 51 i.
226 1594 178 51 continget
363 1594 82 51 vt
404 1594 150 51 naturae
514 1594 123 51 rerum
582 1594 123 51 faciant

183 1632 100 50 eas
240 1632 143 50 genera
340 1632 71 50 i
368 1632 214 50 necessario,
540 1632 186 50 quemadmo

184 1673 94 54 dum
237 1673 135 54 natura
332 1673 215 54 generabilium
507 1673 121 54 facit
587 1673 81 54 ea
614 1673 81 54 cor-

182 1712 130 42 rumpi.
273 1712 65 42 &
299 1712 91 42 io.
351 1712 78 42 d.
390 1712 117 42 erunt
467 1712 130 42 igitur
545 1712 156 42 necessario

182 1753 130 54 omnia
268 1753 230 54 generabilia,
455 1753 101 54 &c.
513 1753 86 54 i.
542 1753 158 54 continget

186 1790 122 52 igitur
271 1790 146 52 secundum
381 1790 98 52 hanc
442 1790 171 52 positionem
576 1790 73 52 vt
600 1790 98 52 natura

181 1832 69 58 &
209 1832 206 58 substantiae
373 1832 137 58 rerum,
469 1832 82 58 ex
510 1832 137 58 quibus
592 1832 110 58 genera

718 141 131 58 bilia
805 141 218 58 generantur,
979 141 160 58 faciant
1095 141 102 58 eas
1138 141 87 58 gene

711 185 168 52 rari:
824 185 281 52 quemadmodum
1048 185 131 52 cum
1104 185 131 52 gene-

723 231 152 43 rantur,
833 231 152 43 faciunt
944 231 96 43 eas
999 231 179 43 corrumpi,
1137 231 83 43 vt
1164 231 69 43 vi-

722 261 96 52 uus
777 261 220 52 corrumpitur.
956 261 110 52 D.d.
1025 261 96 52 sit
1080 261 110 52 enim
1135 261 96 52 idem.

727 307 89 49 &c.
778 307 76 49 i.
816 307 64 49 &
842 307 89 49 est
893 307 140 49 necesse
995 307 76 49 vt
1033 307 166 49 generatum
1148 307 76 49 cor-

722 339 177 52 rumpatur
855 339 221 52 necessario,
1032 339 118 52 quia
1091 339 147 52 antequam

726 388 246 30 corrumpatur,
925 388 123 30 fuit
1002 388 230 30 necessarium
1171 388 61 30 vt

719 421 242 51 componeretur,
918 421 71 51 &
946 421 142 51 fieret
1046 421 114 51 idem
1117 421 85 51 ex
1146 421 85 51 con-

722 461 166 36 trarijs.
846 461 69 36 &
874 461 110 36 fuit
943 461 124 36 idem,
1026 461 110 36 quia
1081 461 152 36 contraria

722 497 116 41 fiunt
799 497 77 41 in
838 497 90 41 eo,
889 497 154 41 scilicet
1005 497 142 41 formae.
1108 497 64 41 &
1134 497 90 41 sic
1173 497 64 41 ne-

715 535 185 43 cessario
854 535 232 43 corrumpiur,
1039 535 108 43 sed
1101 535 108 43 non
1147 535 93 43 sine

719 575 208 42 infirmitate
886 575 69 42 &
914 575 194 42 violentia,
1066 575 97 42 sed
1108 575 125 42 corrum-

719 612 118 50 pitur
798 612 79 50 si
837 612 131 50 aliqua
929 612 183 50 infirmitas
1073 612 144 50 fuerit,
1164 612 66 50 aut

726 653 164 43 violentia:
855 653 117 43 quarum
937 653 129 43 altera.
1031 653 141 43 scilicet
1125 653 105 43 infirmi

712 692 95 46 tas
767 692 95 46 est
821 692 204 46 naturaliter
984 692 68 46 &
1011 692 82 46 de
1039 692 190 46 necessitate,

720 733 58 37 &
744 733 116 37 altera
825 733 81 37 per
871 733 139 37 accidens
975 733 139 37 scilicet
1079 733 162 37 violentia.
1195 733 46 37 D.

719 779 141 44 dixit.
818 779 198 44 Manifestum
973 779 99 44 est
1029 779 141 44 igitur
1114 779 127 44 etcaet.

723 809 122 49 idest,
808 809 171 49 declaratum
942 809 85 49 est
991 809 122 49 igitur
1076 809 73 49 ex
1113 809 98 49 hoc,
1162 809 73 49 quod

716 853 152 48 omne,
817 853 135 48 quod
902 853 219 48 generatur
1070 853 84 48 &
1087 853 135 48 corrum

720 890 125 47 pitur,
807 890 113 47 habet
882 890 138 47 causas,
982 890 63 47 &
1007 890 100 47 quod
1070 890 113 47 illae
1132 890 100 47 causa-

714 925 220 49 perueniunt
887 925 94 49 ad
934 925 157 49 primam
1044 925 173 49 causam.
1154 925 78 49 sed

718 964 128 52 tamen
803 964 199 52 differunt,
959 964 114 52 quia
1030 964 185 52 corruptio
1158 964 71 52 sit

712 1006 85 51 de
754 1006 226 51 necessitate,
938 1006 183 51 generatio
1079 1006 127 51 autem
1149 1006 85 51 non.

720 1045 70 37 &
748 1045 84 37 si
790 1045 98 37 hoc
846 1045 139 37 esset,
943 1045 126 37 omnia
1027 1045 139 37 essent
1111 1045 126 37 acciden

720 1091 89 40 tia
771 1091 190 40 necessario.
923 1091 63 40 &
949 1091 76 40 si
987 1091 89 40 hoc
1038 1091 127 40 esset,
1126 1091 102 40 tunc
1177 1091 51 40 ge

719 1131 147 39 neratio
826 1131 121 39 esset
906 1131 80 39 in
946 1131 188 39 substantia
1094 1131 134 39 rerum,
1174 1131 54 39 in

721 1164 148 50 quibus
825 1164 103 50 est
884 1164 207 50 generatio,
1046 1164 133 50 sicut
1120 1164 103 50 corru

717 1205 118 45 ptio
791 1205 162 45 existit
908 1205 88 45 in
953 1205 221 45 substantiis
1114 1205 118 45 eorum.

717 1240 118 43 D.d.
791 1240 74 43 &
820 1240 162 43 accedet
938 1240 88 43 ad
982 1240 147 43 illud,
1086 1240 118 43 quod
1145 1240 88 43 com-

719 1285 219 48 prehenditur
894 1285 131 48 casu.
982 1285 88 48 i.
1026 1285 117 48 quod
1099 1285 131 48 autem
1172 1285 58 48 ex

718 1318 127 52 istis
802 1318 141 52 causis
901 1318 169 52 prouenit
1027 1318 84 52 ad
1069 1318 141 52 illud,
1154 1318 84 52 quod

720 1358 94 40 fit
773 1358 121 40 casu,
854 1358 94 40 non
907 1358 94 40 est
961 1358 121 40 causa
1041 1358 161 40 alicuius
1162 1358 94 40 mo

717 1397 97 52 tus
772 1397 180 52 naturalis
911 1397 152 52 omnino,
1022 1397 125 52 idest
1105 1397 111 52 quod
1160 1397 69 52 om-

715 1442 95 45 ne,
770 1442 109 45 quod
838 1442 95 45 fit
892 1442 123 45 casu,
974 1442 95 45 non
1029 1442 95 45 est
1083 1442 123 45 causa
1151 1442 82 45 ali-

716 1484 127 31 cuius
800 1484 155 31 speciei
913 1484 155 31 entium.
1025 1484 141 31 Deinde
1124 1484 141 31 dicit:

711 1517 95 45 Sed
766 1517 135 45 finis,
860 1517 95 45 qui
914 1517 108 45 est,
982 1517 95 45 &c.
1036 1517 122 45 idest
1117 1517 95 45 sed
1158 1517 81 45 quod

722 1557 94 50 fit
775 1557 121 50 casu,
856 1557 94 50 sit
910 1557 67 50 a
937 1557 175 50 principio
1071 1557 148 50 habente
1166 1557 67 50 na-

748 1594 157 40 turam
852 1594 244 40 terminatam
1044 1594 87 40 &
1061 1594 140 40 causam

790 1635 214 47 terminatam.
961 1635 114 47 quod
1032 1635 114 47 enim
1089 1635 71 47 est

836 1675 241 39 accidentaliter,
1026 1675 89 39 acci-

883 1715 73 50 dit
924 1715 94 50 illi,
987 1715 83 50 quid
1028 1715 52 50 est

882 1752 171 42 essentiali

915 1803 107 32 ter.
