1475 2066
194 148 85 61 &
228 148 204 61 ratione,
381 148 85 61 &
415 148 256 61 cognitione,
620 148 85 61 &
637 148 85 61 tem

202 196 161 50 pore,
309 196 89 50 &
345 196 179 50 natura
470 196 179 50 omnium
577 196 143 50 primum

204 238 101 52 est.
268 238 139 52 aliorum
369 238 101 52 enim
432 238 101 52 quae
495 238 215 52 praedicantur,
660 238 63 52 nul

198 283 96 42 lum
253 283 96 42 est
308 283 206 42 separabile,
473 283 96 42 sed
528 283 110 42 haec
597 283 124 42 sola.
666 283 55 42 Fa

209 324 134 59 tione
298 324 163 59 quoqued
417 324 104 59 hoc
476 324 163 59 primum,
580 324 134 59 necesse

205 367 79 51 est
250 367 90 51 enim
306 367 68 51 in
340 367 136 51 cuiusque
442 367 124 51 ratione
533 367 113 51 inesse
601 367 124 51 rationem,

206 412 238 40 substantiae.
399 412 134 40 Scire
488 412 104 40 est
548 412 119 40 tunc
607 412 104 40 putam

200 451 280 57 vnumquodque
424 451 187 57 magis,
555 451 131 57 cum
611 451 112 57 quid

207 493 95 53 est
262 493 122 53 homo,
343 493 95 53 aut
397 493 122 53 ignis
479 493 217 53 scientiamus,
642 493 81 53 quam

209 537 159 45 quale,
320 537 111 45 aut
384 537 190 45 quantum,
527 537 111 45 aut
590 537 111 45 vbi
638 537 79 45 nam

198 583 99 36 &
238 583 179 36 horum
357 583 219 36 ipsorum
516 583 159 36 tunc
596 583 119 36 vnum

207 619 140 55 quodque
309 619 140 55 scimus,
411 619 89 55 cum
462 619 102 55 quid
526 619 89 55 est
577 619 115 55 ipsum
641 619 76 55 quae

207 660 104 58 le,
266 660 104 58 aut
326 660 133 58 ipsum
414 660 163 58 quantum
518 660 207 58 scientiamus,

252 704 100 58 Ens
309 704 157 58 icitur,
423 704 114 58 quod
495 704 100 58 est
537 704 186 58 principale.

210 748 96 66 non
265 748 137 66 illud,
361 748 110 66 quod
430 748 96 66 est
484 748 151 66 aliquod
594 748 110 66 ens,
662 748 96 66 sed

212 796 113 63 ens,
282 796 113 63 quod
353 796 99 63 est
409 796 226 63 simpliciter,
593 796 99 63 est
635 796 85 63 sub-

202 844 193 61 stantia.
347 844 97 61 Et
395 844 161 61 primum
508 844 177 61 dicitur
620 844 97 61 mul-

204 893 101 62 tis
261 893 145 62 modis,
363 893 101 62 sed
421 893 203 62 substantia
580 893 101 62 est
624 893 101 62 prima

205 941 161 45 omnium
317 941 145 45 rerum
414 941 257 45 definitione,
623 941 80 45 &
639 941 80 45 co-

213 989 172 61 gnitione,
345 989 66 61 &
372 989 146 61 tepore.
478 989 132 61 nullum
570 989 106 61 enim
623 989 93 61 alio-

202 1037 115 61 rum
267 1037 328 61 praedicamentorum
546 1037 115 61 est
595 1037 131 61 separa

208 1084 130 62 bile.
294 1084 72 62 &
323 1084 130 62 istud
409 1084 130 62 solum
496 1084 101 62 est
539 1084 187 62 separabile.

209 1133 91 61 Et
254 1133 106 61 est
315 1133 137 61 etiam
406 1133 137 61 prima
497 1133 182 61 secundum
619 1133 106 61 defi-

209 1181 174 62 nitionem,
342 1181 200 62 necessarium
502 1181 93 62 est
556 1181 107 62 enim
623 1181 80 62 vt
649 1181 67 62 de-

206 1228 153 62 finitto
318 1228 209 62 substantiae
485 1228 195 62 accipiatur
638 1228 84 62 in
666 1228 56 62 de

206 1276 176 63 finitione
342 1276 189 63 cuiuslibet
490 1276 108 63 rei.
558 1276 81 63 Et
598 1276 95 63 nos
639 1276 81 63 vide

212 1324 109 63 mus
274 1324 155 63 etiam,
382 1324 124 63 quod
460 1324 155 63 scimus
553 1324 171 63 quodtibet

201 1373 161 63 magis,
314 1373 161 63 quando
426 1373 161 63 scimus
539 1373 145 63 ipsum
619 1373 97 63 quia

206 1420 115 63 sit.
277 1420 115 63 v.g.
349 1420 143 63 quando
449 1420 143 63 scimus
549 1420 143 63 homine
635 1420 86 63 esse

204 1469 164 62 ignem
313 1469 183 62 magis,
441 1469 146 62 quam
532 1469 128 62 cum
587 1469 128 62 scimu

209 1517 135 53 ipsum
299 1517 120 53 esse
374 1517 150 53 quale,
478 1517 105 53 aut
538 1517 165 53 quatum,
643 1517 75 53 aut

212 1565 121 64 vbi.
287 1565 76 64 &
318 1565 136 64 etiam
408 1565 242 64 vnumquodque,
590 1565 136 64 istorum

199 1613 102 62 non
258 1613 160 62 scitur,
374 1613 116 62 nisi
446 1613 145 62 quando
548 1613 145 62 scitur
635 1613 87 62 quio

209 1661 119 61 est,
284 1661 105 61 aut
343 1661 149 61 quale,
448 1661 105 61 aut
493 1661 149 61 quantum.

247 1707 93 54 Et,
300 1707 93 54 cum
353 1707 93 54 sit
407 1707 200 54 declaratum,
567 1707 107 54 quod
621 1707 93 54 quidi

206 1751 124 47 tates
289 1751 206 47 accidentium
453 1751 247 47 posteriorantur
645 1751 69 47 qui

213 1790 152 48 ditatibus
330 1790 210 48 substantiarum,
506 1790 140 48 secundum
611 1790 94 48 quod
658 1790 58 48 cau

208 1828 115 47 sata
279 1828 258 47 posteriorantur
494 1828 158 47 causis,
594 1828 115 47 manife

735 148 108 47 stum
802 148 108 47 est,
869 148 108 47 quod
936 148 108 47 ens,
1004 148 108 47 quod
1071 148 94 47 est
1111 148 162 47 principale

739 194 66 40 &
765 194 105 40 quod
831 194 92 40 est
884 194 118 40 prius
963 194 66 40 &
989 194 211 40 simpliciter,
1160 194 79 40 et
1186 194 66 40 sub

740 237 143 37 stantia,
847 237 84 37 non
895 237 119 37 illud,
979 237 95 37 quod
1038 237 84 37 est
1086 237 131 37 aliquod
1181 237 95 37 ens,

746 268 68 55 i.
780 268 80 55 non
825 268 170 55 simpliciter
962 268 80 55 nec
1007 268 205 55 principaliter.
1177 268 68 55 Et
1200 268 57 55 hoc

745 308 187 46 intendebat,
894 308 87 46 cum
944 308 75 46 d.
981 308 87 46 Ens
1031 308 137 46 igitur,
1131 308 100 46 quod
1180 308 75 46 est,

736 349 86 49 &c.
785 349 74 49 i.
822 349 86 49 ens
871 349 111 49 ergo,
945 349 99 49 quod
1007 349 210 49 principaliter
1180 349 62 49 &
1192 349 62 49 sim

746 387 147 47 pliciter
856 387 86 47 est
905 387 98 47 ens,
966 387 86 47 est
1015 387 184 47 substantia,
1162 387 86 47 non
1199 387 49 47 il

738 428 103 49 lud,
803 428 103 49 quod
867 428 90 49 est
919 428 142 49 aliquod
1022 428 103 49 ens,
1086 428 77 49 i,
1125 428 90 49 nec
1164 428 90 49 prin-

736 462 174 54 cipaliter,
872 462 87 54 nec
922 462 199 54 simpliciter.
1083 462 62 54 &
1108 462 87 54 est
1158 462 74 54 in
1183 462 74 54 ver-

743 496 97 46 bis
799 496 111 46 eius
868 496 111 46 ordo
937 496 194 46 posterior.
1089 496 97 46 Et,
1144 496 97 46 cum
1186 496 69 46 nar

738 544 123 46 rauit,
824 544 99 46 quod
886 544 173 46 substantia
1022 544 86 46 est
1071 544 111 46 prior
1133 544 123 46 caeteris

745 579 257 53 praedicamentis.
962 579 68 53 &
989 579 95 53 hoc
1043 579 189 53 intendebat
1191 579 95 53 per

745 621 186 47 principale,
894 621 62 47 &
919 621 124 47 primum
1006 621 137 47 dicitur
1105 621 124 47 multis
1192 621 87 47 mo

742 660 102 46 dis,
806 660 153 46 incoepit
921 660 166 46 declarare
1048 660 102 46 quot
1112 660 115 46 modis
1176 660 76 46 prae

742 696 125 43 cedat
825 696 194 43 substantia
978 696 208 43 accidentia,
1144 696 69 43 &
1172 696 83 43 d.
1200 696 55 43 Et

740 740 122 46 primum
825 740 134 46 dicitur
922 740 122 46 multis
1008 740 122 46 modis.
1093 740 73 46 i.
1129 740 61 46 &
1141 740 110 46 primum,

742 781 84 37 quod
794 781 73 37 est
836 781 104 37 prius,
909 781 115 37 dicitur
992 781 188 37 multipliciter.
1149 781 52 37 &
1159 781 94 37 substan

746 814 84 43 tia
794 814 84 43 est
842 814 120 43 primum
926 814 120 43 omnium
1009 814 144 43 secundum
1105 814 144 43 definitio-

737 855 102 56 nem,
801 855 64 56 &
826 855 203 56 cognitionem,
991 855 64 56 &
1017 855 153 56 secundum
1119 855 114 56 tempus,

748 894 78 43 D.
787 894 118 43 dedit
866 894 92 43 cam
918 894 78 43 in
957 894 105 43 hoc,
1023 894 65 43 &
1049 894 78 43 d.
1088 894 144 43 nullum.
1180 894 65 43 eni

739 939 276 46 praedicamentum,
972 939 87 46 &c
1016 939 87 46 i.
1059 939 73 46 &
1074 939 174 46 substantia

741 971 82 53 est
788 971 105 53 prior
858 971 82 53 his
905 971 117 53 tribus
986 971 117 53 modis:
1068 971 128 53 quoniam
1150 971 93 53 nullem

744 1017 196 44 accidentium
901 1017 92 44 est
953 1017 196 44 separabile,
1110 1017 65 44 &
1136 1017 105 44 ipsa
1189 1017 52 44 so

740 1049 83 54 la
782 1049 96 54 est
837 1049 220 54 separabilis.
1015 1049 69 54 &
1043 1049 96 54 hoc
1084 1049 165 54 intendebat

743 1089 92 49 cum
795 1089 78 49 d.
834 1089 78 49 i.
874 1089 78 49 de
913 1089 196 49 substantia.
1070 1089 78 49 Et
1109 1089 118 49 dixit
1175 1089 78 49 hoc,

738 1127 108 46 quia
806 1127 189 46 declaratum
955 1127 108 46 est,
1022 1127 108 46 quod
1076 1127 176 46 vniuersalia

746 1168 169 50 accidentium
881 1168 90 50 sunt
937 1168 101 50 illa,
1005 1168 90 50 quae
1061 1168 135 50 dicuntur
1163 1168 68 50 in
1185 1168 68 50 sub-

740 1205 137 52 iecto.
836 1205 96 52 Et,
891 1205 96 52 cum
946 1205 124 52 dixit
1028 1205 96 52 eam
1083 1205 110 52 esse
1138 1205 110 52 primam

744 1245 159 44 secundum
863 1245 225 44 definitionem,
1048 1245 119 44 dedit
1127 1245 132 44 modum,
1219 1245 66 44 &

737 1284 74 52 d.
774 1284 74 52 Et
810 1284 86 52 est
860 1284 111 52 etiam
933 1284 111 52 prima
1007 1284 148 52 secundum
1105 1284 148 52 definitio-

741 1322 105 54 nem,
807 1322 92 54 &c.
859 1322 79 54 i.
899 1322 66 54 &
925 1322 158 54 diximus,
1044 1322 105 54 quod
1097 1322 158 54 substantia

746 1365 91 38 est
798 1365 117 38 prior
876 1365 196 38 definitione
1033 1365 183 38 cuiuslibet
1164 1365 91 38 acci-

737 1403 151 41 dentium:
851 1403 138 41 quoniam
951 1403 138 41 necesse
1052 1403 88 41 est
1102 1403 75 41 vt
1127 1403 113 41 substan

743 1441 92 52 tia
796 1441 185 52 accipiatur
941 1441 79 52 in
981 1441 198 52 definitione
1126 1441 132 52 cuiusli-

744 1478 89 52 bet
795 1478 204 52 accidentium.
961 1478 140 52 quoniam
1063 1478 127 52 partes
1139 1478 115 52 defini-

742 1517 138 53 tionum
839 1517 111 53 sunt
908 1517 125 53 illa,
991 1517 97 53 per
1047 1517 111 53 quae
1102 1517 152 53 constitui

736 1556 95 49 tur
791 1556 109 49 res:
859 1556 68 49 &
886 1556 109 49 quia
954 1556 190 49 accidentia
1089 1556 163 49 constituum

735 1604 91 30 tur
787 1604 91 30 per
839 1604 207 30 substantias,
1007 1604 142 30 necesse
1111 1604 104 30 fuit
1175 1604 78 30 vt
1201 1604 52 30 ac

742 1633 186 41 cipiantur
885 1633 86 41 in
928 1633 258 41 definitionibus
1142 1633 143 41 eorum:

743 1674 67 40 &
769 1674 80 40 in
809 1674 240 40 definitionibus
1009 1674 227 40 substantiarum
1182 1674 67 40 non

738 1717 159 38 accipitur
860 1717 134 38 aliquid
957 1717 110 38 extra
1030 1717 98 38 suam
1091 1717 146 38 naturam,
1189 1717 61 38 cum

743 1749 133 45 causae
836 1749 106 45 suae
902 1749 199 45 accipiantur
1061 1749 80 45 in
1101 1749 106 45 suis
1154 1749 93 45 defin

744 1796 160 45 tionibus,
867 1796 98 45 quae
928 1796 98 45 sunt
990 1796 197 45 substantiae.
1150 1796 86 45 Et,
1187 1796 62 45 cum

744 1828 160 55 narrauit,
867 1828 98 55 quod
928 1828 172 55 substantia
1063 1828 86 55 est
1112 1828 111 55 prior
1174 1828 86 55 aliis
