1475 2066
202 141 125 45 esse
280 141 140 45 vnam,
374 141 125 45 quia
452 141 218 45 substantia
608 141 125 45 demon-

220 190 125 36 strata
307 190 88 36 non
357 190 88 36 est
407 190 88 36 vna
457 190 100 36 nisi
520 190 88 36 per
570 190 100 36 hanc
620 190 113 36 substan

228 223 134 51 tiam,
317 223 74 51 &
347 223 104 51 per
406 223 119 51 hanc
481 223 178 51 naturam,
614 223 119 51 quae
674 223 59 51 di

226 262 130 46 forma.
317 262 104 46 D.d.
382 262 65 46 &
408 262 104 46 ideo
473 262 156 46 dicimus,
589 262 104 46 quod
641 262 91 46 anima

225 302 98 44 lia,
286 302 86 44 &c.
335 302 74 44 i.
372 302 61 44 &
396 302 98 44 quia
458 302 123 44 natura
543 302 98 44 eius
605 302 86 44 est
641 302 86 44 mani-

221 340 115 46 festa
298 340 90 46 per
349 340 77 46 se
388 340 77 46 in
426 340 179 46 indiuiduis
555 340 179 46 existentibus

220 381 81 51 per
267 381 81 51 se,
313 381 92 51 ideo
371 381 104 51 omnes
440 381 162 51 concedunt,
567 381 92 51 quod
613 381 116 51 animalia

229 421 181 51 demonstrata
374 421 85 51 per
422 421 85 51 se,
471 421 60 51 &
495 421 194 51 vegetabilia,
652 421 60 51 &
664 421 73 51 suae

223 461 118 45 partes,
309 461 54 45 &
331 461 183 45 vniversaliter
482 461 140 45 composita
589 461 86 45 sunt
632 461 97 45 substan

224 498 127 40 tiae,
308 498 70 40 &
337 498 155 40 corpora
449 498 183 40 naturalia
576 498 155 40 simplicia

230 540 72 43 vt
266 540 120 43 ignis,
350 540 60 43 &
374 540 96 43 aqua
434 540 60 43 &
458 540 120 43 terra,
542 540 60 43 &
566 540 96 43 aer,
626 540 72 43 ex
650 540 72 43 quo-

223 573 91 45 qus
275 573 117 45 fiunt
353 573 182 45 composita:
496 573 65 45 &
522 573 117 45 omne,
600 573 104 45 quod
652 573 78 45 nume

220 611 107 44 ratur
292 611 71 44 in
327 611 107 44 istis
399 611 190 44 substantiis,
553 611 83 44 aut
601 611 71 44 in
625 611 95 44 illis,

219 653 96 49 sunt
279 653 120 49 partes
364 653 169 49 contentae,
496 653 84 49 aut
544 653 72 49 in
580 653 120 49 illis,
653 653 72 49 quae

224 692 93 39 sunt
283 692 175 39 vniversalia
422 692 186 39 continentia,
574 692 70 39 vt
609 692 117 39 coelum
679 692 58 39 aut

211 733 82 48 ex
252 733 165 48 partibus
376 733 165 48 istorum,
500 733 82 48 vt
541 733 165 48 stellae,
664 733 69 48 &
678 733 55 48 Lu

217 767 87 43 na,
266 767 62 43 &
291 767 100 43 Sol,
353 767 62 43 &
378 767 100 43 omne
440 767 100 43 quod
503 767 162 43 generatur
627 767 75 43 ex
652 767 87 43 istis

213 813 148 48 primo,
317 813 74 48 &
347 813 119 48 sunt
421 813 222 48 consimilium
584 813 148 48 partium,

220 846 98 44 D.d.
281 846 196 44 Perscrutemur
440 846 134 44 igitur,
537 846 86 44 &c.
586 846 73 44 i.
611 846 122 44 perscrum

221 887 117 53 temur
299 887 144 53 igitur,
404 887 117 53 vtrum
482 887 104 53 ista
547 887 104 53 sint
599 887 131 53 substan-

230 924 85 46 tiae
283 924 106 46 tantum
358 924 127 46 scilicet
453 924 180 46 dispositiones
591 924 148 46 indiuiduorum

222 965 254 50 substantiarum,
434 965 99 50 aut
490 965 113 50 sunt
561 965 113 50 haec
617 965 113 50 dispo-

226 1005 143 37 sitiones
333 1005 202 37 substantiarum
499 1005 107 37 aliae
571 1005 71 37 ab
606 1005 119 37 istis,
678 1005 59 37 aut

223 1044 117 48 quadam
305 1044 129 48 istarum
399 1044 211 48 dispositionum,
575 1044 94 48 quae
622 1044 117 48 dicuntur

221 1081 86 41 in
264 1081 215 41 responsione
436 1081 86 41 ad
479 1081 115 41 quid
551 1081 115 41 sint
608 1081 129 41 substan

224 1120 113 46 tiae,
300 1120 63 46 &
325 1120 125 46 quadam
412 1120 88 46 non
462 1120 100 46 sunt
525 1120 200 46 substantiae,
675 1120 63 46 aut

225 1159 127 44 nulla
309 1159 155 44 istarum
422 1159 169 44 disponum
548 1159 98 44 est
590 1159 141 44 substan-

224 1198 100 44 tia.
286 1198 62 44 &
311 1198 87 44 hoc
361 1198 112 44 latet
436 1198 100 44 eos.
498 1198 100 44 quod
560 1198 112 44 autem
623 1198 112 44 indiui-

228 1236 93 46 dua
281 1236 199 46 substantiae
440 1236 106 46 sunt
506 1236 212 46 substantiae,
665 1236 66 46 ma-

227 1284 156 31 nifestum
344 1284 104 31 est,
409 1284 65 31 &
435 1284 130 31 nullus
527 1284 143 31 dubitat
631 1284 78 31 in
657 1284 78 31 hoc,

204 1317 71 49 &
232 1317 100 49 hoc
289 1317 214 49 intendebat,
461 1317 100 49 cum
518 1317 86 49 d.
561 1317 100 49 aut
604 1317 129 49 quaedam

223 1357 118 37 ista,
302 1357 92 37 aut
354 1357 144 37 quaedam
459 1357 118 37 alia.
538 1357 92 37 Dd.
591 1357 92 37 aut
630 1357 105 37 nullum

228 1394 140 51 istorum,
333 1394 82 51 sed
380 1394 105 51 alia.
450 1394 70 51 i.
485 1394 82 51 aut
532 1394 105 51 nulla
590 1394 140 51 dispositio

225 1439 96 35 num
280 1439 207 35 existentium
446 1439 83 35 in
487 1439 193 35 indiuiduis
625 1439 110 35 sensi-

223 1469 144 40 bilibus
328 1469 92 40 sit
380 1469 197 40 substantia,
537 1469 92 40 sed
577 1469 157 40 substantia

220 1512 157 43 istorum
334 1512 115 43 sunt
406 1512 143 43 aliae.
506 1512 115 43 D.d.
578 1512 143 43 Quidam
663 1512 72 43 igi

227 1547 90 53 tur
279 1547 246 53 existimauerunt,
486 1547 90 53 &c.
537 1547 78 53 i.
576 1547 129 53 quidam
653 1547 78 53 igit

224 1588 256 46 existimauerunt,
439 1588 108 46 quod
506 1588 135 46 vltima
587 1588 148 46 corporum,

227 1628 120 38 sicut
307 1628 213 38 superficies,
480 1628 67 38 &
506 1628 133 38 linea,
600 1628 67 38 &
613 1628 120 38 punctus

220 1665 65 41 &
246 1665 117 41 vnum,
324 1665 104 41 sint
389 1665 195 41 substantiae
546 1665 117 41 magis
624 1665 91 41 qua
663 1665 65 41 con

222 1708 110 44 pus,
291 1708 110 44 quia
360 1708 110 44 sunt
429 1708 193 44 principia.
580 1708 69 44 &
608 1708 110 44 ideo
663 1708 69 44 con

230 1742 122 52 tingit,
318 1742 88 52 quod
374 1742 88 52 ista
429 1742 88 52 sint
484 1742 166 52 substantiae
617 1742 99 52 magis
672 1742 55 52 qui

228 1781 203 41 substantiae
390 1781 189 41 sensibiles
525 1781 203 41 demonstratae,

220 1825 81 49 Et
261 1825 122 49 dixit
342 1825 108 49 hoc,
410 1825 108 49 quia
478 1825 135 49 quidam
559 1825 176 49 opinabantur

753 149 102 52 quod
817 149 128 52 puncta
907 149 102 52 sunt
970 149 128 52 priora
1060 149 141 52 lineis,
1162 149 64 52 &
1175 149 102 52 lineae

753 189 233 38 superficiebus,
947 189 65 38 &
973 189 181 38 supeficies
1102 189 155 38 corporibus

753 224 65 49 &
779 224 155 49 dicebant
895 224 103 49 quod
960 224 168 49 indiuidua
1089 224 142 49 istorum
1180 224 90 49 sunt,

761 263 141 53 priora
859 263 197 53 indiuiduis
1014 263 169 53 corporis
1126 263 141 53 sensibi-

759 305 79 40 lis,
809 305 50 40 &
828 305 149 40 vniversalia
947 305 89 40 eorum
1007 305 168 40 vniversalibus
1145 305 129 40 corporis,
1234 305 30 40 &

748 341 112 52 ideo
818 341 84 52 d.
860 341 126 52 magis
944 341 98 52 qua
1000 341 168 52 solidum,
1127 341 70 52 &
1141 341 126 52 corpus,

748 381 58 51 &
772 381 105 51 etiam
842 381 105 51 magis
911 381 82 51 qua
958 381 82 51 res
1005 381 175 51 sensibiles.
1144 381 70 51 Et
1168 381 93 51 dixit.

752 421 129 38 solidum
846 421 58 38 &
869 421 129 38 corpus,
963 421 129 38 quoniam
1056 421 94 38 isti
1115 421 117 38 habent
1185 421 82 38 duas.

755 457 140 49 opiones
857 457 76 49 in
895 457 153 49 corpore,
1010 457 127 49 quidam
1099 457 102 49 enim
1150 457 115 49 dicunt,

750 496 109 44 quod
818 496 109 44 tres
886 496 204 44 dimensiones
1049 496 109 44 sunt
1117 496 122 44 forma
1185 496 81 44 sub-

754 536 183 43 ltantialis
898 536 170 43 corporis,
1029 536 66 43 &
1055 536 105 43 isti
1121 536 131 43 dicunt
1199 536 66 43 cor

750 573 97 51 pus,
810 573 85 51 qui
859 573 109 51 autem
932 573 133 51 dicunt,
1029 573 97 51 quod
1089 573 121 51 corpus
1174 573 85 51 sit
1211 573 48 51 ad

743 613 263 45 coniunctionem
959 613 263 45 superficierum
1161 613 108 45 adin-

751 653 133 52 uicem,
844 653 146 52 dignius
950 653 93 52 est
1003 653 106 52 dici
1070 653 80 52 ab
1110 653 93 52 eis
1150 653 106 52 corpo-

746 697 103 43 reum.
814 697 57 43 &
837 697 137 43 secundum
940 697 137 43 vtrunque
1043 697 137 43 sermonem
1135 697 114 43 sequitur

755 728 76 45 vt
793 728 202 45 superficies,
958 728 63 45 &
983 728 139 45 lineae,
1084 728 63 45 &
1109 728 126 45 puncta
1185 728 76 45 sint

746 774 201 44 substantiae
907 774 121 44 magis
987 774 94 44 qua
1041 774 161 44 corpora,
1162 774 67 44 &
1175 774 81 44 prio

750 813 64 46 ra
782 813 86 46 eis:
836 813 75 46 aut
879 813 128 46 secundum
975 813 86 46 quod
1028 813 96 46 forma
1093 813 75 46 est
1135 813 96 46 prior
1189 813 64 46 con-

758 846 126 48 posito
847 846 76 48 ex
885 846 139 48 materia
986 846 63 48 &
1011 846 114 48 forma
1087 846 152 48 secundum
1188 846 76 48 prio

752 886 84 46 rem,
805 886 137 46 sermonem:
911 886 74 46 aut
953 886 137 46 secundum,
1058 886 84 46 quod
1111 886 106 46 partes
1175 886 84 46 compo-

746 925 99 48 siti
807 925 99 48 sunt
869 925 135 48 priores
967 925 160 48 composito
1091 925 148 48 secundum
1189 925 74 48 scdm

749 965 196 52 sermonem.
900 965 120 52 D.d.
975 965 90 52 Et
1020 965 151 52 quidam
1125 965 105 52 non
1171 965 90 52 opi-

752 1004 154 51 nantur,
864 1004 98 51 &c.
920 1004 84 51 i.
962 1004 70 51 &
990 1004 140 51 quidam
1088 1004 98 51 non
1130 1004 126 51 opinam-

747 1043 107 51 tur,
814 1043 107 51 quod
880 1043 147 51 aliquod
987 1043 174 51 linearum,
1121 1043 67 51 &
1135 1043 120 51 superfi

749 1080 157 42 cierum,
863 1080 71 42 &
892 1080 186 42 punctorum
1035 1080 100 42 sit
1077 1080 172 42 substantia

752 1121 106 41 aut
813 1121 122 41 vnum
889 1121 197 41 numerale.
1040 1121 91 41 Et
1086 1121 152 41 quidam
1177 1121 76 41 non

751 1159 134 43 solum
841 1159 120 43 modo
915 1159 194 43 opinantur
1065 1159 120 43 quod
1125 1159 134 43 magnitu

753 1197 124 45 dines,
839 1197 62 45 &
864 1197 112 45 numer
939 1197 149 45 scilicet
1050 1197 186 45 mathematica
1187 1197 74 45 sint

753 1237 224 51 substantiae,
935 1237 98 51 sed
991 1237 182 51 opinantur
1132 1237 98 51 cum
1174 1237 84 51 hoc,

753 1277 106 45 quod
819 1277 132 45 formae
911 1277 119 45 rerum
990 1277 106 45 sunt
1056 1277 119 45 sicut
1122 1277 132 45 substan-

754 1314 105 41 tiae
819 1314 197 41 abstractae:
977 1314 66 41 &
1003 1314 197 41 opinabantur
1160 1314 92 41 cum
1199 1314 66 41 hoc

755 1364 127 30 tertiam
848 1364 173 30 substantia.
986 1364 138 30 scilicet
1090 1364 150 30 indiuidua
1194 1364 69 30 sub-

754 1393 150 41 stantiae
866 1393 187 41 sensibilis.
1015 1393 75 41 Et
1053 1393 87 41 qui
1090 1393 175 41 opinabantur,

756 1431 101 49 quod
819 1431 189 49 mathematica
971 1431 101 49 sunt
1034 1431 202 49 substantiae,
1185 1431 76 49 quod

754 1474 99 50 dam
811 1474 170 50 ponebant
938 1474 85 50 ea
981 1474 114 50 esse
1052 1474 114 50 alia
1123 1474 71 50 a
1137 1474 128 50 formis,

749 1509 78 51 &
781 1509 156 51 quidam
890 1509 188 51 ponebant
1031 1509 172 51 numeros
1156 1509 78 51 &
1171 1509 94 51 for-

752 1550 97 48 mas
807 1550 110 48 esse
876 1550 152 48 eiusdem
987 1550 166 48 naturae,
1111 1550 83 48 vt
1153 1550 110 48 post
1208 1550 55 48 di

754 1589 101 37 cet.
817 1589 63 37 &
843 1589 101 37 isti
906 1589 114 37 sunt,
981 1589 88 37 qui
1032 1589 189 37 perceperunt
1171 1589 88 37 causa

750 1625 188 53 formalem
891 1625 203 53 propriam.
1047 1625 78 53 &
1063 1625 203 53 intendebant

747 1663 103 43 dare
811 1663 193 43 substantias
966 1663 154 43 proprias
1081 1663 116 43 rebus
1158 1663 77 43 ex
1184 1663 77 43 for-

756 1703 72 43 mis
797 1703 176 43 vniversalibus
942 1703 124 43 scilicet
1035 1703 83 43 quia
1087 1703 124 43 ponebant
1180 1703 62 43 ea
1201 1703 62 43 esse

756 1741 181 47 principia
895 1741 153 47 subarum
1007 1741 223 47 sensibilium.
1174 1741 83 47 D.d.

758 1777 177 56 Speusippus
898 1777 127 56 autem,
986 1777 89 56 &c.
1037 1777 76 56 i.
1075 1777 177 56 Speusippus
1201 1777 76 56 ant,

750 1828 108 46 dixit
822 1828 120 46 plures
905 1828 108 46 subas
977 1828 108 46 esse,
1049 1828 96 46 quia
1097 1828 167 46 substantiae,
