1475 2066
216 148 134 62 nibil
306 148 164 62 videtur
425 148 194 62 permanere
575 148 164 62 praeter
679 148 60 62 il

228 196 108 69 tud,
296 196 81 69 si
337 196 136 69 fuerit
432 196 163 69 aliquid,
554 196 108 69 quod
622 196 95 69 est
662 196 68 69 per

229 245 117 61 suam
302 245 233 61 definitione,
492 245 219 61 necessarium
667 245 102 61 est

227 293 161 60 igitur
340 293 97 60 vt
388 293 145 60 solam
485 293 194 60 materiam
614 293 129 60 videat

226 340 110 66 esse
295 340 206 66 substantiam
459 340 123 66 illi,
541 340 96 66 qui
583 340 164 66 perscrutan

225 395 107 47 tur
286 395 107 47 hac
347 395 275 47 persrutatione.
577 395 92 47 Et
623 395 122 47 dico
684 395 61 47 ma

225 443 121 62 teria
305 443 134 62 illud,
399 443 107 62 quod
466 443 94 62 per
520 443 80 62 se
560 443 94 62 non
613 443 147 62 dicitur

226 493 147 61 quale,
329 493 103 61 nec
388 493 176 61 quantum,
520 493 103 61 nec
579 493 162 61 aliquod
682 493 59 61 eo

221 540 118 58 rum,
295 540 103 58 per
354 540 118 58 quae
428 540 221 58 terminmatur
604 540 118 58 ens.
663 540 74 58 est

235 588 123 62 enim
311 588 153 62 aliud,
419 588 92 62 de
465 588 107 62 quo
526 588 169 62 dicitur
634 588 107 62 vnum-

232 636 148 63 quodque,
343 636 160 63 istorium,
466 636 62 63 &
491 636 148 63 essentia
601 636 123 63 illius
675 636 62 63 est

227 684 109 62 alia
295 684 81 62 ab
336 684 163 62 essentia
458 684 122 62 cuius
539 684 122 62 libet
607 684 136 62 praedica

227 732 145 61 bilis.
328 732 116 61 alia
400 732 116 61 enim
472 732 159 61 dicutur
588 732 87 61 de
617 732 130 61 substan

220 781 130 45 tia,
301 781 81 45 &
333 781 130 45 haec
414 781 97 45 de
463 781 195 45 materia.
593 781 146 45 Vltimum

226 829 129 61 igitur
317 829 181 61 subiectum,
459 829 104 61 quod
524 829 91 61 est
576 829 91 61 per
627 829 91 61 se,
679 829 91 61 non

224 877 104 62 est
284 877 149 62 illud,
388 877 119 62 quod
462 877 164 62 dicitur
581 877 149 62 quale,
671 877 74 62 aut

235 924 158 58 quantu,
349 924 100 58 aut
407 924 129 58 aliud
493 924 158 58 omnino,
608 924 115 58 neua
665 924 72 58 ne-

228 971 137 63 gatio.
324 971 110 63 ista
393 971 110 63 enim
461 971 110 63 sunt
516 971 219 63 accidentauiter

222 1020 83 63 Ex
264 1020 124 63 istis
346 1020 138 63 igitur
443 1020 152 63 accidit
553 1020 83 63 vt
581 1020 165 63 substantia

230 1069 95 62 sit
285 1069 163 62 materia.
407 1069 95 62 Sed
461 1069 95 62 hoc
515 1069 95 62 est
556 1069 190 62 impossibile.

229 1114 237 64 existimatur
419 1114 142 64 enim,
514 1114 126 64 quod
577 1114 158 64 separabi

218 1164 119 63 tia,
292 1164 74 63 &
322 1164 119 63 quae
396 1164 223 63 significant
560 1164 178 63 essentian-

226 1213 175 66 secundum
358 1213 175 66 rationem
490 1213 146 66 istius
592 1213 117 66 rei,
650 1213 88 66 sint

226 1264 227 60 substantiae
408 1264 152 60 magis.
514 1264 76 60 &
544 1264 121 60 ideo
605 1264 136 60 existi-

218 1308 156 63 matur,
328 1308 125 63 quod
406 1308 156 63 forma,
515 1308 78 63 &
546 1308 156 63 illud,
655 1308 125 63 quod

232 1357 94 61 est
285 1357 81 61 ex
326 1357 162 61 vtroque,
447 1357 108 61 sint
514 1357 215 61 substantiae,
676 1357 67 61 ma-

228 1412 117 62 gis
295 1412 133 62 quam
362 1412 166 62 materia.

269 1476 133 51 Dicit:
362 1476 80 51 Et
402 1476 147 51 oportet
509 1476 80 51 vt
549 1476 93 51 non
602 1476 120 51 simus
669 1476 80 51 con-

230 1524 105 43 tenti
300 1524 81 43 hac
347 1524 186 43 distinctione
498 1524 128 43 tantum:
591 1524 93 43 sine
637 1524 105 43 perscru

231 1557 133 37 tatione,
331 1557 56 37 &
353 1557 156 37 diuisione,
475 1557 133 37 scilicet
575 1557 167 37 substantiae
698 1557 44 37 in

226 1594 100 40 mam
283 1594 72 40 &
312 1594 158 40 formam.
426 1594 158 40 quoniam
541 1594 100 40 non
584 1594 158 40 sufficit,

229 1629 86 45 nec
278 1629 86 45 est
327 1629 172 45 manifestum
462 1629 86 45 per
511 1629 74 45 se
548 1629 148 45 scilicet
647 1629 98 45 formam

233 1671 108 52 esse
300 1671 216 52 substantiam.
475 1671 81 52 Et
516 1671 81 52 d.
556 1671 108 52 hoc,
624 1671 108 52 quia
678 1671 67 52 mam

232 1708 97 46 est
288 1708 208 46 manifestior
454 1708 83 46 in
482 1708 264 46 substantialitate,

229 1733 42 29 ca

229 1748 102 53 qui
288 1748 131 53 forma
375 1748 88 53 in
419 1748 131 53 primo
507 1748 175 53 aspectu.
638 1748 73 53 &
652 1748 88 53 ideo

232 1788 153 51 induxit
343 1788 111 51 post
413 1788 181 51 sermones,
552 1788 83 51 ex
594 1788 139 51 quibus
677 1788 56 51 ap

224 1829 118 54 paret,
307 1829 94 54 quod
365 1829 94 54 sola
424 1829 82 54 mam
471 1829 82 54 est
518 1829 177 54 substantia,
660 1829 59 54 &
671 1829 71 54 quod

754 148 96 46 est
809 148 123 46 causa
891 148 82 46 in
932 148 96 46 hoc
986 148 218 46 demonstratum
1164 148 96 46 est
1218 148 109 46 esse

755 190 237 40 substantiam.
948 190 74 40 &
977 190 148 40 dixit:
1081 190 89 40 Et
1125 190 133 40 etiam
1199 190 74 40 ma-

753 228 115 46 teria
830 228 90 46 est
881 228 192 46 substantia,
1035 228 90 46 &c.
1086 228 77 46 i.
1124 228 141 46 materia
1214 228 64 46 au-

755 269 90 52 tem
807 269 90 52 vte
858 269 103 52 esse
923 269 181 52 substantia
1065 269 116 52 magis
1143 269 90 52 qua
1182 269 90 52 alia.

755 309 125 50 Potest
843 309 100 50 enim
906 309 138 50 aliquis
1006 309 138 50 dicere,
1106 309 100 50 quod
1169 309 75 50 si
1194 309 75 50 sub-

761 347 147 39 stantia
868 347 94 39 non
921 347 147 39 ponitur
1028 347 134 39 matur,
1122 347 120 39 nihil
1189 347 80 39 erit

758 389 109 33 hic,
826 389 109 33 quod
894 389 150 33 dicatur
1003 389 204 33 substantia,
1166 389 68 33 &
1193 389 109 33 tunc

761 422 190 44 substantia
911 422 109 44 erit
979 422 95 44 non
1033 422 109 44 ens.
1101 422 68 44 &
1128 422 95 44 hoc
1168 422 109 44 inten-

761 462 132 44 debat,
853 462 92 44 cum
906 462 132 44 dixit:
998 462 66 44 &
1025 462 79 44 si
1064 462 105 44 non,
1117 462 158 44 substantia

762 501 103 50 erit
826 501 167 50 ignorata.
955 501 77 50 Et
994 501 116 50 forte
1071 501 129 50 innuit
1161 501 90 50 per
1200 501 77 50 hoc,

759 540 107 52 quod
826 540 134 52 dixit.
920 540 81 52 Et
960 540 94 52 ops
1014 540 81 52 vt
1054 540 201 52 distinctio,
1202 540 67 52 &c.

762 578 135 40 idest,
856 578 81 40 ad
896 578 229 40 descriptionem
1085 578 175 40 substanti
1206 578 67 40 fa-

755 618 131 50 mosam,
847 618 105 50 quae
912 618 105 50 est,
978 618 144 50 quoniam
1082 618 183 50 substantia
1213 618 66 50 est

762 655 125 43 illud,
849 655 75 43 de
886 655 87 43 quo
936 655 200 43 praedicautur
1098 655 112 43 alia,
1173 655 62 43 &
1186 655 87 43 ipsum

761 701 81 45 de
802 701 149 45 nihilo.
910 701 68 45 &
937 701 108 45 tunc
1005 701 122 45 dixit
1086 701 108 45 hoc,
1153 701 108 45 quia
1207 701 68 45 ex-

762 734 90 45 hac
813 734 205 45 descriptione
980 734 167 45 sequitur,
1108 734 103 45 quod
1172 734 90 45 mam
1211 734 64 45 sit

763 772 128 42 magis
848 772 199 42 substantia
1005 772 100 42 qua
1062 772 142 42 forma.
1161 772 85 42 Et
1190 772 85 42 ideo

763 813 154 50 incoepit
879 813 154 50 inducere
994 813 103 50 post
1059 813 167 50 rationes,
1187 813 77 50 ex
1213 813 64 50 qui

760 852 90 38 bus
812 852 168 38 sequitur,
941 852 103 38 quod
1006 852 142 38 materia
1109 852 103 38 sola
1174 852 90 38 est
1212 852 65 38 cau

762 891 79 39 sa
801 891 198 39 substantiae
960 891 225 39 demonstratae,
1145 891 66 39 &
1171 891 132 39 dixit:

759 930 86 42 Et
802 930 129 42 etiam
888 930 172 42 materia,
1016 930 100 42 &c.
1074 930 115 42 D.d.
1131 930 143 42 Quoniam,

761 972 95 39 cum
816 972 109 39 alia
884 972 150 39 fuerint
993 972 191 39 abstracta,
1143 972 95 39 &c.
1197 972 82 39 i.
1238 972 68 39 &

763 1004 199 54 ratiocinatio
924 1004 112 54 super
999 1004 100 54 hoc,
1061 1004 100 54 quod
1124 1004 137 54 materia
1211 1004 62 54 est

761 1052 125 31 causa
844 1052 180 31 indiuidui
983 1052 208 31 substantiae
1135 1052 138 31 sensibi-

760 1084 82 38 lis
807 1084 129 38 tantum,
901 1084 94 38 est,
960 1084 106 38 quod,
1030 1084 82 38 cum
1077 1084 200 38 abstraxerimus
1230 1084 47 38 in

761 1125 184 50 intellectu
905 1125 92 50 ea,
958 1125 105 50 quae
1023 1125 105 50 sunt
1089 1125 144 50 praeter
1181 1125 92 50 mate-

761 1163 108 39 riam
828 1163 81 39 ex
868 1163 121 39 rebus
949 1163 189 39 abstractis
1098 1163 81 39 in
1125 1163 148 39 indiuiduo

757 1199 245 43 demonstrato,
956 1199 138 43 nihil
1047 1199 199 43 remanebit
1185 1199 92 43 nisi

761 1238 127 44 materia.
856 1238 127 44 scilicet
951 1238 116 44 quoniam
1036 1238 116 44 materia
1120 1238 74 44 non
1152 1238 127 44 auferetur,

764 1285 96 40 per
819 1285 193 40 ablationem
971 1285 165 40 illorum,
1095 1285 69 40 &
1109 1285 165 40 auferuntur

761 1317 106 38 lla
822 1317 106 38 per
882 1317 213 38 ablationem
1050 1317 198 38 materiae.
1187 1317 91 38 D.d.

759 1357 65 50 &
785 1357 104 50 alia
850 1357 155 50 passiua,
966 1357 91 50 &c.
1018 1357 78 50 i.
1057 1357 65 50 &
1083 1357 155 50 virtutes
1186 1357 91 50 passi

760 1397 111 37 uae,
830 1397 69 37 &
857 1397 167 37 actiuae,
982 1397 69 37 &
1010 1397 167 37 actiones
1121 1397 153 37 prouenien

759 1437 87 42 tes
808 1437 75 42 ab
846 1437 87 42 eis
896 1437 162 42 videntur,
1021 1437 100 42 quod
1083 1437 87 42 cum
1120 1437 150 42 auferuntur

757 1476 162 39 remanet
875 1476 118 39 mam.
948 1476 74 39 &
978 1476 88 39 d.
1022 1476 103 39 hoc
1081 1476 88 39 ad
1110 1476 162 39 declaran-

758 1513 120 41 dum,
833 1513 120 41 quod
908 1513 150 41 formae
1013 1513 210 41 conueniunt
1178 1513 90 41 in
1208 1513 75 41 hoc

762 1552 97 42 cum
818 1552 236 42 accidentibus:
1012 1552 69 42 &
1039 1552 83 42 ex
1081 1552 97 42 hoc
1123 1552 152 42 existima-

768 1590 135 44 uerunt
862 1590 135 44 plures
957 1590 135 44 formas
1051 1590 108 44 esse
1105 1590 162 44 accidentia

779 1629 107 45 D.d.
845 1629 67 45 &
872 1629 107 45 estm
939 1629 187 45 longitudo,
1085 1629 67 45 &
1112 1629 173 45 latitudo,
1232 1629 40 45 &

760 1671 199 50 profundum,
916 1671 100 50 &c.
973 1671 85 50 i.
1016 1671 71 50 &
1044 1671 128 50 etiam
1115 1671 157 50 longitudo

759 1709 67 53 &
785 1709 175 53 latitudo,
920 1709 67 53 &
947 1709 188 53 profundum,
1095 1709 108 53 quae
1149 1709 121 53 existit

758 1748 139 49 mantur
855 1748 111 49 esse
925 1748 209 49 substantiae
1092 1748 181 49 corporis,
1217 1748 56 49 vl

761 1789 134 50 dentur
855 1789 107 50 esse
922 1789 161 50 quantum,
1043 1789 67 50 &
1070 1789 94 50 non
1110 1789 161 50 substantia

761 1835 160 47 quoniam
878 1835 160 47 quantum
994 1835 102 47 non
1053 1835 102 47 est
1096 1835 175 47 substantia
