1475 2066
189 132 89 47 Et
234 132 207 47 intendebat
396 132 133 47 quod,
485 132 103 47 cum
529 132 177 47 concesseri

199 172 91 49 mus
251 172 117 49 corpa
329 172 104 49 esse
393 172 207 49 substantias,
562 172 65 49 &
588 172 104 49 quod
652 172 91 49 lon

195 220 146 42 gitudo
298 220 73 42 &
327 220 176 42 latitudo
459 220 73 42 &
488 220 205 42 profundum,
635 220 73 42 per

206 252 113 50 quae
277 252 184 50 definimus
418 252 156 50 corpus,
532 252 99 50 sit
574 252 128 50 quantum

202 289 73 42 &
231 289 102 42 non
289 289 218 42 substantia,
463 289 102 42 non
521 289 189 42 remanebit
651 289 58 42 in

199 328 150 42 corpore
309 328 137 42 aliud,
404 328 109 42 quod
473 328 150 42 dicatur
568 328 137 42 substan-

205 365 94 46 tia,
264 365 94 46 nisi
322 365 94 46 mam.
381 365 141 46 quoniam,
486 365 82 46 cum
533 365 82 46 non
580 365 117 46 fuerit
650 365 59 46 sub

204 406 138 51 stantia
305 406 88 51 per
355 406 100 51 tres
417 406 200 51 dimensiones,
580 406 100 51 quae
630 406 75 51 exi-

202 444 155 46 stimantur
321 444 95 46 esse
381 444 167 46 substantia
512 444 107 46 magis
584 444 84 46 qua
632 444 107 46 alia:

199 493 155 45 quoniam,
316 493 91 45 cum
367 493 181 45 auferuntur
510 493 65 45 a
536 493 155 45 corpore,
639 493 65 45 au-

202 522 142 54 feruntur
308 522 94 54 alia
367 522 142 54 residua:
474 522 153 54 sequitur,
592 522 94 54 quod
639 522 59 54 sub

204 562 144 51 stantia.
312 562 84 51 sit
360 562 168 51 necessario
493 562 84 51 per
541 562 156 51 materiam.
649 562 48 51 ne

202 600 123 43 cesse
284 600 96 43 est
339 600 109 43 enim
407 600 82 43 vt
448 600 191 43 indiuiduum
585 600 123 43 substan

201 641 100 52 tiae
263 641 87 52 sit
313 641 174 52 substantia
450 641 87 52 per
499 641 137 52 aliquid
587 641 125 52 existens

204 678 75 44 in
242 678 88 44 eo,
292 678 101 44 quod
355 678 88 44 sit
406 678 189 44 substantia,
557 678 75 44 si
594 678 88 44 non
632 678 63 44 fue

192 717 84 53 rit
240 717 84 53 per
288 717 108 53 omnes
360 717 120 53 partes
444 717 108 53 eius.
517 717 96 53 D.d.
577 717 84 53 sed
613 717 96 53 illud,

201 757 107 50 cuius
273 757 95 50 sunt
332 757 107 50 ista,
403 757 83 50 &c.
451 757 71 50 i.
487 757 60 50 &
511 757 83 50 cum
558 757 107 50 ista,
630 757 107 50 quae¬

196 796 115 38 sunt
267 796 200 38 existentia
425 796 86 38 in
468 796 115 38 mam,
539 796 100 38 non
582 796 129 38 fuerint

203 834 187 40 substantiae,
355 834 128 40 necesse
448 834 93 40 erit
507 834 70 40 vt
542 834 105 40 illa,
612 834 70 40 in
635 834 70 40 qui-

200 875 96 39 bus
255 875 165 39 existunt
379 875 110 39 ista
447 875 165 39 primitus
571 875 69 39 &
598 875 110 39 sine
653 875 55 39 mo

202 913 107 42 dio,
268 913 107 42 sint
335 913 213 42 substantiae.
508 913 67 42 &
535 913 107 42 haec
601 913 93 42 est
641 913 67 42 mam

217 951 117 43 D.d.
290 951 102 43 sed
349 951 102 43 cum
407 951 204 43 longitudo,
567 951 73 43 &
582 951 117 43 latitu

203 989 93 55 do,
256 989 93 55 &c.
309 989 79 55 i.
348 989 66 55 &
375 989 93 55 cum
428 989 185 55 longitudo,
574 989 66 55 &
587 989 119 55 latitu-

195 1030 107 48 do,
256 1030 76 48 &
286 1030 198 48 profundum
439 1030 168 48 fuerint
545 1030 168 48 abstracta

202 1069 68 50 a
230 1069 205 50 corporibus,
393 1069 109 50 quae
462 1069 205 50 accipiuntur
625 1069 82 50 in
652 1069 55 50 de

201 1109 227 37 finitionibus
385 1109 142 37 eorum,
484 1109 128 37 nihil
555 1109 156 37 remanebit

194 1145 75 52 ex
231 1145 150 52 corpore,
343 1145 100 52 nisi
406 1145 125 52 illud,
493 1145 100 52 quod
555 1145 175 52 definitur.

189 1186 229 41 lonoitudine
372 1186 76 41 &
403 1186 214 41 latitudine
571 1186 76 41 &
586 1186 122 41 profun

191 1223 89 42 do.
242 1223 64 42 &
268 1223 102 42 haec
332 1223 89 42 est
383 1223 102 42 mam.
447 1223 64 42 &
472 1223 102 42 ista
536 1223 89 42 est
587 1223 102 42 alia
638 1223 64 42 ra-

198 1264 194 43 tiocinatio
351 1264 69 43 a
379 1264 194 43 praedicta.
531 1264 83 43 Et
573 1264 97 43 cum
615 1264 97 43 dedit

192 1305 246 52 ratiocinationes,
401 1305 74 52 ex
438 1305 123 52 quibus
524 1305 160 52 sequitur,
634 1305 74 52 quod

193 1341 85 41 mam
241 1341 85 41 est
290 1341 181 41 substantia.
435 1341 145 41 scilicet
544 1341 145 41 dicentem
640 1341 73 41 mate

194 1380 102 52 riam
258 1380 102 52 esse
321 1380 203 52 substantiam,
486 1380 140 52 propter
588 1380 89 52 hoc
639 1380 102 52 quod

198 1420 136 38 ablatis
297 1420 112 38 aliis
371 1420 87 38 non
421 1420 161 38 aufertur,
545 1420 62 38 &
570 1420 99 38 ipsa
619 1420 87 38 abla-

199 1469 80 30 ta
239 1469 187 30 auferuntur
386 1469 120 30 alia,
466 1469 67 30 &
480 1469 227 30 ratiocinationem

197 1498 165 56 dicentem,
324 1498 102 56 quod
388 1498 127 56 corpus
477 1498 89 56 est
528 1498 191 56 substantia,
668 1498 38 56 &

199 1537 115 54 nihil
276 1537 115 54 aliud
353 1537 90 54 est
404 1537 90 54 qui
456 1537 103 54 tres
520 1537 192 54 dimensiones
661 1537 51 54 in

195 1576 125 43 mam,
273 1576 78 43 &
304 1576 233 43 dimensiones
491 1576 109 43 non
553 1576 125 43 sunt
616 1576 93 43 sub-

194 1616 156 42 stantiae
311 1616 130 42 rerum,
402 1616 143 42 remanet
507 1616 104 42 quod
572 1616 130 42 corpus
650 1616 65 42 sit

193 1655 191 54 substantia
343 1655 95 54 per
398 1655 177 54 materiam,
534 1655 68 54 &
561 1655 136 54 illud,
643 1655 68 54 per

194 1694 103 45 quod
258 1694 180 45 substantia
400 1694 90 45 fit
452 1694 193 45 substantia,
606 1694 90 45 est
645 1694 64 45 sub

191 1734 165 36 stantia.
315 1734 96 36 Et,
370 1734 96 36 cum
425 1734 151 36 induxit
535 1734 96 36 has
589 1734 110 36 duas
644 1734 69 36 ra-

195 1772 162 38 tiocina:
316 1772 135 38 iones,
410 1772 121 38 sicut
491 1772 162 38 diximus,
598 1772 108 38 dixit:

197 1820 204 46 necessarium
360 1820 95 46 est
415 1820 149 46 igitur,
523 1820 95 46 &c.
577 1820 81 46 i.
618 1820 81 46 &,
645 1820 68 46 cum

730 132 86 53 ita
779 132 98 53 sit,
840 132 135 53 necesse
939 132 86 53 est
988 132 74 53 vt
1025 132 111 53 illi,
1098 132 86 53 qui
1135 132 111 53 persru-

727 181 146 41 tantur
830 181 103 41 hac
888 181 264 41 persrutatione,
1108 181 73 41 &
1123 181 117 41 conce-

727 216 98 46 dunt
788 216 98 46 has,
849 216 184 46 propotones,
996 216 159 46 opinentur
1119 216 98 46 quod
1168 216 73 46 sola

731 253 94 38 mam
784 253 94 38 est
838 253 188 38 substantia
986 253 175 38 indiuidui
1107 253 134 38 substan-

727 289 117 52 tiae
800 289 248 52 demonstratae.
1005 289 146 52 Deinde
1092 289 146 52 incoepit

731 333 163 37 declarare
856 333 125 37 qualis
943 333 88 37 mam
993 333 88 37 est
1043 333 113 37 ista,
1118 333 63 37 &
1143 333 125 37 dixit:

729 368 84 42 Et
771 368 112 42 dico
841 368 182 42 materiam,
981 368 98 42 &c.
1036 368 84 42 i.
1078 368 70 42 &
1092 368 154 42 intelligo

731 412 94 44 per
784 412 162 44 materiam
906 412 135 44 illud,
1000 412 108 44 quod
1067 412 94 44 est
1107 412 135 44 existens

732 444 86 52 per
781 444 86 52 se,
830 444 99 52 quod
892 444 86 52 est
941 444 86 52 nec
991 444 123 52 quale,
1077 444 86 52 nec
1114 444 123 52 quantum,

726 485 102 49 nec
785 485 160 49 aliquod
901 485 160 49 aliorum
1004 485 233 49 praedicamento-

733 525 82 50 rum:
784 525 112 50 quoniam
865 525 71 50 est
906 525 61 50 in
937 525 122 50 potentia
1029 525 92 50 omnia
1090 525 92 50 ista,
1141 525 102 50 scilicet

728 564 132 39 decem
816 564 264 39 praedicamenta,
1036 564 88 39 vt
1065 564 176 39 declaratum

724 600 86 43 est
773 600 74 43 in
810 600 160 43 Physicis.
933 600 99 43 D.d.
995 600 86 43 est
1045 600 99 43 enim
1106 600 123 43 aliud,
1180 600 62 43 &c.

729 636 129 46 idest
815 636 200 46 declaratum
972 636 100 46 est
1029 636 115 46 enim
1087 636 157 46 subiectum

721 681 120 50 esse
796 681 165 50 omnibus
916 681 271 50 praedicamentis
1127 681 105 50 decen

721 725 66 38 &
747 725 105 38 quod
813 725 105 38 suum
878 725 105 38 esse
944 725 92 38 est
996 725 118 38 aliud
1075 725 79 38 ab
1114 725 105 38 esse
1166 725 66 38 cu-

724 765 176 45 iuslibet
857 765 147 45 eorum.
960 765 250 45 praedicamenta
1151 765 88 45 enim

717 797 218 37 accidentium
892 797 175 37 dicuntur
1023 797 87 37 de
1052 797 189 37 praedicamen

720 833 84 41 to
762 833 225 41 substantiae:
945 833 70 41 &
973 833 253 41 praedicamentum
1170 833 70 41 sub

725 874 161 40 stantiae
845 874 148 40 dicitur
953 874 81 40 de
993 874 107 40 hoc,
1060 874 107 40 quod
1128 874 94 40 est
1168 874 67 40 mam

747 911 103 59 D.d.
812 911 142 59 vltimum
915 911 142 59 igitur,
1018 911 90 59 &c.
1069 911 77 59 i.
1095 911 142 59 subiectum

723 949 149 45 igitur
827 949 178 45 vltimum,
961 949 119 45 quod
1035 949 104 45 est
1080 949 163 45 subiectum

729 997 90 44 per
780 997 90 44 se,
832 997 64 44 &
857 997 128 44 primo,
947 997 90 44 non
998 997 90 44 est
1050 997 128 44 illud,
1139 997 77 44 in
1165 997 64 44 que

731 1030 148 49 dicitur
838 1030 135 49 quale,
933 1030 94 49 nec
987 1030 121 49 aliud
1054 1030 175 49 praedicamen

728 1068 134 39 torum
818 1068 149 39 decem,
922 1068 105 39 nec
982 1068 179 39 priuatio
1102 1068 134 39 istorum

729 1109 126 37 entium:
820 1109 126 37 quoniam
912 1109 80 37 hoc
957 1109 80 37 est
1003 1109 69 37 ei
1037 1109 80 37 per
1083 1109 149 37 accidens.
1198 1109 57 37 &

730 1144 186 54 intendit,
873 1144 186 54 subiectum
1016 1144 143 54 igitur
1101 1144 129 54 vltimum

727 1190 105 36 quod
793 1190 92 36 per
845 1190 197 36 substantiam
1003 1190 105 36 suam
1068 1190 92 36 est
1121 1190 118 36 aliud
1186 1190 53 36 ab

734 1226 181 40 vnoquoque
873 1226 292 40 praedicamentorum,
1123 1226 69 40 &
1151 1226 69 40 a
1165 1226 69 40 sui

729 1267 268 47 priuationibus,
952 1267 104 47 cum
1012 1267 134 47 omnia
1101 1267 119 47 ista
1161 1267 74 47 sin

732 1300 66 52 ei
765 1300 77 52 per
809 1300 143 52 accidens.
919 1300 66 52 Et
952 1300 99 52 dixit
1017 1300 88 52 hoc:
1072 1300 132 52 quoniam,
1171 1300 66 52 si
1193 1300 44 52 al

726 1340 100 54 qua
783 1340 142 54 forma,
882 1340 100 54 aut
939 1340 142 54 aliqua
1039 1340 171 54 priuatio
1153 1340 85 54 esse

728 1386 202 45 essentialiter
895 1386 71 45 in
930 1386 95 45 mam,
990 1386 83 45 non
1038 1386 155 45 reciperet
1145 1386 95 45 omnes,

728 1420 168 38 formas.
850 1420 107 38 Et,
911 1420 107 38 cum
973 1420 168 38 induxit
1080 1420 168 38 ratiocina

732 1459 127 47 tiones
821 1459 76 47 ex
860 1459 127 47 quibus
949 1459 166 47 sequitur,
1076 1459 102 47 quod
1140 1459 89 47 mam
1178 1459 64 47 est

729 1496 126 42 magis
813 1496 209 42 substantia,
980 1496 84 42 d.
1022 1496 98 42 Sed
1078 1496 98 42 hoc
1133 1496 98 42 est
1175 1496 70 42 im-

730 1534 162 53 possibile,
857 1534 81 53 &c.
904 1534 69 53 i.
938 1534 81 53 sed
984 1534 173 53 impossibile
1123 1534 81 53 est
1169 1534 69 53 vt
1192 1534 58 53 ma-

729 1574 117 52 teria
807 1574 104 52 sola
872 1574 91 52 sit
924 1574 195 52 substantia,
1080 1574 91 52 cum
1119 1574 130 52 opinatur

730 1622 99 37 quod
791 1622 185 37 intentiones
940 1622 185 37 separabiles
1088 1622 74 37 in
1113 1622 124 37 intelle-

738 1654 80 51 ctu
783 1654 136 51 scilicet
885 1654 91 51 quae
942 1654 80 51 non
988 1654 193 51 intelliguntur
1147 1654 68 51 in
1169 1654 80 51 respe

729 1693 91 50 ctu
781 1693 156 50 aliorum,
898 1693 117 50 sicut
976 1693 91 50 est
1027 1693 78 50 in
1066 1693 104 50 mam,
1131 1693 91 50 sed
1170 1693 78 50 quae

729 1733 216 55 intelliguntur
907 1733 89 55 per
958 1733 89 55 se,
1009 1733 102 55 sunt
1073 1733 115 55 magis
1136 1733 115 55 substan

725 1780 103 43 tiae.
793 1780 57 43 &
816 1780 91 43 ideo
873 1780 182 43 existimatur,
1021 1780 91 43 quod
1078 1780 103 43 forma
1146 1780 80 43 sit
1180 1780 80 43 etiam

721 1811 195 55 substantia,
877 1811 91 55 cum
929 1811 91 55 sit
981 1811 169 55 quiditas,
1111 1811 104 55 quam
1163 1811 91 55 signi
