1475 2066
194 132 119 55 ficat
273 132 186 55 definitio,
419 132 66 55 &
446 132 199 55 congrecatum
605 132 119 55 etiam
671 132 53 55 ex

207 165 134 53 forma
297 165 75 53 &
327 165 164 53 materia
446 165 105 53 est
506 165 224 53 substantia,
670 165 45 53 &

211 215 107 51 quod
277 215 107 51 haec
344 215 94 51 duo
398 215 120 51 magis
478 215 107 51 sunt
532 215 160 51 substantia

208 254 169 48 materia.
334 254 84 48 Et
377 254 112 48 isti
447 254 183 48 sermones,
587 254 112 48 quos
644 254 70 48 in-

209 293 120 50 duxit
289 293 107 50 hic,
356 293 107 50 sunt
422 293 134 50 logici
516 293 147 50 famosi.
623 293 67 50 &
636 293 80 50 ideo

204 333 171 37 induxit
329 333 109 37 eos
391 333 93 37 ad
437 333 249 37 destruendum,
639 333 78 37 &
655 333 62 37 ac

206 370 279 42 confirmandum
433 370 175 42 formam
555 370 140 42 esse
625 370 87 42 sub

201 410 193 40 stantiam.
350 410 149 40 deinde
454 410 267 40 perscrutabitur
662 410 59 40 de

201 453 111 45 hoc
264 453 269 45 persrutatione
470 453 253 45 demonstratiua.

229 501 79 47 At
268 501 106 47 illa
335 501 198 47 substantia,
493 501 106 47 quae
559 501 79 47 ex
586 501 119 47 ambobus

201 547 121 47 dico
276 547 136 47 autem
367 547 121 47 quae
443 547 91 47 ex
488 547 166 47 materia
609 547 76 47 &
624 547 91 47 for-

198 589 95 54 ma
246 589 127 54 est,
325 589 206 54 omittenda
483 589 127 54 est.
547 589 174 54 posterior

209 632 134 42 enim,
298 632 89 42 et
343 632 193 42 manifesta
492 632 119 42 est.
551 632 164 42 manifesta

200 677 127 47 vero
280 677 159 47 quodam
391 677 127 47 modo
471 677 143 47 etiam
567 677 127 47 ipsa
630 677 80 47 ma-

207 717 156 46 teria.
317 717 94 46 At
364 717 94 46 de
410 717 156 46 tertia
504 717 203 46 consyderan-

204 758 111 44 dum
268 758 127 44 est.
347 758 127 44 haec
426 758 127 44 enim
505 758 158 44 maxime
600 758 111 44 dubi-

200 804 194 49 tabilis.
345 804 226 49 Conceditur
523 804 145 49 autem
604 804 113 49 quas-

203 853 94 46 dam
256 853 107 46 esse
323 853 201 46 substantias
484 853 214 46 sensibilium,
645 853 67 46 qua

200 886 94 44 re
247 886 94 44 in
294 886 109 44 his
356 886 156 44 primum
466 886 218 44 quaerendum
621 886 94 44 est.

251 927 216 60 Dimittamus
420 927 154 60 igitur
528 927 123 60 nunc
605 927 139 60 loqui

202 973 90 53 de
247 973 225 53 substantia,
427 973 120 53 quae
503 973 75 53 e
533 973 90 53 ex
563 973 135 53 ambobus

198 1025 167 57 scilicex
323 1025 167 57 materia,
449 1025 84 57 et
490 1025 195 57 exemplari,
630 1025 84 57 quia

206 1077 107 54 est
267 1077 153 54 vltima
374 1077 229 54 substantia,
557 1077 76 54 &
572 1077 137 54 manife-

198 1122 113 56 sta
262 1122 113 56 est
327 1122 161 56 etiam,
440 1122 81 56 &
472 1122 177 56 materia
585 1122 129 56 quoquo

200 1168 144 65 modo.
296 1168 96 65 Et
344 1168 240 65 persrutemur
537 1168 160 65 igitur
633 1168 80 65 de-

197 1219 143 48 tertia.
301 1219 91 48 est
353 1219 104 48 enim
418 1219 78 48 in
458 1219 78 48 ea
497 1219 143 48 maximus
601 1219 130 48 error,

202 1265 90 58 Et
247 1265 195 58 concessum
397 1265 105 58 est
457 1265 165 58 aliquas
562 1265 150 58 substan-

198 1313 114 63 tias
269 1313 114 63 esse
340 1313 213 63 sensibiles.
511 1313 185 63 quaeramus
639 1313 71 63 er-

196 1361 83 65 go
238 1361 83 65 de
265 1361 111 65 istis.

241 1428 144 55 Idest.
342 1428 202 55 Dimittamus
500 1428 144 55 igitur
587 1428 130 55 persru-

204 1466 171 52 tationem
332 1466 86 52 de
375 1466 200 52 substantia
532 1466 186 52 composita
661 1466 57 52 ex

201 1516 155 39 materia
314 1516 71 39 &
342 1516 141 39 forma,
441 1516 113 39 quia
511 1516 99 39 est
554 1516 155 39 posterios

207 1544 144 54 duabus
308 1544 231 54 substantiis,
495 1544 87 54 ex
539 1544 144 54 quibus
625 1544 87 54 com-

203 1584 155 50 ponitur
316 1584 71 50 t
344 1584 71 50 &
372 1584 212 50 perscrutari
542 1584 99 50 hoc
598 1584 99 50 non
640 1584 71 50 est

207 1625 105 41 nisi
273 1625 79 41 de
312 1625 144 41 causis,
417 1625 92 41 non
470 1625 79 41 de
509 1625 171 41 causatis.
640 1625 66 41 &
653 1625 66 41 est

205 1662 132 56 etiam
293 1662 205 56 manifestum
454 1662 103 56 per
513 1662 88 56 se
557 1662 132 56 ipsam
630 1662 88 56 esse

199 1701 246 45 substantiam.
398 1701 153 45 Deinde
506 1701 153 45 dicit:
613 1701 77 45 &
628 1701 77 45 ma-

198 1740 126 54 teria
282 1740 98 54 quo
338 1740 98 54 quo
394 1740 126 54 modo.
477 1740 84 54 i.
519 1740 182 54 concessum
645 1740 70 54 est

195 1779 94 48 ab
242 1779 173 48 omnibus
368 1779 188 48 materiam
509 1779 126 48 esse
572 1779 141 48 substan

204 1824 134 51 tiam.
294 1824 75 51 &
323 1824 89 51 d.
368 1824 104 51 quo
428 1824 104 51 quo
487 1824 134 51 modo,
577 1824 119 51 quia
636 1824 75 51 An

733 132 132 55 tiqui
821 132 219 55 diuersantur
997 132 88 55 in
1040 132 175 55 materia.
1157 132 88 55 Qui-

740 175 120 43 damen
819 175 133 43 dicunt
913 175 133 43 partes
1006 175 226 43 indiuisibiles
1179 175 66 43 es-

735 215 108 50 se:
796 215 77 50 &
827 215 154 50 quidam
935 215 169 50 corpora
1042 215 200 50 consimilium

736 252 181 50 partium,
872 252 75 50 &
902 252 121 50 alia
977 252 181 50 numerata
1113 252 91 50 in
1143 252 106 50 Natu-

732 293 170 51 ralibus.
859 293 85 51 Et
902 293 113 51 quia
973 293 128 51 omnes
1058 293 156 51 Antiqui
1157 293 85 51 con-

734 332 143 38 cedunt
834 332 172 38 materiam
963 332 129 38 esse,
1049 332 100 38 sed
1092 332 157 38 differunt

739 372 85 49 in
781 372 100 49 ea,
838 372 142 49 dixit:
938 372 100 49 quo
995 372 100 49 quo
1052 372 128 49 modo,
1123 372 114 49 notan-

738 412 69 50 do
773 412 92 50 quod
831 412 161 50 conueniunt
958 412 69 50 in
992 412 69 50 ea
1027 412 138 50 secundum
1131 412 104 50 genus
1188 412 58 50 tam

741 452 108 38 tum,
809 452 68 38 &
836 452 95 38 non
891 452 217 38 simpliciter.
1067 452 163 38 fortasse
1175 452 68 38 di-

733 485 113 45 xit:
804 485 99 45 quo
860 485 99 45 quo
917 485 128 45 modo,
1002 485 113 45 quia
1073 485 99 45 est
1115 485 128 45 substan

736 526 98 44 tia
792 526 182 44 diminuta,
932 526 112 44 quia
1001 526 98 44 est
1057 526 84 44 in
1085 526 154 44 potentia,

733 573 113 45 D.d.
803 573 85 45 Et
846 573 226 45 perscrutemur
1029 573 141 45 igitur
1128 573 85 45 de
1156 573 85 45 ter-

730 613 114 37 tia,
801 613 128 37 idest
887 613 143 37 forma.
986 613 114 37 D.d.
1058 613 86 37 Et
1086 613 157 37 concessum

730 645 116 45 est,
802 645 101 45 &c.
860 645 72 45 &
889 645 116 45 quia
961 645 203 45 manifestum
1121 645 101 45 est
1179 645 101 45 per

734 684 86 49 se,
783 684 99 49 quod
845 684 161 49 indiuidua
968 684 185 49 substantiae
1117 684 99 49 sunt
1166 684 74 49 sub-

732 725 182 52 stantiae,
872 725 154 52 oportet
984 725 84 52 vt
1025 725 126 52 primo
1095 725 154 52 quaeramus

727 762 81 40 de
767 762 202 40 substantia,
928 762 108 40 quae
996 762 94 40 est
1050 762 121 40 prima
1117 762 121 40 substan

727 800 93 51 tia
780 800 147 51 istarum
887 800 240 51 substantiarum,
1087 800 67 51 &
1114 800 120 51 causa
1180 800 67 51 eax

725 841 119 41 rum,
800 841 134 41 idest
889 841 119 41 sine
963 841 149 41 medio.
1067 841 89 41 Et
1097 841 149 41 sciendum

740 879 94 43 est,
799 879 94 43 quod
858 879 94 43 ista
917 879 188 43 perscrutatio
1069 879 129 43 differt
1163 879 71 43 ab
1187 879 47 43 ea

733 917 106 53 quae
799 917 93 53 est
852 917 79 53 in
892 917 119 53 primo
971 917 199 53 Physieorum.
1117 917 119 53 quandom

732 963 132 49 illic,
824 963 106 49 quia
890 963 92 49 est
943 963 198 49 persrutatio
1088 963 145 49 naturalis

732 997 104 46 non
791 997 222 46 persrutatur
969 997 118 46 nisi
1043 997 89 46 ad
1072 997 163 46 declaran-

733 1044 105 38 dum
793 1044 150 38 primam
898 1044 180 38 materiam
1034 1044 135 38 esse,
1109 1044 120 38 secun-

738 1076 106 52 dum
798 1076 121 52 quod
874 1076 106 52 est
935 1076 182 52 materia,
1071 1076 106 52 non
1117 1076 121 52 secun-

734 1117 90 53 dum
786 1117 103 53 quod
850 1117 90 53 est
901 1117 193 53 substantia,
1056 1117 64 53 &
1082 1117 77 53 ad
1107 1117 129 53 declaram

736 1159 106 35 dum
796 1159 152 35 formas
903 1159 197 35 naturales
1054 1159 121 35 esse
1115 1159 121 35 tantum

724 1193 122 41 non
793 1193 174 41 primam
915 1193 174 41 formam
1036 1193 174 41 omnium
1140 1193 87 41 sen

729 1233 184 41 sibilium
867 1233 153 41 rerum,
974 1233 107 41 nec
1035 1233 153 41 formam
1127 1233 107 41 secun

734 1273 97 49 dum
789 1273 110 49 quod
858 1273 97 49 est
914 1273 207 49 substantia.
1079 1273 69 49 &
1107 1273 110 49 ideo
1162 1273 69 49 con

734 1309 181 47 syderatio
873 1309 83 47 de
915 1309 139 47 formis
1012 1309 222 47 naturalibus,
1178 1309 56 47 se

734 1349 140 53 cundum
832 1349 112 53 quod
902 1349 112 53 sunt
972 1349 196 53 naturales,
1127 1349 98 53 non
1169 1349 56 53 in

727 1387 150 54 ducit
827 1387 100 54 ad
878 1387 167 54 primam
994 1387 184 54 formam.
1111 1387 117 54 Consi

729 1434 160 33 deratio
846 1434 116 33 enim
919 1434 87 33 de
962 1434 146 33 forma,
1064 1434 175 33 inducens
1181 1434 58 33 ac

728 1470 160 52 primam
840 1470 176 52 formam,
968 1470 112 52 est
1015 1470 224 52 consyderatio

730 1509 94 48 de
777 1509 94 48 ea
824 1509 188 48 secundum
965 1509 125 48 quod
1043 1509 110 48 est
1090 1509 141 48 substan

725 1546 117 40 tia,
798 1546 73 40 &
828 1546 175 40 scientia
959 1546 190 40 Naturalis
1105 1546 102 40 non
1148 1546 88 40 con-

728 1584 157 43 syderat
842 1584 86 43 de
885 1584 129 43 rebus
971 1584 171 43 secundum
1099 1584 114 43 quod
1156 1584 86 43 sunt

731 1625 243 40 substantiae.
928 1625 91 40 De
973 1625 136 40 prima
1064 1625 136 40 autem
1140 1625 91 40 mate

735 1661 96 45 ria
790 1661 192 45 consyderat
941 1661 151 45 vtraque
1051 1661 178 45 scientia.
1174 1661 69 45 sed

738 1697 176 49 Naturalis
873 1697 189 49 consyderat
1021 1697 81 49 de
1062 1697 122 49 illa,
1129 1697 108 49 secun-

729 1741 111 53 dum
792 1741 126 53 quod
871 1741 111 53 est
935 1741 221 53 principium
1093 1741 142 53 transmu

732 1789 202 35 tationis.
888 1789 233 35 Philosophus
1074 1789 140 35 autem
1151 1789 78 35 con

729 1821 160 52 syderat
846 1821 88 52 de
890 1821 131 52 illa,
977 1821 175 52 secundum
1109 1821 117 52 quod
1167 1821 73 52 est
