1475 2066
184 192 221 58 syderatione.
363 192 83 58 Et
405 192 96 58 cum
460 192 124 58 dixit
543 192 110 58 hoc,
598 192 110 58 voluit

193 238 198 56 demonstrare
351 238 132 56 causam
444 238 159 56 cogentem
563 238 145 56 homines
655 238 53 56 ac

197 284 164 38 dicendum,
324 284 101 38 quod
387 284 101 38 ista
450 284 202 38 consyderatio
614 284 88 38 est
652 284 63 38 dua

196 324 101 44 rum
253 324 290 44 consyderationum,
500 324 101 44 non
558 324 145 44 vnius:
645 324 72 44 cum

200 357 97 39 est
256 357 125 39 multi
339 357 153 39 homines
451 357 167 39 reputent
562 357 153 39 Naturalem

201 394 168 40 scientiam
330 394 65 40 &
356 394 142 40 Diuinam
460 394 103 40 esse
524 394 142 40 eandem.
627 394 78 40 Et
653 394 52 40 di

202 429 83 46 Et
244 429 96 46 qui
299 429 124 46 ponit
381 429 110 46 suam
450 429 261 46 consyderationem
656 429 55 46 in

208 471 138 51 omnibus
309 471 150 51 entibus,
421 471 88 51 &c.
471 471 75 51 i.
509 471 100 51 quia
571 471 125 51 quidam
646 471 63 51 An-

201 516 182 41 tiquorum,
341 516 112 41 apud
411 516 112 41 quos
481 516 140 41 diuisa
579 516 112 41 sunt
635 516 70 41 en-

205 545 76 42 tia
249 545 65 42 in
281 545 87 42 duo,
336 545 131 42 scilicet
434 545 142 42 sensibile
543 545 55 42 &
554 545 153 42 insensibile.

203 584 90 55 cum
255 584 245 55 consyderauerunt
461 584 77 55 in
500 584 142 55 vtroque
590 584 116 55 genere.

192 622 68 52 &
220 622 177 52 posuerunt
356 622 82 52 ea
397 622 109 52 vnum
465 622 150 52 geneus,
575 622 109 52 ideo
629 622 82 52 ser-

195 669 69 37 mo
229 669 115 37 contra
309 669 80 37 eos
355 669 103 37 erit,
424 669 138 37 proprius
527 669 92 37 huic
573 669 126 37 scientiae

197 701 72 53 &
225 701 115 53 isti
297 701 129 53 sunt,
383 701 100 53 qui
440 701 201 53 posuerunt,
584 701 129 53 mathema

191 741 102 49 tica
255 741 102 49 esse
319 741 166 49 principia
446 741 204 49 sensibilium.
612 741 102 49 D.d.
663 741 51 49 Et

196 779 129 40 ideo,
282 779 86 40 si
325 779 115 40 quis
397 779 173 40 voluerit
512 779 187 40 experimenta

193 817 84 49 ri,
241 817 84 49 &c.
289 817 72 49 i.
325 817 60 49 &
349 817 96 49 quia
409 817 96 49 iste
469 817 120 49 sermo,
553 817 144 49 proprius
649 817 60 49 est

198 854 125 44 contra
285 854 100 44 eos,
347 854 112 44 ideo,
422 854 75 44 si
459 854 100 44 quis
522 854 150 44 voluerit
622 854 87 44 scire

193 894 114 52 vtrum
269 894 127 52 verum,
358 894 89 52 aut
409 894 89 52 non
459 894 114 52 verum
535 894 165 52 dixerunt,
649 894 51 52 po

190 933 125 45 terit
274 933 97 45 hoc
329 933 139 45 facere
427 933 251 45 perscrutatione
622 933 84 45 ali-

196 974 123 40 qua,
273 974 123 40 quam
350 974 123 40 modo
427 974 231 40 perscrutati
596 974 108 40 sumus

191 1013 64 54 &
217 1013 77 54 ex
255 1013 115 54 istis
332 1013 192 54 sermonibus,
486 1013 103 54 quos
537 1013 154 54 inuenimus,

249 1052 111 61 Qui
313 1052 159 61 itaque
424 1052 238 61 Pythagorici
598 1052 111 61 appel

190 1100 157 38 lantur,
304 1100 200 38 principiis
461 1100 157 38 quidem,
575 1100 71 38 &
590 1100 114 38 elemen

195 1148 110 46 tis
258 1148 204 46 alieniori
415 1148 125 46 modo
493 1148 110 46 qua
540 1148 157 46 Physiolo

191 1180 80 54 gi
231 1180 159 54 vtuntur.
350 1180 120 54 Causa
430 1180 106 54 vero
496 1180 106 54 est,
563 1180 146 54 quoniam
656 1180 53 54 ea

188 1223 113 42 non
252 1223 97 42 ex
301 1223 259 42 sensibilibus
495 1223 210 42 acceperunt.

188 1267 178 52 Entium
313 1267 142 52 enim
401 1267 142 52 quae
472 1267 231 52 mathematica

195 1307 136 59 sunt,
285 1307 121 59 sine
361 1307 121 59 motu
436 1307 136 59 sunt,
527 1307 166 59 praeter
633 1307 75 59 il-

189 1349 109 45 la,
252 1349 125 45 quae
330 1349 141 45 circa
424 1349 234 45 Astrologiam
596 1349 109 45 sunt,

197 1396 196 39 disputant
348 1396 151 39 tamen,
453 1396 75 39 &
484 1396 181 39 tractant
604 1396 106 39 omnia

195 1444 100 43 de
245 1444 183 43 natura.
378 1444 166 43 etenim
494 1444 199 43 generant
627 1444 83 43 coe

191 1480 126 50 lum,
270 1480 79 50 &
302 1480 142 50 circa
396 1480 126 50 eius
475 1480 221 50 passiones,
632 1480 79 50 par

189 1518 133 48 tes,
273 1518 83 48 &
306 1518 150 48 opera
406 1518 216 48 obseruant
572 1518 133 48 quod
638 1518 67 48 ac

189 1559 161 51 cidit,
301 1559 80 51 &
334 1559 225 51 principia,
510 1559 80 51 &
542 1559 161 51 causas
639 1559 64 51 in

193 1600 121 42 his
262 1600 242 42 consumunt,
452 1600 190 42 tanquam
573 1600 138 42 caete-

196 1645 116 37 ris
263 1645 249 37 Physiologis
462 1645 282 37 conuenientes:

196 1686 135 48 quia
280 1686 151 48 ipsum
381 1686 118 48 ens
449 1686 118 48 hoc
516 1686 135 48 est,
600 1686 135 48 quod

193 1724 177 54 cunque
317 1724 230 54 sensibile
494 1724 141 54 est,
582 1724 88 54 &
600 1724 106 54 quod

195 1764 187 46 continet
336 1764 109 46 id,
398 1764 125 46 quod
476 1764 171 46 vocatur
585 1764 125 46 coelum

246 1806 111 60 Qui
309 1806 126 60 vero
388 1806 189 60 vocantur
530 1806 205 60 Pythagori

189 1853 107 62 ci,
250 1853 168 62 vtuntur
372 1853 229 62 principiis,
555 1853 76 62 &
570 1853 137 62 elemen

722 194 110 65 tis
785 194 125 65 modo
863 194 173 65 diuerso
989 194 94 65 ab
1036 194 110 65 eo,
1099 194 110 65 quo
1162 194 141 65 vtun.
1240 194 47 65 2

729 244 102 62 tur
788 244 189 62 loquentes
933 244 87 62 in
977 244 160 62 natura.
1093 244 87 62 Et
1123 244 116 62 causa-

729 292 83 62 in
771 292 97 62 hoc
826 292 111 62 est,
895 292 111 62 quia
964 292 97 62 non
1020 292 194 62 acceperunt
1158 292 83 62 ista

729 336 90 51 ex
774 336 256 51 sensibilibus.
985 336 226 51 Mathematica
1151 336 90 51 enim

727 389 104 53 sunt
792 389 104 53 sine
857 389 117 53 motu,
936 389 144 53 praeter
1040 389 91 53 ea,
1092 389 104 53 quae
1158 389 104 53 sunt

720 431 96 69 in
768 431 241 69 Astrologia.
961 431 80 69 &
993 431 129 69 isti
1057 431 177 69 disputant

721 485 95 61 et
769 485 206 61 loquuntur
927 485 95 61 de
974 485 174 61 natura,
1101 485 79 61 &
1117 485 127 61 consy-

716 533 160 54 derant
828 533 176 54 coelum,
956 533 80 54 &
988 533 160 54 partes
1100 533 144 54 eins,
1180 533 64 54 et

726 580 200 62 actiones
876 580 83 62 &
910 580 233 62 passiones,
1093 580 83 62 &
1110 580 133 62 conse-

721 629 167 61 quentia
842 629 136 61 ista.
933 629 76 61 &
963 629 121 61 dant
1039 629 121 61 illi
1100 629 136 61 princi-

724 677 129 53 pia,
804 677 80 53 &
836 677 177 53 causas,
965 677 96 53 vt
1013 677 225 53 numerentur
1174 677 64 53 in

716 725 257 53 Naturalibus.
924 725 144 53 entia
1021 725 128 53 enim
1101 725 112 53 non
1149 725 96 53 sunt

729 772 111 64 nisi
799 772 209 64 sensibilia,
966 772 70 64 &
993 772 181 64 accipiunt
1119 772 111 64 illud.

721 820 122 58 quod
797 820 167 58 dicitur
919 820 167 58 coelum.
1040 820 91 58 Et
1086 820 152 58 dicunt
1177 820 61 58 in

722 868 153 62 causis
829 868 92 62 et
875 868 199 62 principus
1028 868 153 62 multos
1120 868 123 62 sermo-

721 917 133 54 nes,
804 917 150 54 sicut
888 917 150 54 diximus

762 968 98 53 Cum
818 968 210 53 declarauit,
986 968 112 53 quod
1056 968 84 53 ex
1084 968 154 53 persruta-

727 1013 108 37 tione
799 1013 96 37 ista
859 1013 120 37 potest
942 1013 96 37 homo
1002 1013 131 37 errorem
1098 1013 108 37 scire
1157 1013 84 37 insto

726 1053 120 49 rum,
801 1053 105 49 qui
861 1053 195 49 admiscent
1012 1053 105 49 duo
1072 1053 150 49 genera
1162 1053 75 49 en-

730 1079 87 62 tium
785 1079 131 62 scilicet
883 1079 142 62 sensibile
992 1079 55 62 &
1014 1079 196 62 intelligibile,
1178 1079 55 62 &
1188 1079 55 62 po-

721 1125 97 45 nunt
781 1125 206 45 intelligibile
951 1125 121 45 causam
1035 1125 181 45 sensibilis,
1181 1125 85 45 in

727 1171 143 38 coepit
827 1171 186 38 declarare
970 1171 115 38 hoc,
1042 1171 72 38 &
1070 1171 86 38 d.
1113 1171 100 38 Qui
1156 1171 86 38 vero

729 1204 163 52 vocantur
852 1204 218 52 Pythagorici,
1028 1204 95 52 &c.
1083 1204 82 52 i.
1124 1204 109 52 quia
1178 1204 68 52 Py-

719 1245 182 49 thagorici
859 1245 182 49 posuerunt
999 1245 140 49 causas
1097 1245 126 49 rerum
1167 1245 70 49 na-

718 1285 169 37 turalium
844 1285 98 37 res
901 1285 98 37 non
957 1285 239 37 conuenientes,
1154 1285 70 37 &
1168 1285 70 37 non

724 1319 215 44 essentiales
896 1319 129 44 rebus
982 1319 229 44 naturalibus.
1154 1319 86 44 D.d.

731 1358 62 52 Et
762 1358 93 52 cauma
824 1358 62 52 in
854 1358 72 52 hoc
896 1358 83 52 est,
947 1358 72 52 &c.
989 1358 62 52 i.
1019 1358 52 52 &
1040 1358 93 52 cauma
1102 1358 62 52 in
1133 1358 83 52 hoc,
1174 1358 62 52 quod

717 1397 151 55 ponunt
823 1397 136 55 rebus
913 1397 226 55 naturalibus
1079 1397 166 55 principia

720 1438 251 51 inconuenientia,
931 1438 106 51 est,
997 1438 106 51 quia
1063 1438 92 51 non
1103 1438 132 51 quaerunt

731 1476 138 57 principia
838 1476 159 57 sensibilium
965 1476 128 57 secundum
1061 1476 85 57 quod
1114 1476 85 57 sunt
1157 1476 74 57 sensi

726 1525 114 42 bilia
802 1525 63 42 &
828 1525 152 42 mobilia,
942 1525 89 42 sed
992 1525 152 42 quaerunt
1094 1525 139 42 principia

730 1552 111 42 eorum
804 1552 74 42 ex
840 1552 111 42 rebus
914 1552 86 42 non
963 1552 160 42 mobilibus
1086 1552 148 42 scilicet
1185 1552 49 42 ma

726 1593 209 51 thematicis,
893 1593 84 51 in
935 1593 139 51 quibus
1033 1593 98 51 non
1089 1593 98 51 est
1130 1593 98 51 motus

785 1629 40 19 ae

724 1631 168 48 praeterqu
853 1631 78 48 in
892 1631 194 48 Astrologia.
1047 1631 90 48 *Et
1099 1631 116 48 debes
1163 1631 65 48 sci

731 1669 86 45 re,
780 1669 98 45 quod
841 1669 111 45 licet
915 1669 148 45 subiecta
1026 1669 185 45 Astrologiae
1161 1669 74 45 sint

724 1716 105 39 mota,
794 1716 140 39 scilicet
900 1716 129 39 corpora
993 1716 164 39 coelestia,
1122 1716 82 39 non
1157 1716 82 39 tamon

726 1749 201 54 consyderat
884 1749 86 54 in
927 1749 100 54 eis
984 1749 201 54 Astrologus
1128 1749 100 54 secur

721 1788 105 53 dum
781 1788 120 53 quod
856 1788 120 53 sunt
931 1788 135 53 mota,
1020 1788 105 53 sed
1065 1788 165 53 consydera

720 1832 83 53 de
762 1832 167 53 siguris,
887 1832 69 53 &
915 1832 153 53 sitibus
1026 1832 125 53 eorum
1095 1832 139 53 secundum

722 1869 230 53 quantatem
899 1869 194 53 motuum,
1041 1869 88 53 &
1058 1869 177 53 secundum
