1475 2066
170 60 343 135 ara,
384 60 428 135 istais

203 180 74 64 &
233 180 133 64 bonum
321 180 177 64 singulis
454 180 133 64 rebus
542 180 88 64 ad
572 180 147 64 aliquid,

207 229 137 61 nuod
293 229 120 61 est
361 229 154 61 bonum
464 229 257 61 vniuersale,
670 229 86 61 &

202 276 140 62 bonum
296 276 234 62 cuiuslibet.
483 276 94 62 Et
530 276 203 62 similiter
671 276 62 62 ex

207 330 117 64 eis,
281 330 117 64 quae
354 330 117 64 sunt
428 330 162 64 cognita
545 330 176 64 singulis
663 330 73 64 re-

210 374 119 60 bus,
284 374 89 60 ad
329 374 237 60 vniuersalia,
521 374 119 60 quae
596 374 119 60 sunt
655 374 74 60 co-

205 436 150 49 gnita
305 436 117 49 per
372 436 200 49 naturam,
522 436 83 49 &
555 436 150 49 erunt
639 436 83 49 co-

213 469 133 67 gnita
302 469 193 67 cuilibet.
450 469 89 67 Et
495 469 133 67 illa,
584 469 119 67 quae
643 469 89 67 sunt

210 517 154 65 cognita
322 517 182 65 cuilibet,
462 517 84 65 in
505 517 140 65 maiori
603 517 140 65 parte,

208 570 115 61 sunt
279 570 143 61 paucae
379 570 215 61 cognitiois,
551 570 100 61 aut
594 570 129 61 paruae,

213 615 95 60 aut
268 615 123 60 nihil
350 615 95 60 est
404 615 82 60 in
445 615 95 60 eis
499 615 82 60 de
540 615 191 60 cognitione
677 615 54 60 en

207 661 116 61 tis.
280 661 102 61 sed
338 661 131 61 tamen
426 661 160 61 necesse
542 661 102 61 est
601 661 87 61 vt
630 661 87 61 scia

202 709 103 63 mus
261 709 88 63 ex
305 709 147 63 istis,
408 709 117 63 quae
481 709 117 63 sunt
555 709 132 63 malae
628 709 103 63 cogni

207 756 164 63 tionis,
326 756 104 63 sed
386 756 149 63 habent
490 756 223 63 cognitionem
654 756 74 63 par

209 805 205 63 ticularem,
370 805 117 63 illa
444 805 117 63 quae
517 805 234 63 cognoscuntur

216 852 121 47 modo
291 852 226 47 vniuersali,
472 852 257 47 transferendo,
669 852 60 47 vt

206 898 144 61 dictum
306 898 115 61 est,
378 898 86 61 de
421 898 130 61 istis
493 898 130 61 eisdem.

251 948 137 46 Idest.
347 948 96 46 Et,
402 948 96 46 cum
457 948 233 46 distinxerimus
635 948 96 46 prius

207 988 156 44 secundum
324 988 104 44 quot
389 988 117 44 modos
467 988 143 44 dicitur
558 988 169 44 substantia,

216 1029 62 39 &
240 1029 175 39 dixerimus,
378 1029 100 39 quod
440 1029 87 39 vna
490 1029 137 39 illarum
590 1029 87 39 est
627 1029 100 39 illud,

218 1070 105 44 quod
284 1070 171 44 inducitur
415 1070 79 44 in
455 1070 158 44 ransione
573 1070 79 44 ad
613 1070 105 44 quid
665 1070 66 44 est

217 1106 109 39 hoc
280 1106 218 39 indiuiduum
451 1106 265 39 demonstratum,
653 1106 78 39 con

210 1149 194 37 syderemus
359 1149 90 37 de
404 1149 105 37 hac
464 1149 224 37 substantia,
643 1149 120 37 quam

212 1178 179 48 significat
353 1178 167 48 definitio
481 1178 103 48 quid
546 1178 103 48 sit.
610 1178 77 48 D.
635 1178 90 48 dici-

218 1221 147 45 causam,
325 1221 147 45 propter
432 1221 107 45 quam
499 1221 161 45 incoepit
606 1221 121 45 persru-

215 1260 102 53 tari
279 1260 76 53 de
317 1260 89 53 hac
368 1260 191 53 substantia,
521 1260 102 53 quae
584 1260 89 53 est
622 1260 102 53 princi

201 1301 107 45 pium
267 1301 147 45 istarum
374 1301 227 45 substantiarum
548 1301 174 45 sensibilium

216 1345 72 45 &
244 1345 143 45 dixit:
345 1345 229 45 consyderemus
531 1345 86 45 in
574 1345 100 45 eo,
632 1345 100 45 &c.
675 1345 57 45 i.

218 1381 137 53 quoniam
317 1381 87 53 ita
367 1381 87 53 est
417 1381 75 53 de
454 1381 174 53 cognitione
579 1381 137 53 speculati

218 1417 71 47 ua
254 1417 71 47 in
289 1417 106 47 istis
360 1417 118 47 rebus,
442 1417 106 47 sicut
513 1417 71 47 de
548 1417 141 47 opatiua,
643 1417 83 47 quida

217 1457 191 50 quemadmodum
370 1457 178 50 artificia,
510 1457 102 50 quae
573 1457 114 50 primo
637 1457 89 50 facta

221 1496 109 42 sunt,
294 1496 158 42 transfert
415 1496 133 42 artifex
512 1496 73 42 ab
548 1496 85 42 eis
597 1496 73 42 ad
621 1496 97 42 artifi

218 1533 129 55 ciata,
308 1533 103 55 quae
373 1533 103 55 sunt
437 1533 206 55 manifestiora
604 1533 103 55 apud
656 1533 77 55 arti

216 1574 159 45 ficium,
331 1574 101 45 cum
389 1574 116 45 illa
462 1574 116 45 sint
519 1574 203 45 manifestiore

216 1612 112 55 apud
286 1612 112 55 nos,
356 1612 98 55 ita
412 1612 98 55 est
468 1612 84 55 de
510 1612 196 55 cognitione
650 1612 70 55 spe

217 1653 182 44 culatiua.
357 1653 84 44 Et
399 1653 98 44 hoc
455 1653 196 44 intendebat
609 1653 98 44 cum
651 1653 70 44 dif

220 1692 101 38 xit:
283 1692 63 38 &
308 1692 163 38 similiter
434 1692 88 38 est
484 1692 75 38 de
522 1692 163 38 doctrina.
648 1692 63 38 &
660 1692 63 38 si-

222 1733 135 51 militer
320 1733 86 51 est
369 1733 159 51 processus
491 1733 159 51 doctrinae
614 1733 74 51 in
638 1733 86 51 omni-

215 1772 92 38 bus
267 1772 184 38 scientiis,
412 1772 197 38 praeterquam
570 1772 79 38 in
596 1772 132 38 Mathema-

217 1809 84 57 ticis
273 1809 112 57 scilicet
356 1809 74 57 quod
403 1809 56 57 in
431 1809 158 57 eisproceditur
561 1809 56 57 ex
589 1809 74 57 eis,
636 1809 74 57 quae
673 1809 65 57 sunt,

742 141 163 48 maioris
861 141 222 48 cognitionis
1038 141 118 48 apud
1112 141 118 48 nos,
1186 141 74 48 &
1201 141 74 48 mi-

752 174 119 53 noris
831 174 199 53 cognitionis
990 174 106 53 apud
1057 174 159 53 naturam,
1176 174 80 53 ad
1203 174 66 53 il-

751 212 93 54 la,
804 212 106 54 quae
870 212 106 54 sunt
937 212 146 54 maioris
1043 212 199 54 cognitionis
1189 212 80 54 apud

749 253 158 51 naturam.
867 253 66 51 &
894 253 79 51 ab
933 253 92 51 hoc
986 253 158 51 incoepit
1105 253 132 51 librum
1184 253 79 51 suum

753 293 69 49 in
787 293 149 49 Physicis.
902 293 92 49 D.d.
959 293 57 49 &
982 293 149 49 similiter
1097 293 80 49 est
1143 293 69 49 in
1166 293 92 49 opeta-

745 333 131 42 tione,
836 333 92 42 &c.
889 333 78 42 i.
928 333 65 42 &
954 333 183 42 substantia
1098 333 78 42 in
1124 333 144 42 operatio-

745 370 102 40 nibus
812 370 124 40 humanis
903 370 135 40 scilicet
1004 370 158 40 artificiis
1129 370 135 40 actiuis,
1219 370 45 40 vt

750 410 84 52 in
792 410 112 52 arte
862 410 182 52 regiminis
1002 410 196 52 ciuitatum,
1157 410 70 52 &
1185 410 84 52 in
1213 410 56 52 ar

749 452 81 38 te
790 452 190 38 medicandi.
939 452 109 38 ista
1007 452 109 38 enim
1075 452 95 38 non
1116 452 149 38 inueniunt

752 487 106 43 bonum
823 487 177 43 vniversale,
964 487 94 43 nisi
1023 487 71 43 ex
1058 487 118 43 rebus,
1141 487 94 43 quae
1188 487 82 43 sunt,

751 525 115 46 bonae
828 525 166 46 vnicuique
956 525 154 46 hominum,
1071 525 90 46 cum
1122 525 115 46 istae
1186 525 77 46 sunt

749 564 238 52 manifestiores
945 564 112 52 apud
1015 564 112 52 nos.
1085 564 112 52 D.d.
1155 564 84 52 Et
1183 564 70 52 si-

747 612 144 46 militer
851 612 78 46 ex
891 612 104 46 eis,
956 612 104 46 quae
1021 612 104 46 sunt
1086 612 157 46 cognita,
1191 612 65 46 &c.

750 645 77 52 i.
789 645 64 52 &
814 645 167 52 similiter
943 645 218 52 transferuntur
1123 645 77 52 de
1148 645 103 52 cogni-

746 686 131 50 tione
834 686 218 50 singularium
1008 686 145 50 rerum,
1110 686 116 50 quae
1168 686 87 50 sunt

743 720 252 42 manifestiores
951 720 119 42 apud
1025 720 119 42 nos,
1100 720 89 42 ad
1129 720 119 42 vniuer

744 760 134 53 salia,
837 760 107 53 quae
904 760 107 53 sunt
971 760 214 53 manifestiora
1144 760 107 53 apud
1198 760 53 53 na

743 801 144 51 turam.
843 801 115 51 D.d.
915 801 72 51 &
944 801 129 51 erunt
1030 801 158 51 cognita
1131 801 115 51 cuili-

753 838 91 44 bet.
810 838 68 44 i.
844 838 57 44 &
866 838 68 44 in
901 838 137 44 postremo
1003 838 102 44 erunt
1071 838 171 44 vniversalia
1196 838 46 44 co

745 875 117 55 gnita
823 875 170 55 cuilibet,
954 875 104 55 quia
1019 875 209 55 particularia
1176 875 78 55 sunt

751 923 130 45 cognita
846 923 154 45 cuilibet.
964 923 94 45 D.d.
1023 923 71 45 Et
1058 923 106 45 illa,
1129 923 94 45 quae
1188 923 94 45 sunt

752 963 132 44 cognita
848 963 144 44 cuilibet
956 963 84 44 &c.
1004 963 72 44 i.
1041 963 60 44 &
1065 963 108 44 illa,
1137 963 96 44 quae
1185 963 72 44 sunt

747 997 156 45 cognita
860 997 170 45 cuilibet
988 997 113 45 sunt
1059 997 142 45 paucae
1158 997 71 45 &
1172 997 85 45 par-

755 1037 87 51 uae
804 1037 187 51 cognitionis
954 1037 75 51 in
991 1037 150 51 respectu
1103 1037 125 51 eorum,
1178 1037 75 51 quae

741 1071 118 52 sunt
815 1071 162 52 cognita
933 1071 118 52 apud
1007 1071 118 52 nam.
1081 1071 118 52 D.d.
1155 1071 103 52 aut
1199 1071 59 52 ni

748 1108 87 46 hil
797 1108 87 46 est
847 1108 75 46 in
885 1108 87 46 eis
934 1108 75 46 de
972 1108 249 46 cognitioncentis.
1183 1108 75 46 i.
1221 1108 62 46 &

750 1149 79 52 in
789 1149 106 52 eis,
855 1149 106 52 quae
921 1149 106 52 sunt
987 1149 119 52 prima
1066 1149 145 52 cognita
1172 1149 66 52 a
1185 1149 66 52 no-

747 1189 102 45 bis,
811 1189 90 45 aut
862 1189 115 45 nihil
939 1189 90 45 est
990 1189 77 45 de
1029 1189 179 45 cognitione
1157 1189 102 45 entis,

747 1225 76 54 aut
790 1225 119 54 modicum
877 1225 130 54 scilicet
974 1225 65 54 ex
1006 1225 76 54 eis
1050 1225 151 54 peruenitur
1168 1225 65 54 ad
1190 1225 54 54 co-

740 1265 172 48 gnitionem
872 1265 159 48 perfecti
991 1265 132 48 entis.
1083 1265 106 48 D.d.
1149 1265 92 48 sed
1189 1265 66 48 ta-

752 1303 90 51 men
804 1303 142 51 necesse
907 1303 103 51 est,
971 1303 90 51 &c.
1023 1303 77 51 i.
1062 1303 90 51 sed
1113 1303 129 51 tamen,
1191 1303 64 51 cum

747 1343 196 51 impossibile
904 1343 92 51 sit
956 1343 118 51 aliud
1035 1343 78 51 ab
1074 1343 105 51 hoc,
1126 1343 131 51 necesse-

744 1382 128 52 scire
829 1382 86 52 ex
872 1382 114 52 eis,
943 1382 114 52 quae
1015 1382 114 52 sunt
1086 1382 114 52 male
1143 1382 100 52 cogni

746 1429 155 46 tionis,
859 1429 113 46 quia
929 1429 141 46 habent
1028 1429 212 46 cognitionem
1183 1429 71 46 par

744 1460 189 54 ticularem
890 1460 87 54 ad
933 1460 131 54 illa,
1021 1460 116 54 quae
1079 1460 174 54 cognoscun-

747 1501 79 52 tur
792 1501 79 52 per
837 1501 169 52 cognitionem
972 1501 180 52 vniuersalem,
1107 1501 135 52 transferen

741 1541 83 52 do
783 1541 83 52 de
824 1541 193 52 cognitione
976 1541 207 52 naturalirer
1128 1541 124 52 istarum

742 1577 254 41 substantiarum
952 1577 225 41 sensibilium
1131 1577 90 41 ad
1161 1577 90 41 sub-

747 1615 172 56 stantiam
876 1615 201 56 simplrcem,
1033 1615 115 56 quae
1090 1615 158 56 cognosci-

746 1656 88 42 tur
797 1656 101 42 modo
860 1656 189 42 vniuersali,
1011 1656 151 42 scilicet
1124 1656 101 42 quae
1174 1656 76 42 con-

749 1701 131 37 tinet
837 1701 131 37 omnes
910 1701 204 37 substantias,

779 1764 105 47 At
831 1764 157 47 primo
936 1764 192 47 quaedam
1075 1764 105 47 de
1128 1764 105 47 eo
1163 1764 87 47 lo-

739 1809 118 58 gice
813 1809 176 58 dicamus,
945 1809 118 58 quod
1019 1809 132 58 illud
1107 1809 118 58 est:
1166 1809 88 58 quod
