<?xml version="1.0" encoding="UTF-8"?>
<alto xmlns:xsi="http://www.w3.org/2001/XMLSchema-instance"
      xmlns="http://www.loc.gov/standards/alto/ns-v2#"
      xmlns:page="http://schema.primaresearch.org/PAGE/gts/pagecontent/2013-07-15"
      xsi:schemaLocation="http://www.loc.gov/standards/alto/ns-v2# http://www.loc.gov/standards/alto/alto.xsd">
   <Description>
      <MeasurementUnit>pixel</MeasurementUnit>
      <OCRProcessing ID="IdOcr">
         <ocrProcessingStep>
            <processingDateTime>2020-11-21T10:32:24.343-05:00</processingDateTime>
            <processingSoftware>
               <softwareCreator>READ COOP</softwareCreator>
               <softwareName>Transkribus</softwareName>
            </processingSoftware>
         </ocrProcessingStep>
      </OCRProcessing>
   </Description>
   <Tags/>
   <Layout>
      <Page ID="Page1" PHYSICAL_IMG_NR="1" HEIGHT="2066" WIDTH="1475">
         <TopMargin HEIGHT="0" WIDTH="1475" VPOS="0" HPOS="0"/>
         <LeftMargin HEIGHT="2066" WIDTH="0" VPOS="0" HPOS="0"/>
         <RightMargin HEIGHT="2066" WIDTH="0" VPOS="0" HPOS="1475"/>
         <BottomMargin HEIGHT="0" WIDTH="1475" VPOS="2066" HPOS="0"/>
         <PrintSpace HEIGHT="2066" WIDTH="1475" VPOS="0" HPOS="0">
            <TextBlock ID="TextRegion_1604413304303_55"
                       HEIGHT="1813"
                       WIDTH="531"
                       VPOS="97"
                       HPOS="206">
               <Shape>
                  <Polygon POINTS="206,97 737,97 737,1910 206,1910"/>
               </Shape>
               <TextLine ID="line_1604413269089_13"
                         BASELINE="189"
                         HEIGHT="56"
                         WIDTH="522"
                         VPOS="133"
                         HPOS="201">
                  <String HEIGHT="56" WIDTH="68" VPOS="133" HPOS="190" CONTENT="ex"/>
                  <SP HEIGHT="56" WIDTH="11" VPOS="133" HPOS="258"/>
                  <String HEIGHT="56" WIDTH="91" VPOS="133" HPOS="224" CONTENT="eis,"/>
                  <SP HEIGHT="56" WIDTH="11" VPOS="133" HPOS="314"/>
                  <String HEIGHT="56" WIDTH="68" VPOS="133" HPOS="280" CONTENT="et"/>
                  <SP HEIGHT="56" WIDTH="11" VPOS="133" HPOS="349"/>
                  <String HEIGHT="56" WIDTH="91" VPOS="133" HPOS="314" CONTENT="vnum"/>
                  <SP HEIGHT="56" WIDTH="11" VPOS="133" HPOS="405"/>
                  <String HEIGHT="56"
                          WIDTH="204"
                          VPOS="133"
                          HPOS="371"
                          CONTENT="essentialiter."/>
                  <SP HEIGHT="56" WIDTH="11" VPOS="133" HPOS="575"/>
                  <String HEIGHT="56" WIDTH="68" VPOS="133" HPOS="541" CONTENT="Si"/>
                  <SP HEIGHT="56" WIDTH="11" VPOS="133" HPOS="610"/>
                  <String HEIGHT="56"
                          WIDTH="113"
                          VPOS="133"
                          HPOS="575"
                          CONTENT="igitur"/>
                  <SP HEIGHT="56" WIDTH="11" VPOS="133" HPOS="689"/>
                  <String HEIGHT="56"
                          WIDTH="79"
                          VPOS="133"
                          HPOS="644"
                          CONTENT="diuer"/>
               </TextLine>
               <TextLine ID="r3l4"
                         BASELINE="220"
                         HEIGHT="39"
                         WIDTH="513"
                         VPOS="181"
                         HPOS="206">
                  <String HEIGHT="39" WIDTH="83" VPOS="181" HPOS="192" CONTENT="sa"/>
                  <SP HEIGHT="39" WIDTH="14" VPOS="181" HPOS="275"/>
                  <String HEIGHT="39"
                          WIDTH="194"
                          VPOS="181"
                          HPOS="234"
                          CONTENT="accidentia"/>
                  <SP HEIGHT="39" WIDTH="14" VPOS="181" HPOS="428"/>
                  <String HEIGHT="39"
                          WIDTH="194"
                          VPOS="181"
                          HPOS="386"
                          CONTENT="existentia"/>
                  <SP HEIGHT="39" WIDTH="14" VPOS="181" HPOS="580"/>
                  <String HEIGHT="39" WIDTH="83" VPOS="181" HPOS="539" CONTENT="in"/>
                  <SP HEIGHT="39" WIDTH="14" VPOS="181" HPOS="622"/>
                  <String HEIGHT="39"
                          WIDTH="139"
                          VPOS="181"
                          HPOS="580"
                          CONTENT="aliquo"/>
                  <SP HEIGHT="39" WIDTH="14" VPOS="181" HPOS="719"/>
                  <String HEIGHT="39" WIDTH="55" VPOS="181" HPOS="664" CONTENT="de"/>
               </TextLine>
               <TextLine ID="r3l6"
                         BASELINE="258"
                         HEIGHT="33"
                         WIDTH="506"
                         VPOS="225"
                         HPOS="204">
                  <String HEIGHT="33"
                          WIDTH="146"
                          VPOS="225"
                          HPOS="191"
                          CONTENT="clarant"/>
                  <SP HEIGHT="33" WIDTH="13" VPOS="225" HPOS="337"/>
                  <String HEIGHT="33"
                          WIDTH="200"
                          VPOS="225"
                          HPOS="297"
                          CONTENT="substantiam"/>
                  <SP HEIGHT="33" WIDTH="13" VPOS="225" HPOS="497"/>
                  <String HEIGHT="33"
                          WIDTH="146"
                          VPOS="225"
                          HPOS="457"
                          CONTENT="illius,"/>
                  <SP HEIGHT="33" WIDTH="13" VPOS="225" HPOS="603"/>
                  <String HEIGHT="33"
                          WIDTH="120"
                          VPOS="225"
                          HPOS="564"
                          CONTENT="erunt"/>
                  <SP HEIGHT="33" WIDTH="13" VPOS="225" HPOS="683"/>
                  <String HEIGHT="33" WIDTH="80" VPOS="225" HPOS="630" CONTENT="eius"/>
               </TextLine>
               <TextLine ID="r3l9"
                         BASELINE="298"
                         HEIGHT="31"
                         WIDTH="495"
                         VPOS="267"
                         HPOS="212">
                  <String HEIGHT="31" WIDTH="102" VPOS="267" HPOS="197" CONTENT="dem"/>
                  <SP HEIGHT="31" WIDTH="15" VPOS="267" HPOS="299"/>
                  <String HEIGHT="31"
                          WIDTH="116"
                          VPOS="267"
                          HPOS="256"
                          CONTENT="rei,"/>
                  <SP HEIGHT="31" WIDTH="15" VPOS="267" HPOS="372"/>
                  <String HEIGHT="31" WIDTH="73" VPOS="267" HPOS="328" CONTENT="&amp;"/>
                  <SP HEIGHT="31" WIDTH="15" VPOS="267" HPOS="401"/>
                  <String HEIGHT="31"
                          WIDTH="175"
                          VPOS="267"
                          HPOS="358"
                          CONTENT="naturae."/>
                  <SP HEIGHT="31" WIDTH="15" VPOS="267" HPOS="532"/>
                  <String HEIGHT="31" WIDTH="87" VPOS="267" HPOS="489" CONTENT="Et"/>
                  <SP HEIGHT="31" WIDTH="15" VPOS="267" HPOS="576"/>
                  <String HEIGHT="31" WIDTH="102" VPOS="267" HPOS="532" CONTENT="hoc"/>
                  <SP HEIGHT="31" WIDTH="15" VPOS="267" HPOS="634"/>
                  <String HEIGHT="31"
                          WIDTH="131"
                          VPOS="267"
                          HPOS="576"
                          CONTENT="intende"/>
               </TextLine>
               <TextLine ID="r3l11"
                         BASELINE="352"
                         HEIGHT="54"
                         WIDTH="500"
                         VPOS="298"
                         HPOS="213">
                  <String HEIGHT="54" WIDTH="90" VPOS="298" HPOS="200" CONTENT="bat"/>
                  <SP HEIGHT="54" WIDTH="13" VPOS="298" HPOS="290"/>
                  <String HEIGHT="54" WIDTH="90" VPOS="298" HPOS="251" CONTENT="cum"/>
                  <SP HEIGHT="54" WIDTH="13" VPOS="298" HPOS="341"/>
                  <String HEIGHT="54"
                          WIDTH="128"
                          VPOS="298"
                          HPOS="303"
                          CONTENT="dixit:"/>
                  <SP HEIGHT="54" WIDTH="13" VPOS="298" HPOS="431"/>
                  <String HEIGHT="54"
                          WIDTH="141"
                          VPOS="298"
                          HPOS="392"
                          CONTENT="Aliquid"/>
                  <SP HEIGHT="54" WIDTH="13" VPOS="298" HPOS="534"/>
                  <String HEIGHT="54"
                          WIDTH="103"
                          VPOS="298"
                          HPOS="495"
                          CONTENT="enim"/>
                  <SP HEIGHT="54" WIDTH="13" VPOS="298" HPOS="598"/>
                  <String HEIGHT="54"
                          WIDTH="103"
                          VPOS="298"
                          HPOS="559"
                          CONTENT="esse"/>
                  <SP HEIGHT="54" WIDTH="13" VPOS="298" HPOS="662"/>
                  <String HEIGHT="54" WIDTH="77" VPOS="298" HPOS="623" CONTENT="in"/>
                  <SP HEIGHT="54" WIDTH="13" VPOS="298" HPOS="700"/>
                  <String HEIGHT="54"
                          WIDTH="64"
                          VPOS="298"
                          HPOS="649"
                          CONTENT="lo"
                          SUBS_TYPE="HypPart1"
                          SUBS_CONTENT="loco,"/>
                  <HYP CONTENT="-"/>
               </TextLine>
               <TextLine ID="r3l13"
                         BASELINE="381"
                         HEIGHT="40"
                         WIDTH="500"
                         VPOS="341"
                         HPOS="214">
                  <String HEIGHT="40"
                          WIDTH="85"
                          VPOS="341"
                          HPOS="202"
                          CONTENT="co,"
                          SUBS_TYPE="HypPart2"
                          SUBS_CONTENT="loco,"/>
                  <SP HEIGHT="40" WIDTH="12" VPOS="341" HPOS="287"/>
                  <String HEIGHT="40" WIDTH="85" VPOS="341" HPOS="251" CONTENT="&amp;c."/>
                  <SP HEIGHT="40" WIDTH="12" VPOS="341" HPOS="336"/>
                  <String HEIGHT="40" WIDTH="73" VPOS="341" HPOS="299" CONTENT="i."/>
                  <SP HEIGHT="40" WIDTH="12" VPOS="341" HPOS="373"/>
                  <String HEIGHT="40" WIDTH="61" VPOS="341" HPOS="336" CONTENT="&amp;"/>
                  <SP HEIGHT="40" WIDTH="12" VPOS="341" HPOS="397"/>
                  <String HEIGHT="40" WIDTH="73" VPOS="341" HPOS="360" CONTENT="si"/>
                  <SP HEIGHT="40" WIDTH="12" VPOS="341" HPOS="434"/>
                  <String HEIGHT="40"
                          WIDTH="134"
                          VPOS="341"
                          HPOS="397"
                          CONTENT="aliquis"/>
                  <SP HEIGHT="40" WIDTH="12" VPOS="341" HPOS="531"/>
                  <String HEIGHT="40"
                          WIDTH="195"
                          VPOS="341"
                          HPOS="494"
                          CONTENT="interrogauit"/>
                  <SP HEIGHT="40" WIDTH="12" VPOS="341" HPOS="690"/>
                  <String HEIGHT="40" WIDTH="73" VPOS="341" HPOS="641" CONTENT="quid"/>
               </TextLine>
               <TextLine ID="r3l15"
                         BASELINE="418"
                         HEIGHT="42"
                         WIDTH="506"
                         VPOS="376"
                         HPOS="210">
                  <String HEIGHT="42" WIDTH="89" VPOS="376" HPOS="197" CONTENT="est"/>
                  <SP HEIGHT="42" WIDTH="13" VPOS="376" HPOS="286"/>
                  <String HEIGHT="42" WIDTH="89" VPOS="376" HPOS="248" CONTENT="hoc"/>
                  <SP HEIGHT="42" WIDTH="13" VPOS="376" HPOS="337"/>
                  <String HEIGHT="42"
                          WIDTH="215"
                          VPOS="376"
                          HPOS="299"
                          CONTENT="demonstratum,"/>
                  <SP HEIGHT="42" WIDTH="13" VPOS="376" HPOS="514"/>
                  <String HEIGHT="42" WIDTH="63" VPOS="376" HPOS="476" CONTENT="&amp;"/>
                  <SP HEIGHT="42" WIDTH="13" VPOS="376" HPOS="539"/>
                  <String HEIGHT="42"
                          WIDTH="190"
                          VPOS="376"
                          HPOS="501"
                          CONTENT="responderit"/>
                  <SP HEIGHT="42" WIDTH="13" VPOS="376" HPOS="691"/>
                  <String HEIGHT="42" WIDTH="76" VPOS="376" HPOS="640" CONTENT="quis"/>
               </TextLine>
               <TextLine ID="r3l17"
                         BASELINE="463"
                         HEIGHT="46"
                         WIDTH="510"
                         VPOS="417"
                         HPOS="213">
                  <String HEIGHT="46"
                          WIDTH="107"
                          VPOS="417"
                          HPOS="200"
                          CONTENT="quod"/>
                  <SP HEIGHT="46" WIDTH="13" VPOS="417" HPOS="307"/>
                  <String HEIGHT="46" WIDTH="94" VPOS="417" HPOS="267" CONTENT="est"/>
                  <SP HEIGHT="46" WIDTH="13" VPOS="417" HPOS="361"/>
                  <String HEIGHT="46" WIDTH="94" VPOS="417" HPOS="320" CONTENT="hoc"/>
                  <SP HEIGHT="46" WIDTH="13" VPOS="417" HPOS="414"/>
                  <String HEIGHT="46" WIDTH="81" VPOS="417" HPOS="374" CONTENT="in"/>
                  <SP HEIGHT="46" WIDTH="13" VPOS="417" HPOS="455"/>
                  <String HEIGHT="46"
                          WIDTH="107"
                          VPOS="417"
                          HPOS="414"
                          CONTENT="loco"/>
                  <SP HEIGHT="46" WIDTH="13" VPOS="417" HPOS="522"/>
                  <String HEIGHT="46" WIDTH="94" VPOS="417" HPOS="481" CONTENT="pro"/>
                  <SP HEIGHT="46" WIDTH="13" VPOS="417" HPOS="575"/>
                  <String HEIGHT="46"
                          WIDTH="201"
                          VPOS="417"
                          HPOS="535"
                          CONTENT="definitione"/>
                  <SP HEIGHT="46" WIDTH="13" VPOS="417" HPOS="736"/>
                  <String HEIGHT="46" WIDTH="40" VPOS="417" HPOS="683" CONTENT="&amp;"/>
               </TextLine>
               <TextLine ID="r3l19"
                         BASELINE="507"
                         HEIGHT="51"
                         WIDTH="501"
                         VPOS="456"
                         HPOS="216">
                  <String HEIGHT="51"
                          WIDTH="90"
                          VPOS="456"
                          HPOS="206"
                          CONTENT="alius"/>
                  <SP HEIGHT="51" WIDTH="10" VPOS="456" HPOS="296"/>
                  <String HEIGHT="51"
                          WIDTH="140"
                          VPOS="456"
                          HPOS="266"
                          CONTENT="rainderit,"/>
                  <SP HEIGHT="51" WIDTH="10" VPOS="456" HPOS="406"/>
                  <String HEIGHT="51" WIDTH="80" VPOS="456" HPOS="376" CONTENT="quod"/>
                  <SP HEIGHT="51" WIDTH="10" VPOS="456" HPOS="456"/>
                  <String HEIGHT="51" WIDTH="70" VPOS="456" HPOS="426" CONTENT="est"/>
                  <SP HEIGHT="51" WIDTH="10" VPOS="456" HPOS="497"/>
                  <String HEIGHT="51"
                          WIDTH="120"
                          VPOS="456"
                          HPOS="467"
                          CONTENT="musicus,"/>
                  <SP HEIGHT="51" WIDTH="10" VPOS="456" HPOS="587"/>
                  <String HEIGHT="51" WIDTH="70" VPOS="456" HPOS="557" CONTENT="pro"/>
                  <SP HEIGHT="51" WIDTH="10" VPOS="456" HPOS="627"/>
                  <String HEIGHT="51"
                          WIDTH="130"
                          VPOS="456"
                          HPOS="587"
                          CONTENT="definitione"/>
               </TextLine>
               <TextLine ID="r3l20"
                         BASELINE="539"
                         HEIGHT="42"
                         WIDTH="497"
                         VPOS="497"
                         HPOS="215">
                  <String HEIGHT="42"
                          WIDTH="102"
                          VPOS="497"
                          HPOS="202"
                          CONTENT="est,"/>
                  <SP HEIGHT="42" WIDTH="13" VPOS="497" HPOS="304"/>
                  <String HEIGHT="42"
                          WIDTH="102"
                          VPOS="497"
                          HPOS="266"
                          CONTENT="tunc"/>
                  <SP HEIGHT="42" WIDTH="13" VPOS="497" HPOS="368"/>
                  <String HEIGHT="42"
                          WIDTH="115"
                          VPOS="497"
                          HPOS="330"
                          CONTENT="esset"/>
                  <SP HEIGHT="42" WIDTH="13" VPOS="497" HPOS="444"/>
                  <String HEIGHT="42"
                          WIDTH="166"
                          VPOS="497"
                          HPOS="406"
                          CONTENT="possibile"/>
                  <SP HEIGHT="42" WIDTH="13" VPOS="497" HPOS="572"/>
                  <String HEIGHT="42" WIDTH="76" VPOS="497" HPOS="534" CONTENT="vt"/>
                  <SP HEIGHT="42" WIDTH="13" VPOS="497" HPOS="610"/>
                  <String HEIGHT="42"
                          WIDTH="127"
                          VPOS="497"
                          HPOS="572"
                          CONTENT="natura"/>
                  <SP HEIGHT="42" WIDTH="13" VPOS="497" HPOS="699"/>
                  <String HEIGHT="42" WIDTH="64" VPOS="497" HPOS="648" CONTENT="mus"/>
               </TextLine>
               <TextLine ID="r3l22"
                         BASELINE="578"
                         HEIGHT="43"
                         WIDTH="508"
                         VPOS="535"
                         HPOS="211">
                  <String HEIGHT="43" WIDTH="94" VPOS="535" HPOS="198" CONTENT="ci,"/>
                  <SP HEIGHT="43" WIDTH="13" VPOS="535" HPOS="291"/>
                  <String HEIGHT="43" WIDTH="67" VPOS="535" HPOS="251" CONTENT="&amp;"/>
                  <SP HEIGHT="43" WIDTH="13" VPOS="535" HPOS="318"/>
                  <String HEIGHT="43" WIDTH="94" VPOS="535" HPOS="278" CONTENT="vbi"/>
                  <SP HEIGHT="43" WIDTH="13" VPOS="535" HPOS="371"/>
                  <String HEIGHT="43"
                          WIDTH="120"
                          VPOS="535"
                          HPOS="331"
                          CONTENT="esset"/>
                  <SP HEIGHT="43" WIDTH="13" VPOS="535" HPOS="452"/>
                  <String HEIGHT="43"
                          WIDTH="120"
                          VPOS="535"
                          HPOS="412"
                          CONTENT="idem:"/>
                  <SP HEIGHT="43" WIDTH="13" VPOS="535" HPOS="532"/>
                  <String HEIGHT="43"
                          WIDTH="107"
                          VPOS="535"
                          HPOS="492"
                          CONTENT="quod"/>
                  <SP HEIGHT="43" WIDTH="13" VPOS="535" HPOS="599"/>
                  <String HEIGHT="43" WIDTH="94" VPOS="535" HPOS="559" CONTENT="non"/>
                  <SP HEIGHT="43" WIDTH="13" VPOS="535" HPOS="652"/>
                  <String HEIGHT="43"
                          WIDTH="107"
                          VPOS="535"
                          HPOS="612"
                          CONTENT="est."/>
                  <SP HEIGHT="43" WIDTH="13" VPOS="535" HPOS="719"/>
                  <String HEIGHT="43" WIDTH="67" VPOS="535" HPOS="679" CONTENT="&amp;"/>
                  <SP HEIGHT="43" WIDTH="13" VPOS="535" HPOS="746"/>
                  <String HEIGHT="43" WIDTH="27" VPOS="535" HPOS="692" CONTENT=""/>
               </TextLine>
               <TextLine ID="r3l25"
                         BASELINE="626"
                         HEIGHT="46"
                         WIDTH="504"
                         VPOS="580"
                         HPOS="210">
                  <String HEIGHT="46"
                          WIDTH="172"
                          VPOS="580"
                          HPOS="198"
                          CONTENT="vniversale"/>
                  <SP HEIGHT="46" WIDTH="12" VPOS="580" HPOS="370"/>
                  <String HEIGHT="46" WIDTH="74" VPOS="580" HPOS="333" CONTENT="ex"/>
                  <SP HEIGHT="46" WIDTH="12" VPOS="580" HPOS="407"/>
                  <String HEIGHT="46" WIDTH="86" VPOS="580" HPOS="370" CONTENT="hac"/>
                  <SP HEIGHT="46" WIDTH="12" VPOS="580" HPOS="456"/>
                  <String HEIGHT="46"
                          WIDTH="160"
                          VPOS="580"
                          HPOS="419"
                          CONTENT="positione"/>
                  <SP HEIGHT="46" WIDTH="12" VPOS="580" HPOS="579"/>
                  <String HEIGHT="46"
                          WIDTH="111"
                          VPOS="580"
                          HPOS="542"
                          CONTENT="nouem"/>
                  <SP HEIGHT="46" WIDTH="12" VPOS="580" HPOS="653"/>
                  <String HEIGHT="46"
                          WIDTH="111"
                          VPOS="580"
                          HPOS="603"
                          CONTENT="praedi"
                          SUBS_TYPE="HypPart1"
                          SUBS_CONTENT="praedicamenta"/>
                  <HYP CONTENT="-"/>
               </TextLine>
               <TextLine ID="r3l27"
                         BASELINE="658"
                         HEIGHT="46"
                         WIDTH="508"
                         VPOS="612"
                         HPOS="208">
                  <String HEIGHT="46"
                          WIDTH="169"
                          VPOS="612"
                          HPOS="193"
                          CONTENT="camenta"
                          SUBS_TYPE="HypPart2"
                          SUBS_CONTENT="praedicamenta"/>
                  <SP HEIGHT="46" WIDTH="15" VPOS="612" HPOS="362"/>
                  <String HEIGHT="46"
                          WIDTH="154"
                          VPOS="612"
                          HPOS="316"
                          CONTENT="essent"/>
                  <SP HEIGHT="46" WIDTH="15" VPOS="612" HPOS="470"/>
                  <String HEIGHT="46"
                          WIDTH="169"
                          VPOS="612"
                          HPOS="424"
                          CONTENT="eiusdem"/>
                  <SP HEIGHT="46" WIDTH="15" VPOS="612" HPOS="593"/>
                  <String HEIGHT="46"
                          WIDTH="185"
                          VPOS="612"
                          HPOS="547"
                          CONTENT="naturae,"/>
                  <SP HEIGHT="46" WIDTH="15" VPOS="612" HPOS="731"/>
                  <String HEIGHT="46" WIDTH="46" VPOS="612" HPOS="670" CONTENT="i"/>
               </TextLine>
               <TextLine ID="r3l28"
                         BASELINE="706"
                         HEIGHT="49"
                         WIDTH="510"
                         VPOS="657"
                         HPOS="211">
                  <String HEIGHT="49"
                          WIDTH="119"
                          VPOS="657"
                          HPOS="200"
                          CONTENT="naturae"/>
                  <SP HEIGHT="49" WIDTH="11" VPOS="657" HPOS="320"/>
                  <String HEIGHT="49"
                          WIDTH="174"
                          VPOS="657"
                          HPOS="287"
                          CONTENT="substantiae:"/>
                  <SP HEIGHT="49" WIDTH="11" VPOS="657" HPOS="461"/>
                  <String HEIGHT="49"
                          WIDTH="119"
                          VPOS="657"
                          HPOS="428"
                          CONTENT="quoniam"/>
                  <SP HEIGHT="49" WIDTH="11" VPOS="657" HPOS="547"/>
                  <String HEIGHT="49"
                          WIDTH="130"
                          VPOS="657"
                          HPOS="515"
                          CONTENT="secundum"/>
                  <SP HEIGHT="49" WIDTH="11" VPOS="657" HPOS="645"/>
                  <String HEIGHT="49" WIDTH="76" VPOS="657" HPOS="612" CONTENT="hoc"/>
                  <SP HEIGHT="49" WIDTH="11" VPOS="657" HPOS="688"/>
                  <String HEIGHT="49"
                          WIDTH="76"
                          VPOS="657"
                          HPOS="645"
                          CONTENT="erunt"/>
               </TextLine>
               <TextLine ID="r3l30"
                         BASELINE="730"
                         HEIGHT="38"
                         WIDTH="501"
                         VPOS="692"
                         HPOS="212">
                  <String HEIGHT="38"
                          WIDTH="211"
                          VPOS="692"
                          HPOS="199"
                          CONTENT="differentiae"/>
                  <SP HEIGHT="38" WIDTH="13" VPOS="692" HPOS="410"/>
                  <String HEIGHT="38"
                          WIDTH="237"
                          VPOS="692"
                          HPOS="370"
                          CONTENT="substantiales."/>
                  <SP HEIGHT="38" WIDTH="13" VPOS="692" HPOS="608"/>
                  <String HEIGHT="38" WIDTH="66" VPOS="692" HPOS="568" CONTENT="&amp;"/>
                  <SP HEIGHT="38" WIDTH="13" VPOS="692" HPOS="634"/>
                  <String HEIGHT="38"
                          WIDTH="105"
                          VPOS="692"
                          HPOS="594"
                          CONTENT="ideo"/>
                  <SP HEIGHT="38" WIDTH="13" VPOS="692" HPOS="700"/>
                  <String HEIGHT="38"
                          WIDTH="66"
                          VPOS="692"
                          HPOS="647"
                          CONTENT="di"
                          SUBS_TYPE="HypPart1"
                          SUBS_CONTENT="dixit:"/>
                  <HYP CONTENT="-"/>
               </TextLine>
               <TextLine ID="r3l33"
                         BASELINE="771"
                         HEIGHT="39"
                         WIDTH="498"
                         VPOS="732"
                         HPOS="214">
                  <String HEIGHT="39"
                          WIDTH="100"
                          VPOS="732"
                          HPOS="202"
                          CONTENT="xit:"
                          SUBS_TYPE="HypPart2"
                          SUBS_CONTENT="dixit:"/>
                  <SP HEIGHT="39" WIDTH="12" VPOS="732" HPOS="301"/>
                  <String HEIGHT="39"
                          WIDTH="137"
                          VPOS="732"
                          HPOS="264"
                          CONTENT="Aliquid"/>
                  <SP HEIGHT="39" WIDTH="12" VPOS="732" HPOS="401"/>
                  <String HEIGHT="39"
                          WIDTH="100"
                          VPOS="732"
                          HPOS="363"
                          CONTENT="enim"/>
                  <SP HEIGHT="39" WIDTH="12" VPOS="732" HPOS="463"/>
                  <String HEIGHT="39"
                          WIDTH="100"
                          VPOS="732"
                          HPOS="426"
                          CONTENT="esse"/>
                  <SP HEIGHT="39" WIDTH="12" VPOS="732" HPOS="525"/>
                  <String HEIGHT="39" WIDTH="75" VPOS="732" HPOS="488" CONTENT="in"/>
                  <SP HEIGHT="39" WIDTH="12" VPOS="732" HPOS="563"/>
                  <String HEIGHT="39"
                          WIDTH="112"
                          VPOS="732"
                          HPOS="525"
                          CONTENT="loco,"/>
                  <SP HEIGHT="39" WIDTH="12" VPOS="732" HPOS="637"/>
                  <String HEIGHT="39" WIDTH="87" VPOS="732" HPOS="600" CONTENT="&amp;c."/>
                  <SP HEIGHT="39" WIDTH="12" VPOS="732" HPOS="687"/>
                  <String HEIGHT="39" WIDTH="75" VPOS="732" HPOS="637" CONTENT="D.d."/>
               </TextLine>
               <TextLine ID="r3l34"
                         BASELINE="810"
                         HEIGHT="40"
                         WIDTH="507"
                         VPOS="770"
                         HPOS="213">
                  <String HEIGHT="40" WIDTH="79" VPOS="770" HPOS="202" CONTENT="Nec"/>
                  <SP HEIGHT="40" WIDTH="11" VPOS="770" HPOS="281"/>
                  <String HEIGHT="40"
                          WIDTH="101"
                          VPOS="770"
                          HPOS="247"
                          CONTENT="etiam"/>
                  <SP HEIGHT="40" WIDTH="11" VPOS="770" HPOS="348"/>
                  <String HEIGHT="40" WIDTH="79" VPOS="770" HPOS="314" CONTENT="hoc"/>
                  <SP HEIGHT="40" WIDTH="11" VPOS="770" HPOS="393"/>
                  <String HEIGHT="40" WIDTH="79" VPOS="770" HPOS="359" CONTENT="est"/>
                  <SP HEIGHT="40" WIDTH="11" VPOS="770" HPOS="438"/>
                  <String HEIGHT="40"
                          WIDTH="169"
                          VPOS="770"
                          HPOS="405"
                          CONTENT="vniversale,"/>
                  <SP HEIGHT="40" WIDTH="11" VPOS="770" HPOS="574"/>
                  <String HEIGHT="40" WIDTH="79" VPOS="770" HPOS="540" CONTENT="&amp;c."/>
                  <SP HEIGHT="40" WIDTH="11" VPOS="770" HPOS="619"/>
                  <String HEIGHT="40" WIDTH="68" VPOS="770" HPOS="585" CONTENT="i."/>
                  <SP HEIGHT="40" WIDTH="11" VPOS="770" HPOS="652"/>
                  <String HEIGHT="40" WIDTH="79" VPOS="770" HPOS="619" CONTENT="nec"/>
                  <SP HEIGHT="40" WIDTH="11" VPOS="770" HPOS="697"/>
                  <String HEIGHT="40" WIDTH="68" VPOS="770" HPOS="652" CONTENT="ista"/>
               </TextLine>
               <TextLine ID="r3l37"
                         BASELINE="857"
                         HEIGHT="39"
                         WIDTH="494"
                         VPOS="818"
                         HPOS="216">
                  <String HEIGHT="39"
                          WIDTH="212"
                          VPOS="818"
                          HPOS="204"
                          CONTENT="praedicabilia,"/>
                  <SP HEIGHT="39" WIDTH="12" VPOS="818" HPOS="416"/>
                  <String HEIGHT="39"
                          WIDTH="118"
                          VPOS="818"
                          HPOS="381"
                          CONTENT="quando"/>
                  <SP HEIGHT="39" WIDTH="12" VPOS="818" HPOS="498"/>
                  <String HEIGHT="39"
                          WIDTH="188"
                          VPOS="818"
                          HPOS="463"
                          CONTENT="praedicantur"/>
                  <SP HEIGHT="39" WIDTH="12" VPOS="818" HPOS="651"/>
                  <String HEIGHT="39" WIDTH="71" VPOS="818" HPOS="616" CONTENT="de"/>
                  <SP HEIGHT="39" WIDTH="12" VPOS="818" HPOS="686"/>
                  <String HEIGHT="39"
                          WIDTH="71"
                          VPOS="818"
                          HPOS="639"
                          CONTENT="sub"
                          SUBS_TYPE="HypPart1"
                          SUBS_CONTENT="substantia,"/>
                  <HYP CONTENT="-"/>
               </TextLine>
               <TextLine ID="r3l38"
                         BASELINE="891"
                         HEIGHT="44"
                         WIDTH="504"
                         VPOS="847"
                         HPOS="209">
                  <String HEIGHT="44"
                          WIDTH="163"
                          VPOS="847"
                          HPOS="195"
                          CONTENT="stantia,"
                          SUBS_TYPE="HypPart2"
                          SUBS_CONTENT="substantia,"/>
                  <SP HEIGHT="44" WIDTH="14" VPOS="847" HPOS="359"/>
                  <String HEIGHT="44"
                          WIDTH="109"
                          VPOS="847"
                          HPOS="318"
                          CONTENT="sunt"/>
                  <SP HEIGHT="44" WIDTH="14" VPOS="847" HPOS="427"/>
                  <String HEIGHT="44"
                          WIDTH="232"
                          VPOS="847"
                          HPOS="386"
                          CONTENT="praedicabilia"/>
                  <SP HEIGHT="44" WIDTH="14" VPOS="847" HPOS="618"/>
                  <String HEIGHT="44"
                          WIDTH="150"
                          VPOS="847"
                          HPOS="563"
                          CONTENT="vniuersa"
                          SUBS_TYPE="HypPart1"
                          SUBS_CONTENT="vniuersalia,"/>
                  <HYP CONTENT="-"/>
               </TextLine>
               <TextLine ID="r3l40"
                         BASELINE="930"
                         HEIGHT="42"
                         WIDTH="511"
                         VPOS="888"
                         HPOS="214">
                  <String HEIGHT="42"
                          WIDTH="95"
                          VPOS="888"
                          HPOS="202"
                          CONTENT="lia,"
                          SUBS_TYPE="HypPart2"
                          SUBS_CONTENT="vniuersalia,"/>
                  <SP HEIGHT="42" WIDTH="12" VPOS="888" HPOS="297"/>
                  <String HEIGHT="42" WIDTH="95" VPOS="888" HPOS="262" CONTENT="quae"/>
                  <SP HEIGHT="42" WIDTH="12" VPOS="888" HPOS="357"/>
                  <String HEIGHT="42"
                          WIDTH="190"
                          VPOS="888"
                          HPOS="321"
                          CONTENT="describuntur"/>
                  <SP HEIGHT="42" WIDTH="12" VPOS="888" HPOS="511"/>
                  <String HEIGHT="42" WIDTH="83" VPOS="888" HPOS="475" CONTENT="ins"/>
                  <SP HEIGHT="42" WIDTH="12" VPOS="888" HPOS="559"/>
                  <String HEIGHT="42"
                          WIDTH="166"
                          VPOS="888"
                          HPOS="523"
                          CONTENT="analyticis"/>
                  <SP HEIGHT="42" WIDTH="12" VPOS="888" HPOS="689"/>
                  <String HEIGHT="42"
                          WIDTH="83"
                          VPOS="888"
                          HPOS="642"
                          CONTENT="Poste"/>
               </TextLine>
               <TextLine ID="r3l42"
                         BASELINE="970"
                         HEIGHT="41"
                         WIDTH="511"
                         VPOS="929"
                         HPOS="214">
                  <String HEIGHT="41"
                          WIDTH="162"
                          VPOS="929"
                          HPOS="202"
                          CONTENT="rioribus,"/>
                  <SP HEIGHT="41" WIDTH="12" VPOS="929" HPOS="364"/>
                  <String HEIGHT="41" WIDTH="87" VPOS="929" HPOS="326" CONTENT="aut"/>
                  <SP HEIGHT="41" WIDTH="12" VPOS="929" HPOS="413"/>
                  <String HEIGHT="41"
                          WIDTH="162"
                          VPOS="929"
                          HPOS="376"
                          CONTENT="intendit,"/>
                  <SP HEIGHT="41" WIDTH="12" VPOS="929" HPOS="538"/>
                  <String HEIGHT="41"
                          WIDTH="100"
                          VPOS="929"
                          HPOS="501"
                          CONTENT="quod"/>
                  <SP HEIGHT="41" WIDTH="12" VPOS="929" HPOS="600"/>
                  <String HEIGHT="41" WIDTH="87" VPOS="929" HPOS="563" CONTENT="non"/>
                  <SP HEIGHT="41" WIDTH="12" VPOS="929" HPOS="650"/>
                  <String HEIGHT="41"
                          WIDTH="100"
                          VPOS="929"
                          HPOS="613"
                          CONTENT="sunt"/>
                  <SP HEIGHT="41" WIDTH="12" VPOS="929" HPOS="713"/>
                  <String HEIGHT="41" WIDTH="62" VPOS="929" HPOS="663" CONTENT="vni"/>
               </TextLine>
               <TextLine ID="r3l44"
                         BASELINE="1011"
                         HEIGHT="46"
                         WIDTH="512"
                         VPOS="965"
                         HPOS="212">
                  <String HEIGHT="46"
                          WIDTH="166"
                          VPOS="965"
                          HPOS="198"
                          CONTENT="uersalia"/>
                  <SP HEIGHT="46" WIDTH="14" VPOS="965" HPOS="364"/>
                  <String HEIGHT="46"
                          WIDTH="249"
                          VPOS="965"
                          HPOS="323"
                          CONTENT="substantialia,"/>
                  <SP HEIGHT="46" WIDTH="14" VPOS="965" HPOS="572"/>
                  <String HEIGHT="46" WIDTH="83" VPOS="965" HPOS="530" CONTENT="vt"/>
                  <SP HEIGHT="46" WIDTH="14" VPOS="965" HPOS="613"/>
                  <String HEIGHT="46"
                          WIDTH="138"
                          VPOS="965"
                          HPOS="572"
                          CONTENT="dictum"/>
                  <SP HEIGHT="46" WIDTH="14" VPOS="965" HPOS="710"/>
                  <String HEIGHT="46" WIDTH="69" VPOS="965" HPOS="655" CONTENT="est"/>
               </TextLine>
               <TextLine ID="r3l46"
                         BASELINE="1050"
                         HEIGHT="46"
                         WIDTH="499"
                         VPOS="1004"
                         HPOS="210">
                  <String HEIGHT="46" WIDTH="83" VPOS="1004" HPOS="196" CONTENT="in"/>
                  <SP HEIGHT="46" WIDTH="14" VPOS="1004" HPOS="279"/>
                  <String HEIGHT="46"
                          WIDTH="125"
                          VPOS="1004"
                          HPOS="238"
                          CONTENT="libro"/>
                  <SP HEIGHT="46" WIDTH="14" VPOS="1004" HPOS="362"/>
                  <String HEIGHT="46"
                          WIDTH="291"
                          VPOS="1004"
                          HPOS="321"
                          CONTENT="Praedicamentorum."/>
                  <SP HEIGHT="46" WIDTH="14" VPOS="1004" HPOS="612"/>
                  <String HEIGHT="46"
                          WIDTH="111"
                          VPOS="1004"
                          HPOS="570"
                          CONTENT="quia"/>
                  <SP HEIGHT="46" WIDTH="14" VPOS="1004" HPOS="681"/>
                  <String HEIGHT="46"
                          WIDTH="83"
                          VPOS="1004"
                          HPOS="626"
                          CONTENT="ser"
                          SUBS_TYPE="HypPart1"
                          SUBS_CONTENT="sermones"/>
                  <HYP CONTENT="-"/>
               </TextLine>
               <TextLine ID="r3l48"
                         BASELINE="1082"
                         HEIGHT="34"
                         WIDTH="497"
                         VPOS="1048"
                         HPOS="216">
                  <String HEIGHT="34"
                          WIDTH="124"
                          VPOS="1048"
                          HPOS="202"
                          CONTENT="mones"
                          SUBS_TYPE="HypPart2"
                          SUBS_CONTENT="sermones"/>
                  <SP HEIGHT="34" WIDTH="14" VPOS="1048" HPOS="326"/>
                  <String HEIGHT="34"
                          WIDTH="179"
                          VPOS="1048"
                          HPOS="285"
                          CONTENT="compositi"/>
                  <SP HEIGHT="34" WIDTH="14" VPOS="1048" HPOS="465"/>
                  <String HEIGHT="34" WIDTH="83" VPOS="1048" HPOS="423" CONTENT="ex"/>
                  <SP HEIGHT="34" WIDTH="14" VPOS="1048" HPOS="506"/>
                  <String HEIGHT="34"
                          WIDTH="221"
                          VPOS="1048"
                          HPOS="465"
                          CONTENT="accidentibus"/>
                  <SP HEIGHT="34" WIDTH="14" VPOS="1048" HPOS="685"/>
                  <String HEIGHT="34"
                          WIDTH="83"
                          VPOS="1048"
                          HPOS="630"
                          CONTENT="con"
                          SUBS_TYPE="HypPart1"
                          SUBS_CONTENT="conpositione"/>
                  <HYP CONTENT="-"/>
               </TextLine>
               <TextLine ID="r3l50"
                         BASELINE="1139"
                         HEIGHT="54"
                         WIDTH="510"
                         VPOS="1085"
                         HPOS="212">
                  <String HEIGHT="54"
                          WIDTH="189"
                          VPOS="1085"
                          HPOS="197"
                          CONTENT="positione"
                          SUBS_TYPE="HypPart2"
                          SUBS_CONTENT="conpositione"/>
                  <SP HEIGHT="54" WIDTH="15" VPOS="1085" HPOS="387"/>
                  <String HEIGHT="54"
                          WIDTH="146"
                          VPOS="1085"
                          HPOS="343"
                          CONTENT="ligata"/>
                  <SP HEIGHT="54" WIDTH="15" VPOS="1085" HPOS="489"/>
                  <String HEIGHT="54"
                          WIDTH="146"
                          VPOS="1085"
                          HPOS="445"
                          CONTENT="quidam"/>
                  <SP HEIGHT="54" WIDTH="15" VPOS="1085" HPOS="591"/>
                  <String HEIGHT="54"
                          WIDTH="117"
                          VPOS="1085"
                          HPOS="547"
                          CONTENT="sunt"/>
                  <SP HEIGHT="54" WIDTH="15" VPOS="1085" HPOS="664"/>
                  <String HEIGHT="54"
                          WIDTH="117"
                          VPOS="1085"
                          HPOS="605"
                          CONTENT="conium"/>
               </TextLine>
               <TextLine ID="line_1604413291961_49"
                         BASELINE="1176"
                         HEIGHT="51"
                         WIDTH="501"
                         VPOS="1125"
                         HPOS="212">
                  <String HEIGHT="51" WIDTH="88" VPOS="1125" HPOS="199" CONTENT="cti"/>
                  <SP HEIGHT="51" WIDTH="13" VPOS="1125" HPOS="287"/>
                  <String HEIGHT="51" WIDTH="88" VPOS="1125" HPOS="250" CONTENT="per"/>
                  <SP HEIGHT="51" WIDTH="13" VPOS="1125" HPOS="337"/>
                  <String HEIGHT="51"
                          WIDTH="163"
                          VPOS="1125"
                          HPOS="300"
                          CONTENT="accidens,"/>
                  <SP HEIGHT="51" WIDTH="13" VPOS="1125" HPOS="463"/>
                  <String HEIGHT="51" WIDTH="63" VPOS="1125" HPOS="425" CONTENT="&amp;"/>
                  <SP HEIGHT="51" WIDTH="13" VPOS="1125" HPOS="488"/>
                  <String HEIGHT="51"
                          WIDTH="125"
                          VPOS="1125"
                          HPOS="450"
                          CONTENT="quidam"/>
                  <SP HEIGHT="51" WIDTH="13" VPOS="1125" HPOS="575"/>
                  <String HEIGHT="51" WIDTH="88" VPOS="1125" HPOS="538" CONTENT="per"/>
                  <SP HEIGHT="51" WIDTH="13" VPOS="1125" HPOS="625"/>
                  <String HEIGHT="51" WIDTH="75" VPOS="1125" HPOS="588" CONTENT="se"/>
                  <SP HEIGHT="51" WIDTH="13" VPOS="1125" HPOS="663"/>
                  <String HEIGHT="51"
                          WIDTH="100"
                          VPOS="1125"
                          HPOS="613"
                          CONTENT="scilic"/>
               </TextLine>
               <TextLine ID="r3l55"
                         BASELINE="1210"
                         HEIGHT="44"
                         WIDTH="515"
                         VPOS="1166"
                         HPOS="208">
                  <String HEIGHT="44"
                          WIDTH="116"
                          VPOS="1166"
                          HPOS="191"
                          CONTENT="per"/>
                  <SP HEIGHT="44" WIDTH="17" VPOS="1166" HPOS="308"/>
                  <String HEIGHT="44"
                          WIDTH="199"
                          VPOS="1166"
                          HPOS="258"
                          CONTENT="secundum"/>
                  <SP HEIGHT="44" WIDTH="17" VPOS="1166" HPOS="457"/>
                  <String HEIGHT="44"
                          WIDTH="150"
                          VPOS="1166"
                          HPOS="407"
                          CONTENT="modum"/>
                  <SP HEIGHT="44" WIDTH="17" VPOS="1166" HPOS="557"/>
                  <String HEIGHT="44"
                          WIDTH="233"
                          VPOS="1166"
                          HPOS="490"
                          CONTENT="essentialiam"/>
               </TextLine>
               <TextLine ID="r3l58"
                         BASELINE="1247"
                         HEIGHT="47"
                         WIDTH="494"
                         VPOS="1200"
                         HPOS="220">
                  <String HEIGHT="47"
                          WIDTH="268"
                          VPOS="1200"
                          HPOS="206"
                          CONTENT="praedicabilium,"/>
                  <SP HEIGHT="47" WIDTH="14" VPOS="1200" HPOS="474"/>
                  <String HEIGHT="47"
                          WIDTH="113"
                          VPOS="1200"
                          HPOS="432"
                          CONTENT="quae"/>
                  <SP HEIGHT="47" WIDTH="14" VPOS="1200" HPOS="545"/>
                  <String HEIGHT="47"
                          WIDTH="183"
                          VPOS="1200"
                          HPOS="502"
                          CONTENT="enumerata"/>
                  <SP HEIGHT="47" WIDTH="14" VPOS="1200" HPOS="686"/>
                  <String HEIGHT="47"
                          WIDTH="85"
                          VPOS="1200"
                          HPOS="629"
                          CONTENT="sunt"/>
               </TextLine>
               <TextLine ID="r3l59"
                         BASELINE="1282"
                         HEIGHT="37"
                         WIDTH="501"
                         VPOS="1245"
                         HPOS="214">
                  <String HEIGHT="37"
                          WIDTH="203"
                          VPOS="1245"
                          HPOS="202"
                          CONTENT="Posterioribus"/>
                  <SP HEIGHT="37" WIDTH="12" VPOS="1245" HPOS="405"/>
                  <String HEIGHT="37"
                          WIDTH="143"
                          VPOS="1245"
                          HPOS="369"
                          CONTENT="scilicet"/>
                  <SP HEIGHT="37" WIDTH="12" VPOS="1245" HPOS="512"/>
                  <String HEIGHT="37" WIDTH="72" VPOS="1245" HPOS="476" CONTENT="in"/>
                  <SP HEIGHT="37" WIDTH="12" VPOS="1245" HPOS="548"/>
                  <String HEIGHT="37"
                          WIDTH="119"
                          VPOS="1245"
                          HPOS="512"
                          CONTENT="quibus"/>
                  <SP HEIGHT="37" WIDTH="12" VPOS="1245" HPOS="632"/>
                  <String HEIGHT="37"
                          WIDTH="131"
                          VPOS="1245"
                          HPOS="584"
                          CONTENT="subiectum"/>
               </TextLine>
               <TextLine ID="line_1604413269110_15"
                         BASELINE="1331"
                         HEIGHT="53"
                         WIDTH="492"
                         VPOS="1278"
                         HPOS="201">
                  <String HEIGHT="53"
                          WIDTH="188"
                          VPOS="1278"
                          HPOS="187"
                          CONTENT="accipitur"/>
                  <SP HEIGHT="53" WIDTH="14" VPOS="1278" HPOS="375"/>
                  <String HEIGHT="53" WIDTH="87" VPOS="1278" HPOS="331" CONTENT="in"/>
                  <SP HEIGHT="53" WIDTH="14" VPOS="1278" HPOS="418"/>
                  <String HEIGHT="53"
                          WIDTH="203"
                          VPOS="1278"
                          HPOS="375"
                          CONTENT="substantia"/>
                  <SP HEIGHT="53" WIDTH="14" VPOS="1278" HPOS="577"/>
                  <String HEIGHT="53"
                          WIDTH="174"
                          VPOS="1278"
                          HPOS="519"
                          CONTENT="praedicati"/>
               </TextLine>
               <TextLine ID="r3l63"
                         BASELINE="1372"
                         HEIGHT="53"
                         WIDTH="496"
                         VPOS="1319"
                         HPOS="214">
                  <String HEIGHT="53" WIDTH="78" VPOS="1319" HPOS="201" CONTENT="Et"/>
                  <SP HEIGHT="53" WIDTH="13" VPOS="1319" HPOS="279"/>
                  <String HEIGHT="53" WIDTH="91" VPOS="1319" HPOS="240" CONTENT="cum"/>
                  <SP HEIGHT="53" WIDTH="13" VPOS="1319" HPOS="331"/>
                  <String HEIGHT="53"
                          WIDTH="196"
                          VPOS="1319"
                          HPOS="292"
                          CONTENT="declarauit,"/>
                  <SP HEIGHT="53" WIDTH="13" VPOS="1319" HPOS="488"/>
                  <String HEIGHT="53"
                          WIDTH="104"
                          VPOS="1319"
                          HPOS="449"
                          CONTENT="quod"/>
                  <SP HEIGHT="53" WIDTH="13" VPOS="1319" HPOS="553"/>
                  <String HEIGHT="53"
                          WIDTH="131"
                          VPOS="1319"
                          HPOS="514"
                          CONTENT="illud,"/>
                  <SP HEIGHT="53" WIDTH="13" VPOS="1319" HPOS="645"/>
                  <String HEIGHT="53"
                          WIDTH="104"
                          VPOS="1319"
                          HPOS="606"
                          CONTENT="quod"/>
                  <SP HEIGHT="53" WIDTH="13" VPOS="1319" HPOS="710"/>
                  <String HEIGHT="53" WIDTH="52" VPOS="1319" HPOS="658" CONTENT="si"/>
               </TextLine>
               <TextLine ID="r3l65"
                         BASELINE="1411"
                         HEIGHT="53"
                         WIDTH="497"
                         VPOS="1358"
                         HPOS="216">
                  <String HEIGHT="53"
                          WIDTH="150"
                          VPOS="1358"
                          HPOS="204"
                          CONTENT="gnificant"/>
                  <SP HEIGHT="53" WIDTH="12" VPOS="1358" HPOS="355"/>
                  <String HEIGHT="53"
                          WIDTH="104"
                          VPOS="1358"
                          HPOS="320"
                          CONTENT="illa,"/>
                  <SP HEIGHT="53" WIDTH="12" VPOS="1358" HPOS="424"/>
                  <String HEIGHT="53"
                          WIDTH="92"
                          VPOS="1358"
                          HPOS="389"
                          CONTENT="quae"/>
                  <SP HEIGHT="53" WIDTH="12" VPOS="1358" HPOS="482"/>
                  <String HEIGHT="53"
                          WIDTH="92"
                          VPOS="1358"
                          HPOS="447"
                          CONTENT="sunt"/>
                  <SP HEIGHT="53" WIDTH="12" VPOS="1358" HPOS="540"/>
                  <String HEIGHT="53" WIDTH="81" VPOS="1358" HPOS="505" CONTENT="per"/>
                  <SP HEIGHT="53" WIDTH="12" VPOS="1358" HPOS="586"/>
                  <String HEIGHT="53"
                          WIDTH="150"
                          VPOS="1358"
                          HPOS="551"
                          CONTENT="accidens,"/>
                  <SP HEIGHT="53" WIDTH="12" VPOS="1358" HPOS="701"/>
                  <String HEIGHT="53" WIDTH="58" VPOS="1358" HPOS="655" CONTENT="non"/>
               </TextLine>
               <TextLine ID="r3l67"
                         BASELINE="1448"
                         HEIGHT="43"
                         WIDTH="504"
                         VPOS="1405"
                         HPOS="215">
                  <String HEIGHT="43" WIDTH="88" VPOS="1405" HPOS="202" CONTENT="est"/>
                  <SP HEIGHT="43" WIDTH="13" VPOS="1405" HPOS="291"/>
                  <String HEIGHT="43"
                          WIDTH="189"
                          VPOS="1405"
                          HPOS="253"
                          CONTENT="substantia,"/>
                  <SP HEIGHT="43" WIDTH="13" VPOS="1405" HPOS="442"/>
                  <String HEIGHT="43"
                          WIDTH="151"
                          VPOS="1405"
                          HPOS="404"
                          CONTENT="incoepit"/>
                  <SP HEIGHT="43" WIDTH="13" VPOS="1405" HPOS="555"/>
                  <String HEIGHT="43"
                          WIDTH="176"
                          VPOS="1405"
                          HPOS="517"
                          CONTENT="declarare,"/>
                  <SP HEIGHT="43" WIDTH="13" VPOS="1405" HPOS="694"/>
                  <String HEIGHT="43"
                          WIDTH="76"
                          VPOS="1405"
                          HPOS="643"
                          CONTENT="quod"/>
               </TextLine>
               <TextLine ID="r3l70"
                         BASELINE="1489"
                         HEIGHT="52"
                         WIDTH="495"
                         VPOS="1437"
                         HPOS="217">
                  <String HEIGHT="52"
                          WIDTH="124"
                          VPOS="1437"
                          HPOS="203"
                          CONTENT="neque"/>
                  <SP HEIGHT="52" WIDTH="14" VPOS="1437" HPOS="327"/>
                  <String HEIGHT="52" WIDTH="96" VPOS="1437" HPOS="286" CONTENT="est"/>
                  <SP HEIGHT="52" WIDTH="14" VPOS="1437" HPOS="382"/>
                  <String HEIGHT="52"
                          WIDTH="165"
                          VPOS="1437"
                          HPOS="341"
                          CONTENT="sermones"/>
                  <SP HEIGHT="52" WIDTH="14" VPOS="1437" HPOS="506"/>
                  <String HEIGHT="52"
                          WIDTH="179"
                          VPOS="1437"
                          HPOS="465"
                          CONTENT="compositi"/>
                  <SP HEIGHT="52" WIDTH="14" VPOS="1437" HPOS="643"/>
                  <String HEIGHT="52" WIDTH="83" VPOS="1437" HPOS="602" CONTENT="ex"/>
                  <SP HEIGHT="52" WIDTH="14" VPOS="1437" HPOS="685"/>
                  <String HEIGHT="52"
                          WIDTH="83"
                          VPOS="1437"
                          HPOS="630"
                          CONTENT="acci"/>
               </TextLine>
               <TextLine ID="r3l71"
                         BASELINE="1528"
                         HEIGHT="51"
                         WIDTH="503"
                         VPOS="1477"
                         HPOS="214">
                  <String HEIGHT="51"
                          WIDTH="172"
                          VPOS="1477"
                          HPOS="200"
                          CONTENT="dentibus"/>
                  <SP HEIGHT="51" WIDTH="14" VPOS="1477" HPOS="372"/>
                  <String HEIGHT="51"
                          WIDTH="244"
                          VPOS="1477"
                          HPOS="329"
                          CONTENT="essentialibus"/>
                  <SP HEIGHT="51" WIDTH="14" VPOS="1477" HPOS="573"/>
                  <String HEIGHT="51"
                          WIDTH="172"
                          VPOS="1477"
                          HPOS="530"
                          CONTENT="sigenant"/>
                  <SP HEIGHT="51" WIDTH="14" VPOS="1477" HPOS="703"/>
                  <String HEIGHT="51" WIDTH="72" VPOS="1477" HPOS="645" CONTENT="hoc"/>
               </TextLine>
               <TextLine ID="r3l74"
                         BASELINE="1564"
                         HEIGHT="47"
                         WIDTH="496"
                         VPOS="1517"
                         HPOS="214">
                  <String HEIGHT="47"
                          WIDTH="113"
                          VPOS="1517"
                          HPOS="200"
                          CONTENT="quod"/>
                  <SP HEIGHT="47" WIDTH="14" VPOS="1517" HPOS="313"/>
                  <String HEIGHT="47" WIDTH="99" VPOS="1517" HPOS="271" CONTENT="est"/>
                  <SP HEIGHT="47" WIDTH="14" VPOS="1517" HPOS="370"/>
                  <String HEIGHT="47"
                          WIDTH="170"
                          VPOS="1517"
                          HPOS="327"
                          CONTENT="quiditas"/>
                  <SP HEIGHT="47" WIDTH="14" VPOS="1517" HPOS="497"/>
                  <String HEIGHT="47"
                          WIDTH="241"
                          VPOS="1517"
                          HPOS="455"
                          CONTENT="substantiarum"/>
                  <SP HEIGHT="47" WIDTH="14" VPOS="1517" HPOS="696"/>
                  <String HEIGHT="47" WIDTH="71" VPOS="1517" HPOS="639" CONTENT="sen"/>
               </TextLine>
               <TextLine ID="r3l76"
                         BASELINE="1594"
                         HEIGHT="41"
                         WIDTH="497"
                         VPOS="1553"
                         HPOS="218">
                  <String HEIGHT="41"
                          WIDTH="170"
                          VPOS="1553"
                          HPOS="205"
                          CONTENT="sibilium,"/>
                  <SP HEIGHT="41" WIDTH="13" VPOS="1553" HPOS="375"/>
                  <String HEIGHT="41" WIDTH="65" VPOS="1553" HPOS="336" CONTENT="&amp;"/>
                  <SP HEIGHT="41" WIDTH="13" VPOS="1553" HPOS="401"/>
                  <String HEIGHT="41"
                          WIDTH="131"
                          VPOS="1553"
                          HPOS="362"
                          CONTENT="dixit:"/>
                  <SP HEIGHT="41" WIDTH="13" VPOS="1553" HPOS="493"/>
                  <String HEIGHT="41" WIDTH="92" VPOS="1553" HPOS="453" CONTENT="nec"/>
                  <SP HEIGHT="41" WIDTH="13" VPOS="1553" HPOS="545"/>
                  <String HEIGHT="41"
                          WIDTH="131"
                          VPOS="1553"
                          HPOS="506"
                          CONTENT="illud,"/>
                  <SP HEIGHT="41" WIDTH="13" VPOS="1553" HPOS="637"/>
                  <String HEIGHT="41"
                          WIDTH="105"
                          VPOS="1553"
                          HPOS="597"
                          CONTENT="quod"/>
                  <SP HEIGHT="41" WIDTH="13" VPOS="1553" HPOS="702"/>
                  <String HEIGHT="41" WIDTH="65" VPOS="1553" HPOS="650" CONTENT="est"/>
               </TextLine>
               <TextLine ID="r3l78"
                         BASELINE="1639"
                         HEIGHT="42"
                         WIDTH="490"
                         VPOS="1597"
                         HPOS="217">
                  <String HEIGHT="42" WIDTH="76" VPOS="1597" HPOS="206" CONTENT="per"/>
                  <SP HEIGHT="42" WIDTH="11" VPOS="1597" HPOS="282"/>
                  <String HEIGHT="42" WIDTH="76" VPOS="1597" HPOS="250" CONTENT="se,"/>
                  <SP HEIGHT="42" WIDTH="11" VPOS="1597" HPOS="326"/>
                  <String HEIGHT="42" WIDTH="76" VPOS="1597" HPOS="293" CONTENT="&amp;c."/>
                  <SP HEIGHT="42" WIDTH="11" VPOS="1597" HPOS="369"/>
                  <String HEIGHT="42" WIDTH="65" VPOS="1597" HPOS="337" CONTENT="i."/>
                  <SP HEIGHT="42" WIDTH="11" VPOS="1597" HPOS="402"/>
                  <String HEIGHT="42" WIDTH="76" VPOS="1597" HPOS="369" CONTENT="nec"/>
                  <SP HEIGHT="42" WIDTH="11" VPOS="1597" HPOS="446"/>
                  <String HEIGHT="42"
                          WIDTH="109"
                          VPOS="1597"
                          HPOS="413"
                          CONTENT="illud,"/>
                  <SP HEIGHT="42" WIDTH="11" VPOS="1597" HPOS="522"/>
                  <String HEIGHT="42"
                          WIDTH="87"
                          VPOS="1597"
                          HPOS="489"
                          CONTENT="quid"/>
                  <SP HEIGHT="42" WIDTH="11" VPOS="1597" HPOS="576"/>
                  <String HEIGHT="42"
                          WIDTH="152"
                          VPOS="1597"
                          HPOS="544"
                          CONTENT="significat"/>
                  <SP HEIGHT="42" WIDTH="11" VPOS="1597" HPOS="696"/>
                  <String HEIGHT="42"
                          WIDTH="54"
                          VPOS="1597"
                          HPOS="653"
                          CONTENT="de"
                          SUBS_TYPE="HypPart1"
                          SUBS_CONTENT="definitio"/>
                  <HYP CONTENT="-"/>
               </TextLine>
               <TextLine ID="r3l80"
                         BASELINE="1679"
                         HEIGHT="42"
                         WIDTH="505"
                         VPOS="1637"
                         HPOS="215">
                  <String HEIGHT="42"
                          WIDTH="132"
                          VPOS="1637"
                          HPOS="203"
                          CONTENT="finitio"
                          SUBS_TYPE="HypPart2"
                          SUBS_CONTENT="definitio"/>
                  <SP HEIGHT="42" WIDTH="12" VPOS="1637" HPOS="335"/>
                  <String HEIGHT="42"
                          WIDTH="192"
                          VPOS="1637"
                          HPOS="299"
                          CONTENT="substantiae,"/>
                  <SP HEIGHT="42" WIDTH="12" VPOS="1637" HPOS="492"/>
                  <String HEIGHT="42" WIDTH="60" VPOS="1637" HPOS="455" CONTENT="&amp;"/>
                  <SP HEIGHT="42" WIDTH="12" VPOS="1637" HPOS="516"/>
                  <String HEIGHT="42" WIDTH="84" VPOS="1637" HPOS="480" CONTENT="est"/>
                  <SP HEIGHT="42" WIDTH="12" VPOS="1637" HPOS="564"/>
                  <String HEIGHT="42"
                          WIDTH="120"
                          VPOS="1637"
                          HPOS="528"
                          CONTENT="illud,"/>
                  <SP HEIGHT="42" WIDTH="12" VPOS="1637" HPOS="648"/>
                  <String HEIGHT="42"
                          WIDTH="96"
                          VPOS="1637"
                          HPOS="612"
                          CONTENT="quod"/>
                  <SP HEIGHT="42" WIDTH="12" VPOS="1637" HPOS="708"/>
                  <String HEIGHT="42" WIDTH="60" VPOS="1637" HPOS="660" CONTENT="exi"/>
               </TextLine>
               <TextLine ID="r3l82"
                         BASELINE="1721"
                         HEIGHT="53"
                         WIDTH="496"
                         VPOS="1668"
                         HPOS="218">
                  <String HEIGHT="53"
                          WIDTH="99"
                          VPOS="1668"
                          HPOS="206"
                          CONTENT="stit"/>
                  <SP HEIGHT="53" WIDTH="12" VPOS="1668" HPOS="305"/>
                  <String HEIGHT="53" WIDTH="87" VPOS="1668" HPOS="268" CONTENT="per"/>
                  <SP HEIGHT="53" WIDTH="12" VPOS="1668" HPOS="354"/>
                  <String HEIGHT="53" WIDTH="87" VPOS="1668" HPOS="317" CONTENT="se,"/>
                  <SP HEIGHT="53" WIDTH="12" VPOS="1668" HPOS="404"/>
                  <String HEIGHT="53" WIDTH="87" VPOS="1668" HPOS="367" CONTENT="est"/>
                  <SP HEIGHT="53" WIDTH="12" VPOS="1668" HPOS="454"/>
                  <String HEIGHT="53"
                          WIDTH="112"
                          VPOS="1668"
                          HPOS="416"
                          CONTENT="sicut"/>
                  <SP HEIGHT="53" WIDTH="12" VPOS="1668" HPOS="528"/>
                  <String HEIGHT="53"
                          WIDTH="124"
                          VPOS="1668"
                          HPOS="491"
                          CONTENT="illud,"/>
                  <SP HEIGHT="53" WIDTH="12" VPOS="1668" HPOS="615"/>
                  <String HEIGHT="53"
                          WIDTH="99"
                          VPOS="1668"
                          HPOS="578"
                          CONTENT="quod"/>
                  <SP HEIGHT="53" WIDTH="12" VPOS="1668" HPOS="677"/>
                  <String HEIGHT="53"
                          WIDTH="87"
                          VPOS="1668"
                          HPOS="627"
                          CONTENT="signi"/>
               </TextLine>
               <TextLine ID="r3l84"
                         BASELINE="1763"
                         HEIGHT="53"
                         WIDTH="482"
                         VPOS="1710"
                         HPOS="212">
                  <String HEIGHT="53"
                          WIDTH="134"
                          VPOS="1710"
                          HPOS="199"
                          CONTENT="ficant"/>
                  <SP HEIGHT="53" WIDTH="13" VPOS="1710" HPOS="333"/>
                  <String HEIGHT="53"
                          WIDTH="107"
                          VPOS="1710"
                          HPOS="292"
                          CONTENT="haec"/>
                  <SP HEIGHT="53" WIDTH="13" VPOS="1710" HPOS="399"/>
                  <String HEIGHT="53"
                          WIDTH="134"
                          VPOS="1710"
                          HPOS="359"
                          CONTENT="verba,"/>
                  <SP HEIGHT="53" WIDTH="13" VPOS="1710" HPOS="493"/>
                  <String HEIGHT="53"
                          WIDTH="201"
                          VPOS="1710"
                          HPOS="453"
                          CONTENT="superficies"/>
                  <SP HEIGHT="53" WIDTH="13" VPOS="1710" HPOS="654"/>
                  <String HEIGHT="53"
                          WIDTH="94"
                          VPOS="1710"
                          HPOS="600"
                          CONTENT="alba,"/>
               </TextLine>
               <TextLine ID="r3l85"
                         BASELINE="1798"
                         HEIGHT="50"
                         WIDTH="498"
                         VPOS="1748"
                         HPOS="215">
                  <String HEIGHT="50"
                          WIDTH="142"
                          VPOS="1748"
                          HPOS="201"
                          CONTENT="Deinde"/>
                  <SP HEIGHT="50" WIDTH="14" VPOS="1748" HPOS="343"/>
                  <String HEIGHT="50" WIDTH="85" VPOS="1748" HPOS="300" CONTENT="d."/>
                  <SP HEIGHT="50" WIDTH="14" VPOS="1748" HPOS="386"/>
                  <String HEIGHT="50"
                          WIDTH="171"
                          VPOS="1748"
                          HPOS="343"
                          CONTENT="essentia"/>
                  <SP HEIGHT="50" WIDTH="14" VPOS="1748" HPOS="514"/>
                  <String HEIGHT="50"
                          WIDTH="114"
                          VPOS="1748"
                          HPOS="471"
                          CONTENT="enim"/>
                  <SP HEIGHT="50" WIDTH="14" VPOS="1748" HPOS="585"/>
                  <String HEIGHT="50"
                          WIDTH="185"
                          VPOS="1748"
                          HPOS="528"
                          CONTENT="superficiei"/>
               </TextLine>
               <TextLine ID="r3l87"
                         BASELINE="1838"
                         HEIGHT="49"
                         WIDTH="502"
                         VPOS="1789"
                         HPOS="217">
                  <String HEIGHT="49" WIDTH="98" VPOS="1789" HPOS="203" CONTENT="&amp;c."/>
                  <SP HEIGHT="49" WIDTH="14" VPOS="1789" HPOS="301"/>
                  <String HEIGHT="49" WIDTH="84" VPOS="1789" HPOS="259" CONTENT="i."/>
                  <SP HEIGHT="49" WIDTH="14" VPOS="1789" HPOS="343"/>
                  <String HEIGHT="49"
                          WIDTH="153"
                          VPOS="1789"
                          HPOS="301"
                          CONTENT="lalbedo"/>
                  <SP HEIGHT="49" WIDTH="14" VPOS="1789" HPOS="454"/>
                  <String HEIGHT="49"
                          WIDTH="112"
                          VPOS="1789"
                          HPOS="412"
                          CONTENT="enim"/>
                  <SP HEIGHT="49" WIDTH="14" VPOS="1789" HPOS="524"/>
                  <String HEIGHT="49" WIDTH="98" VPOS="1789" HPOS="482" CONTENT="non"/>
                  <SP HEIGHT="49" WIDTH="14" VPOS="1789" HPOS="580"/>
                  <String HEIGHT="49" WIDTH="98" VPOS="1789" HPOS="538" CONTENT="est"/>
                  <SP HEIGHT="49" WIDTH="14" VPOS="1789" HPOS="635"/>
                  <String HEIGHT="49"
                          WIDTH="139"
                          VPOS="1789"
                          HPOS="580"
                          CONTENT="quiditas"/>
               </TextLine>
               <TextLine ID="r3l90"
                         BASELINE="1882"
                         HEIGHT="54"
                         WIDTH="504"
                         VPOS="1828"
                         HPOS="217">
                  <String HEIGHT="54"
                          WIDTH="207"
                          VPOS="1828"
                          HPOS="204"
                          CONTENT="superficiei,"/>
                  <SP HEIGHT="54" WIDTH="13" VPOS="1828" HPOS="411"/>
                  <String HEIGHT="54"
                          WIDTH="129"
                          VPOS="1828"
                          HPOS="372"
                          CONTENT="quando"/>
                  <SP HEIGHT="54" WIDTH="13" VPOS="1828" HPOS="501"/>
                  <String HEIGHT="54"
                          WIDTH="155"
                          VPOS="1828"
                          HPOS="463"
                          CONTENT="dicimus,"/>
                  <SP HEIGHT="54" WIDTH="13" VPOS="1828" HPOS="618"/>
                  <String HEIGHT="54"
                          WIDTH="103"
                          VPOS="1828"
                          HPOS="579"
                          CONTENT="quod"/>
                  <SP HEIGHT="54" WIDTH="13" VPOS="1828" HPOS="682"/>
                  <String HEIGHT="54"
                          WIDTH="90"
                          VPOS="1828"
                          HPOS="631"
                          CONTENT="super"/>
               </TextLine>
            </TextBlock>
            <TextBlock ID="TextRegion_1604413304303_54"
                       HEIGHT="1813"
                       WIDTH="523"
                       VPOS="97"
                       HPOS="737">
               <Shape>
                  <Polygon POINTS="737,97 1260,97 1260,1910 737,1910"/>
               </Shape>
               <TextLine ID="r3l3"
                         BASELINE="186"
                         HEIGHT="45"
                         WIDTH="511"
                         VPOS="141"
                         HPOS="748">
                  <String HEIGHT="45"
                          WIDTH="125"
                          VPOS="141"
                          HPOS="736"
                          CONTENT="ficies"/>
                  <SP HEIGHT="45" WIDTH="12" VPOS="141" HPOS="860"/>
                  <String HEIGHT="45" WIDTH="87" VPOS="141" HPOS="823" CONTENT="est"/>
                  <SP HEIGHT="45" WIDTH="12" VPOS="141" HPOS="910"/>
                  <String HEIGHT="45"
                          WIDTH="112"
                          VPOS="141"
                          HPOS="873"
                          CONTENT="alba,"/>
                  <SP HEIGHT="45" WIDTH="12" VPOS="141" HPOS="985"/>
                  <String HEIGHT="45"
                          WIDTH="112"
                          VPOS="141"
                          HPOS="947"
                          CONTENT="sicut"/>
                  <SP HEIGHT="45" WIDTH="12" VPOS="141" HPOS="1060"/>
                  <String HEIGHT="45"
                          WIDTH="224"
                          VPOS="141"
                          HPOS="1022"
                          CONTENT="rationabilitas"/>
                  <SP HEIGHT="45" WIDTH="12" VPOS="141" HPOS="1247"/>
                  <String HEIGHT="45" WIDTH="62" VPOS="141" HPOS="1197" CONTENT="est"/>
               </TextLine>
               <TextLine ID="r3l5"
                         BASELINE="229"
                         HEIGHT="41"
                         WIDTH="495"
                         VPOS="188"
                         HPOS="750">
                  <String HEIGHT="41"
                          WIDTH="186"
                          VPOS="188"
                          HPOS="735"
                          CONTENT="quiditas"/>
                  <SP HEIGHT="41" WIDTH="15" VPOS="188" HPOS="920"/>
                  <String HEIGHT="41"
                          WIDTH="201"
                          VPOS="188"
                          HPOS="874"
                          CONTENT="animalis:"/>
                  <SP HEIGHT="41" WIDTH="15" VPOS="188" HPOS="1075"/>
                  <String HEIGHT="41"
                          WIDTH="170"
                          VPOS="188"
                          HPOS="1028"
                          CONTENT="quoniam"/>
                  <SP HEIGHT="41" WIDTH="15" VPOS="188" HPOS="1199"/>
                  <String HEIGHT="41"
                          WIDTH="108"
                          VPOS="188"
                          HPOS="1137"
                          CONTENT="dicim"/>
               </TextLine>
               <TextLine ID="r3l7"
                         BASELINE="266"
                         HEIGHT="45"
                         WIDTH="521"
                         VPOS="221"
                         HPOS="744">
                  <String HEIGHT="45"
                          WIDTH="145"
                          VPOS="221"
                          HPOS="730"
                          CONTENT="animal"/>
                  <SP HEIGHT="45" WIDTH="14" VPOS="221" HPOS="874"/>
                  <String HEIGHT="45"
                          WIDTH="203"
                          VPOS="221"
                          HPOS="831"
                          CONTENT="rationale."/>
                  <SP HEIGHT="45" WIDTH="14" VPOS="221" HPOS="1033"/>
                  <String HEIGHT="45"
                          WIDTH="145"
                          VPOS="221"
                          HPOS="990"
                          CONTENT="Deinde"/>
                  <SP HEIGHT="45" WIDTH="14" VPOS="221" HPOS="1135"/>
                  <String HEIGHT="45" WIDTH="87" VPOS="221" HPOS="1091" CONTENT="d."/>
                  <SP HEIGHT="45" WIDTH="14" VPOS="221" HPOS="1178"/>
                  <String HEIGHT="45" WIDTH="87" VPOS="221" HPOS="1135" CONTENT="Et"/>
                  <SP HEIGHT="45" WIDTH="14" VPOS="221" HPOS="1222"/>
                  <String HEIGHT="45"
                          WIDTH="101"
                          VPOS="221"
                          HPOS="1164"
                          CONTENT="etiam"/>
               </TextLine>
               <TextLine ID="r3l8"
                         BASELINE="298"
                         HEIGHT="30"
                         WIDTH="501"
                         VPOS="268"
                         HPOS="748">
                  <String HEIGHT="30" WIDTH="103" VPOS="268" HPOS="733" CONTENT="non"/>
                  <SP HEIGHT="30" WIDTH="15" VPOS="268" HPOS="836"/>
                  <String HEIGHT="30" WIDTH="103" VPOS="268" HPOS="792" CONTENT="est"/>
                  <SP HEIGHT="30" WIDTH="15" VPOS="268" HPOS="895"/>
                  <String HEIGHT="30"
                          WIDTH="147"
                          VPOS="268"
                          HPOS="851"
                          CONTENT="illud,"/>
                  <SP HEIGHT="30" WIDTH="15" VPOS="268" HPOS="999"/>
                  <String HEIGHT="30"
                          WIDTH="118"
                          VPOS="268"
                          HPOS="954"
                          CONTENT="quod"/>
                  <SP HEIGHT="30" WIDTH="15" VPOS="268" HPOS="1072"/>
                  <String HEIGHT="30"
                          WIDTH="103"
                          VPOS="268"
                          HPOS="1028"
                          CONTENT="est"/>
                  <SP HEIGHT="30" WIDTH="15" VPOS="268" HPOS="1131"/>
                  <String HEIGHT="30" WIDTH="88" VPOS="268" HPOS="1087" CONTENT="ex"/>
                  <SP HEIGHT="30" WIDTH="15" VPOS="268" HPOS="1175"/>
                  <String HEIGHT="30"
                          WIDTH="133"
                          VPOS="268"
                          HPOS="1116"
                          CONTENT="ambobus"/>
               </TextLine>
               <TextLine ID="r3l10"
                         BASELINE="338"
                         HEIGHT="38"
                         WIDTH="506"
                         VPOS="300"
                         HPOS="749">
                  <String HEIGHT="38" WIDTH="93" VPOS="300" HPOS="736" CONTENT="&amp;c."/>
                  <SP HEIGHT="38" WIDTH="13" VPOS="300" HPOS="829"/>
                  <String HEIGHT="38" WIDTH="80" VPOS="300" HPOS="789" CONTENT="i."/>
                  <SP HEIGHT="38" WIDTH="13" VPOS="300" HPOS="869"/>
                  <String HEIGHT="38" WIDTH="93" VPOS="300" HPOS="829" CONTENT="nec"/>
                  <SP HEIGHT="38" WIDTH="13" VPOS="300" HPOS="922"/>
                  <String HEIGHT="38"
                          WIDTH="133"
                          VPOS="300"
                          HPOS="882"
                          CONTENT="illud,"/>
                  <SP HEIGHT="38" WIDTH="13" VPOS="300" HPOS="1015"/>
                  <String HEIGHT="38"
                          WIDTH="107"
                          VPOS="300"
                          HPOS="975"
                          CONTENT="quod"/>
                  <SP HEIGHT="38" WIDTH="13" VPOS="300" HPOS="1082"/>
                  <String HEIGHT="38"
                          WIDTH="186"
                          VPOS="300"
                          HPOS="1042"
                          CONTENT="demonstrat"/>
                  <SP HEIGHT="38" WIDTH="13" VPOS="300" HPOS="1228"/>
                  <String HEIGHT="38"
                          WIDTH="80"
                          VPOS="300"
                          HPOS="1175"
                          CONTENT="iste"/>
               </TextLine>
               <TextLine ID="r3l12"
                         BASELINE="378"
                         HEIGHT="42"
                         WIDTH="515"
                         VPOS="336"
                         HPOS="742">
                  <String HEIGHT="42"
                          WIDTH="151"
                          VPOS="336"
                          HPOS="727"
                          CONTENT="sermo,"/>
                  <SP HEIGHT="42" WIDTH="15" VPOS="336" HPOS="878"/>
                  <String HEIGHT="42" WIDTH="106" VPOS="336" HPOS="833" CONTENT="est"/>
                  <SP HEIGHT="42" WIDTH="15" VPOS="336" HPOS="939"/>
                  <String HEIGHT="42"
                          WIDTH="167"
                          VPOS="336"
                          HPOS="893"
                          CONTENT="aliquod"/>
                  <SP HEIGHT="42" WIDTH="15" VPOS="336" HPOS="1060"/>
                  <String HEIGHT="42"
                          WIDTH="212"
                          VPOS="336"
                          HPOS="1015"
                          CONTENT="compositum"/>
                  <SP HEIGHT="42" WIDTH="15" VPOS="336" HPOS="1227"/>
                  <String HEIGHT="42"
                          WIDTH="91"
                          VPOS="336"
                          HPOS="1166"
                          CONTENT="vnum"/>
               </TextLine>
               <TextLine ID="r3l14"
                         BASELINE="434"
                         HEIGHT="51"
                         WIDTH="512"
                         VPOS="383"
                         HPOS="743">
                  <String HEIGHT="51" WIDTH="85" VPOS="383" HPOS="729" CONTENT="ex"/>
                  <SP HEIGHT="51" WIDTH="14" VPOS="383" HPOS="814"/>
                  <String HEIGHT="51"
                          WIDTH="171"
                          VPOS="383"
                          HPOS="771"
                          CONTENT="ambobus,"/>
                  <SP HEIGHT="51" WIDTH="14" VPOS="383" HPOS="942"/>
                  <String HEIGHT="51"
                          WIDTH="128"
                          VPOS="383"
                          HPOS="899"
                          CONTENT="sicut"/>
                  <SP HEIGHT="51" WIDTH="14" VPOS="383" HPOS="1027"/>
                  <String HEIGHT="51"
                          WIDTH="142"
                          VPOS="383"
                          HPOS="985"
                          CONTENT="illud,"/>
                  <SP HEIGHT="51" WIDTH="14" VPOS="383" HPOS="1127"/>
                  <String HEIGHT="51"
                          WIDTH="114"
                          VPOS="383"
                          HPOS="1084"
                          CONTENT="quod"/>
                  <SP HEIGHT="51" WIDTH="14" VPOS="383" HPOS="1198"/>
                  <String HEIGHT="51"
                          WIDTH="114"
                          VPOS="383"
                          HPOS="1141"
                          CONTENT="signi"
                          SUBS_TYPE="HypPart1"
                          SUBS_CONTENT="significat"/>
                  <HYP CONTENT="-"/>
               </TextLine>
               <TextLine ID="r3l16"
                         BASELINE="458"
                         HEIGHT="42"
                         WIDTH="517"
                         VPOS="416"
                         HPOS="740">
                  <String HEIGHT="42"
                          WIDTH="113"
                          VPOS="416"
                          HPOS="727"
                          CONTENT="ficat"
                          SUBS_TYPE="HypPart2"
                          SUBS_CONTENT="significat"/>
                  <SP HEIGHT="42" WIDTH="13" VPOS="416" HPOS="841"/>
                  <String HEIGHT="42"
                          WIDTH="126"
                          VPOS="416"
                          HPOS="803"
                          CONTENT="animal"/>
                  <SP HEIGHT="42" WIDTH="13" VPOS="416" HPOS="929"/>
                  <String HEIGHT="42"
                          WIDTH="177"
                          VPOS="416"
                          HPOS="891"
                          CONTENT="rationale,"/>
                  <SP HEIGHT="42" WIDTH="13" VPOS="416" HPOS="1068"/>
                  <String HEIGHT="42"
                          WIDTH="151"
                          VPOS="416"
                          HPOS="1030"
                          CONTENT="scilicet"/>
                  <SP HEIGHT="42" WIDTH="13" VPOS="416" HPOS="1181"/>
                  <String HEIGHT="42"
                          WIDTH="113"
                          VPOS="416"
                          HPOS="1144"
                          CONTENT="homo."/>
                  <SP HEIGHT="42" WIDTH="13" VPOS="416" HPOS="1257"/>
                  <String HEIGHT="42" WIDTH="50" VPOS="416" HPOS="1207" CONTENT="D."/>
               </TextLine>
               <TextLine ID="r3l18"
                         BASELINE="509"
                         HEIGHT="53"
                         WIDTH="508"
                         VPOS="456"
                         HPOS="745">
                  <String HEIGHT="53" WIDTH="90" VPOS="456" HPOS="730" CONTENT="d."/>
                  <SP HEIGHT="53" WIDTH="15" VPOS="456" HPOS="820"/>
                  <String HEIGHT="53" WIDTH="75" VPOS="456" HPOS="775" CONTENT="&amp;"/>
                  <SP HEIGHT="53" WIDTH="15" VPOS="456" HPOS="850"/>
                  <String HEIGHT="53" WIDTH="105" VPOS="456" HPOS="805" CONTENT="hoc"/>
                  <SP HEIGHT="53" WIDTH="15" VPOS="456" HPOS="909"/>
                  <String HEIGHT="53"
                          WIDTH="164"
                          VPOS="456"
                          HPOS="865"
                          CONTENT="propter"/>
                  <SP HEIGHT="53" WIDTH="15" VPOS="456" HPOS="1029"/>
                  <String HEIGHT="53"
                          WIDTH="224"
                          VPOS="456"
                          HPOS="984"
                          CONTENT="additionem,"/>
                  <SP HEIGHT="53" WIDTH="15" VPOS="456" HPOS="1208"/>
                  <String HEIGHT="53"
                          WIDTH="120"
                          VPOS="456"
                          HPOS="1163"
                          CONTENT="quae"/>
                  <SP HEIGHT="53" WIDTH="15" VPOS="456" HPOS="1283"/>
                  <String HEIGHT="53" WIDTH="30" VPOS="456" HPOS="1223" CONTENT=""/>
               </TextLine>
               <TextLine ID="r3l21"
                         BASELINE="538"
                         HEIGHT="37"
                         WIDTH="510"
                         VPOS="501"
                         HPOS="745">
                  <String HEIGHT="37" WIDTH="83" VPOS="501" HPOS="733" CONTENT="est"/>
                  <SP HEIGHT="37" WIDTH="12" VPOS="501" HPOS="816"/>
                  <String HEIGHT="37" WIDTH="71" VPOS="501" HPOS="781" CONTENT="in"/>
                  <SP HEIGHT="37" WIDTH="12" VPOS="501" HPOS="852"/>
                  <String HEIGHT="37" WIDTH="83" VPOS="501" HPOS="816" CONTENT="sua"/>
                  <SP HEIGHT="37" WIDTH="12" VPOS="501" HPOS="899"/>
                  <String HEIGHT="37"
                          WIDTH="190"
                          VPOS="501"
                          HPOS="864"
                          CONTENT="definitione."/>
                  <SP HEIGHT="37" WIDTH="12" VPOS="501" HPOS="1053"/>
                  <String HEIGHT="37" WIDTH="71" VPOS="501" HPOS="1018" CONTENT="id"/>
                  <SP HEIGHT="37" WIDTH="12" VPOS="501" HPOS="1089"/>
                  <String HEIGHT="37" WIDTH="83" VPOS="501" HPOS="1053" CONTENT="est"/>
                  <SP HEIGHT="37" WIDTH="12" VPOS="501" HPOS="1136"/>
                  <String HEIGHT="37"
                          WIDTH="130"
                          VPOS="501"
                          HPOS="1101"
                          CONTENT="quoniam"/>
                  <SP HEIGHT="37" WIDTH="12" VPOS="501" HPOS="1231"/>
                  <String HEIGHT="37"
                          WIDTH="71"
                          VPOS="501"
                          HPOS="1184"
                          CONTENT="com"
                          SUBS_TYPE="HypPart1"
                          SUBS_CONTENT="compositum"/>
                  <HYP CONTENT="-"/>
               </TextLine>
               <TextLine ID="r3l23"
                         BASELINE="584"
                         HEIGHT="50"
                         WIDTH="502"
                         VPOS="534"
                         HPOS="747">
                  <String HEIGHT="50"
                          WIDTH="173"
                          VPOS="534"
                          HPOS="731"
                          CONTENT="positum"
                          SUBS_TYPE="HypPart2"
                          SUBS_CONTENT="compositum"/>
                  <SP HEIGHT="50" WIDTH="16" VPOS="534" HPOS="904"/>
                  <String HEIGHT="50" WIDTH="94" VPOS="534" HPOS="857" CONTENT="ex"/>
                  <SP HEIGHT="50" WIDTH="16" VPOS="534" HPOS="951"/>
                  <String HEIGHT="50"
                          WIDTH="157"
                          VPOS="534"
                          HPOS="904"
                          CONTENT="duobus"/>
                  <SP HEIGHT="50" WIDTH="16" VPOS="534" HPOS="1061"/>
                  <String HEIGHT="50"
                          WIDTH="204"
                          VPOS="534"
                          HPOS="1014"
                          CONTENT="definitur"/>
                  <SP HEIGHT="50" WIDTH="16" VPOS="534" HPOS="1218"/>
                  <String HEIGHT="50"
                          WIDTH="94"
                          VPOS="534"
                          HPOS="1155"
                          CONTENT="com"
                          SUBS_TYPE="HypPart1"
                          SUBS_CONTENT="composite"/>
                  <HYP CONTENT="-"/>
               </TextLine>
               <TextLine ID="r3l24"
                         BASELINE="619"
                         HEIGHT="43"
                         WIDTH="490"
                         VPOS="576"
                         HPOS="752">
                  <String HEIGHT="43"
                          WIDTH="144"
                          VPOS="576"
                          HPOS="738"
                          CONTENT="posite"
                          SUBS_TYPE="HypPart2"
                          SUBS_CONTENT="composite"/>
                  <SP HEIGHT="43" WIDTH="14" VPOS="576" HPOS="882"/>
                  <String HEIGHT="43" WIDTH="86" VPOS="576" HPOS="838" CONTENT="ex"/>
                  <SP HEIGHT="43" WIDTH="14" VPOS="576" HPOS="925"/>
                  <String HEIGHT="43"
                          WIDTH="144"
                          VPOS="576"
                          HPOS="882"
                          CONTENT="duabus"/>
                  <SP HEIGHT="43" WIDTH="14" VPOS="576" HPOS="1026"/>
                  <String HEIGHT="43"
                          WIDTH="259"
                          VPOS="576"
                          HPOS="983"
                          CONTENT="definitionibus"/>
                  <SP HEIGHT="43" WIDTH="14" VPOS="576" HPOS="1242"/>
                  <String HEIGHT="43" WIDTH="58" VPOS="576" HPOS="1184" CONTENT="il"/>
               </TextLine>
               <TextLine ID="r3l26"
                         BASELINE="657"
                         HEIGHT="44"
                         WIDTH="505"
                         VPOS="613"
                         HPOS="746">
                  <String HEIGHT="44"
                          WIDTH="138"
                          VPOS="613"
                          HPOS="731"
                          CONTENT="lorum"/>
                  <SP HEIGHT="44" WIDTH="15" VPOS="613" HPOS="868"/>
                  <String HEIGHT="44"
                          WIDTH="168"
                          VPOS="613"
                          HPOS="823"
                          CONTENT="duorum."/>
                  <SP HEIGHT="44" WIDTH="15" VPOS="613" HPOS="991"/>
                  <String HEIGHT="44" WIDTH="77" VPOS="613" HPOS="945" CONTENT="&amp;"/>
                  <SP HEIGHT="44" WIDTH="15" VPOS="613" HPOS="1021"/>
                  <String HEIGHT="44"
                          WIDTH="122"
                          VPOS="613"
                          HPOS="976"
                          CONTENT="ideo"/>
                  <SP HEIGHT="44" WIDTH="15" VPOS="613" HPOS="1098"/>
                  <String HEIGHT="44"
                          WIDTH="199"
                          VPOS="613"
                          HPOS="1052"
                          CONTENT="sequitur,"/>
                  <SP HEIGHT="44" WIDTH="15" VPOS="613" HPOS="1251"/>
                  <String HEIGHT="44" WIDTH="61" VPOS="613" HPOS="1190" CONTENT="vt"/>
               </TextLine>
               <TextLine ID="r3l29"
                         BASELINE="691"
                         HEIGHT="38"
                         WIDTH="492"
                         VPOS="653"
                         HPOS="747">
                  <String HEIGHT="38"
                          WIDTH="178"
                          VPOS="653"
                          HPOS="733"
                          CONTENT="definitio"/>
                  <SP HEIGHT="38" WIDTH="14" VPOS="653" HPOS="911"/>
                  <String HEIGHT="38"
                          WIDTH="109"
                          VPOS="653"
                          HPOS="870"
                          CONTENT="albi"/>
                  <SP HEIGHT="38" WIDTH="14" VPOS="653" HPOS="979"/>
                  <String HEIGHT="38" WIDTH="96" VPOS="653" HPOS="938" CONTENT="sit"/>
                  <SP HEIGHT="38" WIDTH="14" VPOS="653" HPOS="1034"/>
                  <String HEIGHT="38"
                          WIDTH="178"
                          VPOS="653"
                          HPOS="993"
                          CONTENT="composita"/>
                  <SP HEIGHT="38" WIDTH="14" VPOS="653" HPOS="1171"/>
                  <String HEIGHT="38" WIDTH="82" VPOS="653" HPOS="1130" CONTENT="ex"/>
                  <SP HEIGHT="38" WIDTH="14" VPOS="653" HPOS="1212"/>
                  <String HEIGHT="38"
                          WIDTH="82"
                          VPOS="653"
                          HPOS="1157"
                          CONTENT="defi"/>
               </TextLine>
               <TextLine ID="r3l31"
                         BASELINE="738"
                         HEIGHT="45"
                         WIDTH="503"
                         VPOS="693"
                         HPOS="746">
                  <String HEIGHT="45"
                          WIDTH="150"
                          VPOS="693"
                          HPOS="732"
                          CONTENT="nitione"/>
                  <SP HEIGHT="45" WIDTH="14" VPOS="693" HPOS="882"/>
                  <String HEIGHT="45"
                          WIDTH="190"
                          VPOS="693"
                          HPOS="841"
                          CONTENT="albedinis,"/>
                  <SP HEIGHT="45" WIDTH="14" VPOS="693" HPOS="1031"/>
                  <String HEIGHT="45" WIDTH="68" VPOS="693" HPOS="991" CONTENT="&amp;"/>
                  <SP HEIGHT="45" WIDTH="14" VPOS="693" HPOS="1059"/>
                  <String HEIGHT="45"
                          WIDTH="204"
                          VPOS="693"
                          HPOS="1018"
                          CONTENT="definitione"/>
                  <SP HEIGHT="45" WIDTH="14" VPOS="693" HPOS="1222"/>
                  <String HEIGHT="45"
                          WIDTH="82"
                          VPOS="693"
                          HPOS="1167"
                          CONTENT="sub"
                          SUBS_TYPE="HypPart1"
                          SUBS_CONTENT="subiecti"/>
                  <HYP CONTENT="-"/>
               </TextLine>
               <TextLine ID="r3l32"
                         BASELINE="781"
                         HEIGHT="48"
                         WIDTH="504"
                         VPOS="733"
                         HPOS="741">
                  <String HEIGHT="48"
                          WIDTH="116"
                          VPOS="733"
                          HPOS="728"
                          CONTENT="iecti"
                          SUBS_TYPE="HypPart2"
                          SUBS_CONTENT="subiecti"/>
                  <SP HEIGHT="48" WIDTH="13" VPOS="733" HPOS="844"/>
                  <String HEIGHT="48"
                          WIDTH="181"
                          VPOS="733"
                          HPOS="806"
                          CONTENT="albedinis."/>
                  <SP HEIGHT="48" WIDTH="13" VPOS="733" HPOS="987"/>
                  <String HEIGHT="48" WIDTH="90" VPOS="733" HPOS="948" CONTENT="Et,"/>
                  <SP HEIGHT="48" WIDTH="13" VPOS="733" HPOS="1038"/>
                  <String HEIGHT="48"
                          WIDTH="103"
                          VPOS="733"
                          HPOS="999"
                          CONTENT="quia"/>
                  <SP HEIGHT="48" WIDTH="13" VPOS="733" HPOS="1103"/>
                  <String HEIGHT="48" WIDTH="78" VPOS="733" HPOS="1064" CONTENT="in"/>
                  <SP HEIGHT="48" WIDTH="13" VPOS="733" HPOS="1142"/>
                  <String HEIGHT="48"
                          WIDTH="155"
                          VPOS="733"
                          HPOS="1090"
                          CONTENT="definitio"
                          SUBS_TYPE="HypPart1"
                          SUBS_CONTENT="definitione"/>
                  <HYP CONTENT="-"/>
               </TextLine>
               <TextLine ID="r3l35"
                         BASELINE="810"
                         HEIGHT="38"
                         WIDTH="496"
                         VPOS="772"
                         HPOS="751">
                  <String HEIGHT="38"
                          WIDTH="83"
                          VPOS="772"
                          HPOS="737"
                          CONTENT="ne"
                          SUBS_TYPE="HypPart2"
                          SUBS_CONTENT="definitione"/>
                  <SP HEIGHT="38" WIDTH="14" VPOS="772" HPOS="820"/>
                  <String HEIGHT="38"
                          WIDTH="179"
                          VPOS="772"
                          HPOS="779"
                          CONTENT="albedinis"/>
                  <SP HEIGHT="38" WIDTH="14" VPOS="772" HPOS="958"/>
                  <String HEIGHT="38"
                          WIDTH="179"
                          VPOS="772"
                          HPOS="916"
                          CONTENT="accipitur"/>
                  <SP HEIGHT="38" WIDTH="14" VPOS="772" HPOS="1095"/>
                  <String HEIGHT="38"
                          WIDTH="179"
                          VPOS="772"
                          HPOS="1054"
                          CONTENT="definitio"/>
                  <SP HEIGHT="38" WIDTH="14" VPOS="772" HPOS="1233"/>
                  <String HEIGHT="38" WIDTH="69" VPOS="772" HPOS="1178" CONTENT="sub"/>
               </TextLine>
               <TextLine ID="r3l36"
                         BASELINE="862"
                         HEIGHT="53"
                         WIDTH="493"
                         VPOS="809"
                         HPOS="754">
                  <String HEIGHT="53"
                          WIDTH="123"
                          VPOS="809"
                          HPOS="742"
                          CONTENT="iecti,"/>
                  <SP HEIGHT="53" WIDTH="12" VPOS="809" HPOS="865"/>
                  <String HEIGHT="53"
                          WIDTH="160"
                          VPOS="809"
                          HPOS="828"
                          CONTENT="contingit"/>
                  <SP HEIGHT="53" WIDTH="12" VPOS="809" HPOS="988"/>
                  <String HEIGHT="53" WIDTH="99" VPOS="809" HPOS="951" CONTENT="quod"/>
                  <SP HEIGHT="53" WIDTH="12" VPOS="809" HPOS="1050"/>
                  <String HEIGHT="53" WIDTH="74" VPOS="809" HPOS="1013" CONTENT="in"/>
                  <SP HEIGHT="53" WIDTH="12" VPOS="809" HPOS="1087"/>
                  <String HEIGHT="53"
                          WIDTH="185"
                          VPOS="809"
                          HPOS="1050"
                          CONTENT="definitione"/>
                  <SP HEIGHT="53" WIDTH="12" VPOS="809" HPOS="1235"/>
                  <String HEIGHT="53"
                          WIDTH="62"
                          VPOS="809"
                          HPOS="1185"
                          CONTENT="al"
                          SUBS_TYPE="HypPart1"
                          SUBS_CONTENT="albi"/>
                  <HYP CONTENT="-"/>
               </TextLine>
               <TextLine ID="r3l39"
                         BASELINE="902"
                         HEIGHT="54"
                         WIDTH="502"
                         VPOS="848"
                         HPOS="753">
                  <String HEIGHT="54"
                          WIDTH="81"
                          VPOS="848"
                          HPOS="739"
                          CONTENT="bi"
                          SUBS_TYPE="HypPart2"
                          SUBS_CONTENT="albi"/>
                  <SP HEIGHT="54" WIDTH="14" VPOS="848" HPOS="821"/>
                  <String HEIGHT="54"
                          WIDTH="190"
                          VPOS="848"
                          HPOS="780"
                          CONTENT="accipiatur"/>
                  <SP HEIGHT="54" WIDTH="14" VPOS="848" HPOS="970"/>
                  <String HEIGHT="54"
                          WIDTH="176"
                          VPOS="848"
                          HPOS="929"
                          CONTENT="definitio"/>
                  <SP HEIGHT="54" WIDTH="14" VPOS="848" HPOS="1106"/>
                  <String HEIGHT="54"
                          WIDTH="163"
                          VPOS="848"
                          HPOS="1065"
                          CONTENT="subiecti"/>
                  <SP HEIGHT="54" WIDTH="14" VPOS="848" HPOS="1228"/>
                  <String HEIGHT="54"
                          WIDTH="81"
                          VPOS="848"
                          HPOS="1174"
                          CONTENT="bis."/>
               </TextLine>
               <TextLine ID="r3l41"
                         BASELINE="942"
                         HEIGHT="54"
                         WIDTH="506"
                         VPOS="888"
                         HPOS="749">
                  <String HEIGHT="54"
                          WIDTH="101"
                          VPOS="888"
                          HPOS="736"
                          CONTENT="ista"/>
                  <SP HEIGHT="54" WIDTH="13" VPOS="888" HPOS="838"/>
                  <String HEIGHT="54"
                          WIDTH="127"
                          VPOS="888"
                          HPOS="800"
                          CONTENT="igitur"/>
                  <SP HEIGHT="54" WIDTH="13" VPOS="888" HPOS="926"/>
                  <String HEIGHT="54" WIDTH="89" VPOS="888" HPOS="888" CONTENT="est"/>
                  <SP HEIGHT="54" WIDTH="13" VPOS="888" HPOS="977"/>
                  <String HEIGHT="54"
                          WIDTH="152"
                          VPOS="888"
                          HPOS="939"
                          CONTENT="additio,"/>
                  <SP HEIGHT="54" WIDTH="13" VPOS="888" HPOS="1091"/>
                  <String HEIGHT="54"
                          WIDTH="101"
                          VPOS="888"
                          HPOS="1053"
                          CONTENT="quae"/>
                  <SP HEIGHT="54" WIDTH="13" VPOS="888" HPOS="1154"/>
                  <String HEIGHT="54"
                          WIDTH="152"
                          VPOS="888"
                          HPOS="1103"
                          CONTENT="accipitur,"/>
               </TextLine>
               <TextLine ID="r3l43"
                         BASELINE="968"
                         HEIGHT="41"
                         WIDTH="514"
                         VPOS="927"
                         HPOS="745">
                  <String HEIGHT="41" WIDTH="86" VPOS="927" HPOS="731" CONTENT="in"/>
                  <SP HEIGHT="41" WIDTH="14" VPOS="927" HPOS="816"/>
                  <String HEIGHT="41"
                          WIDTH="214"
                          VPOS="927"
                          HPOS="774"
                          CONTENT="definitione"/>
                  <SP HEIGHT="41" WIDTH="14" VPOS="927" HPOS="988"/>
                  <String HEIGHT="41"
                          WIDTH="129"
                          VPOS="927"
                          HPOS="945"
                          CONTENT="albi."/>
                  <SP HEIGHT="41" WIDTH="14" VPOS="927" HPOS="1073"/>
                  <String HEIGHT="41" WIDTH="71" VPOS="927" HPOS="1031" CONTENT="&amp;"/>
                  <SP HEIGHT="41" WIDTH="14" VPOS="927" HPOS="1102"/>
                  <String HEIGHT="41"
                          WIDTH="100"
                          VPOS="927"
                          HPOS="1059"
                          CONTENT="hoc"/>
                  <SP HEIGHT="41" WIDTH="14" VPOS="927" HPOS="1159"/>
                  <String HEIGHT="41"
                          WIDTH="100"
                          VPOS="927"
                          HPOS="1116"
                          CONTENT="non"/>
                  <SP HEIGHT="41" WIDTH="14" VPOS="927" HPOS="1216"/>
                  <String HEIGHT="41"
                          WIDTH="100"
                          VPOS="927"
                          HPOS="1159"
                          CONTENT="acci"
                          SUBS_TYPE="HypPart1"
                          SUBS_CONTENT="accidit"/>
                  <HYP CONTENT="-"/>
               </TextLine>
               <TextLine ID="r3l45"
                         BASELINE="1017"
                         HEIGHT="51"
                         WIDTH="497"
                         VPOS="966"
                         HPOS="752">
                  <String HEIGHT="51"
                          WIDTH="94"
                          VPOS="966"
                          HPOS="739"
                          CONTENT="dit"
                          SUBS_TYPE="HypPart2"
                          SUBS_CONTENT="accidit"/>
                  <SP HEIGHT="51" WIDTH="13" VPOS="966" HPOS="833"/>
                  <String HEIGHT="51" WIDTH="81" VPOS="966" HPOS="792" CONTENT="in"/>
                  <SP HEIGHT="51" WIDTH="13" VPOS="966" HPOS="873"/>
                  <String HEIGHT="51"
                          WIDTH="188"
                          VPOS="966"
                          HPOS="833"
                          CONTENT="compositis"/>
                  <SP HEIGHT="51" WIDTH="13" VPOS="966" HPOS="1021"/>
                  <String HEIGHT="51" WIDTH="81" VPOS="966" HPOS="980" CONTENT="ex"/>
                  <SP HEIGHT="51" WIDTH="13" VPOS="966" HPOS="1061"/>
                  <String HEIGHT="51"
                          WIDTH="215"
                          VPOS="966"
                          HPOS="1021"
                          CONTENT="substantiis."/>
                  <SP HEIGHT="51" WIDTH="13" VPOS="966" HPOS="1236"/>
                  <String HEIGHT="51" WIDTH="67" VPOS="966" HPOS="1182" CONTENT="ver"/>
               </TextLine>
               <TextLine ID="r3l47"
                         BASELINE="1050"
                         HEIGHT="44"
                         WIDTH="500"
                         VPOS="1006"
                         HPOS="750">
                  <String HEIGHT="44" WIDTH="91" VPOS="1006" HPOS="735" CONTENT="bi"/>
                  <SP HEIGHT="44" WIDTH="15" VPOS="1006" HPOS="826"/>
                  <String HEIGHT="44"
                          WIDTH="152"
                          VPOS="1006"
                          HPOS="780"
                          CONTENT="gratia"/>
                  <SP HEIGHT="44" WIDTH="15" VPOS="1006" HPOS="932"/>
                  <String HEIGHT="44"
                          WIDTH="167"
                          VPOS="1006"
                          HPOS="886"
                          CONTENT="quoniam"/>
                  <SP HEIGHT="44" WIDTH="15" VPOS="1006" HPOS="1053"/>
                  <String HEIGHT="44"
                          WIDTH="197"
                          VPOS="1006"
                          HPOS="1008"
                          CONTENT="definitio"/>
                  <SP HEIGHT="44" WIDTH="15" VPOS="1006" HPOS="1205"/>
                  <String HEIGHT="44"
                          WIDTH="106"
                          VPOS="1006"
                          HPOS="1144"
                          CONTENT="homi"
                          SUBS_TYPE="HypPart1"
                          SUBS_CONTENT="hominis"/>
                  <HYP CONTENT="-"/>
               </TextLine>
               <TextLine ID="r3l49"
                         BASELINE="1090"
                         HEIGHT="41"
                         WIDTH="495"
                         VPOS="1049"
                         HPOS="755">
                  <String HEIGHT="41"
                          WIDTH="102"
                          VPOS="1049"
                          HPOS="740"
                          CONTENT="nis"
                          SUBS_TYPE="HypPart2"
                          SUBS_CONTENT="hominis"/>
                  <SP HEIGHT="41" WIDTH="15" VPOS="1049" HPOS="842"/>
                  <String HEIGHT="41"
                          WIDTH="204"
                          VPOS="1049"
                          HPOS="799"
                          CONTENT="componitur"/>
                  <SP HEIGHT="41" WIDTH="15" VPOS="1049" HPOS="1003"/>
                  <String HEIGHT="41" WIDTH="87" VPOS="1049" HPOS="959" CONTENT="ex"/>
                  <SP HEIGHT="41" WIDTH="15" VPOS="1049" HPOS="1046"/>
                  <String HEIGHT="41"
                          WIDTH="218"
                          VPOS="1049"
                          HPOS="1003"
                          CONTENT="animalitate"/>
                  <SP HEIGHT="41" WIDTH="15" VPOS="1049" HPOS="1221"/>
                  <String HEIGHT="41" WIDTH="73" VPOS="1049" HPOS="1177" CONTENT="&amp;"/>
                  <SP HEIGHT="41" WIDTH="15" VPOS="1049" HPOS="1250"/>
                  <String HEIGHT="41" WIDTH="58" VPOS="1049" HPOS="1192" CONTENT="ra"/>
               </TextLine>
               <TextLine ID="r3l51"
                         BASELINE="1122"
                         HEIGHT="37"
                         WIDTH="494"
                         VPOS="1085"
                         HPOS="757">
                  <String HEIGHT="37"
                          WIDTH="214"
                          VPOS="1085"
                          HPOS="744"
                          CONTENT="tionalitate,"/>
                  <SP HEIGHT="37" WIDTH="13" VPOS="1085" HPOS="957"/>
                  <String HEIGHT="37" WIDTH="67" VPOS="1085" HPOS="917" CONTENT="&amp;"/>
                  <SP HEIGHT="37" WIDTH="13" VPOS="1085" HPOS="984"/>
                  <String HEIGHT="37" WIDTH="93" VPOS="1085" HPOS="944" CONTENT="non"/>
                  <SP HEIGHT="37" WIDTH="13" VPOS="1085" HPOS="1037"/>
                  <String HEIGHT="37"
                          WIDTH="147"
                          VPOS="1085"
                          HPOS="997"
                          CONTENT="accidit"/>
                  <SP HEIGHT="37" WIDTH="13" VPOS="1085" HPOS="1144"/>
                  <String HEIGHT="37" WIDTH="80" VPOS="1085" HPOS="1104" CONTENT="ex"/>
                  <SP HEIGHT="37" WIDTH="13" VPOS="1085" HPOS="1184"/>
                  <String HEIGHT="37"
                          WIDTH="93"
                          VPOS="1085"
                          HPOS="1144"
                          CONTENT="hoc"/>
                  <SP HEIGHT="37" WIDTH="13" VPOS="1085" HPOS="1238"/>
                  <String HEIGHT="37"
                          WIDTH="67"
                          VPOS="1085"
                          HPOS="1184"
                          CONTENT="ite"/>
               </TextLine>
               <TextLine ID="r3l53"
                         BASELINE="1173"
                         HEIGHT="47"
                         WIDTH="505"
                         VPOS="1126"
                         HPOS="748">
                  <String HEIGHT="47"
                          WIDTH="144"
                          VPOS="1126"
                          HPOS="734"
                          CONTENT="ratio,"/>
                  <SP HEIGHT="47" WIDTH="14" VPOS="1126" HPOS="878"/>
                  <String HEIGHT="47"
                          WIDTH="115"
                          VPOS="1126"
                          HPOS="835"
                          CONTENT="quae"/>
                  <SP HEIGHT="47" WIDTH="14" VPOS="1126" HPOS="950"/>
                  <String HEIGHT="47"
                          WIDTH="159"
                          VPOS="1126"
                          HPOS="907"
                          CONTENT="accidit"/>
                  <SP HEIGHT="47" WIDTH="14" VPOS="1126" HPOS="1065"/>
                  <String HEIGHT="47" WIDTH="87" VPOS="1126" HPOS="1022" CONTENT="in"/>
                  <SP HEIGHT="47" WIDTH="14" VPOS="1126" HPOS="1109"/>
                  <String HEIGHT="47"
                          WIDTH="188"
                          VPOS="1126"
                          HPOS="1065"
                          CONTENT="composito"/>
                  <SP HEIGHT="47" WIDTH="14" VPOS="1126" HPOS="1253"/>
                  <String HEIGHT="47" WIDTH="58" VPOS="1126" HPOS="1195" CONTENT="ex"/>
               </TextLine>
               <TextLine ID="r3l56"
                         BASELINE="1202"
                         HEIGHT="38"
                         WIDTH="502"
                         VPOS="1164"
                         HPOS="751">
                  <String HEIGHT="38"
                          WIDTH="190"
                          VPOS="1164"
                          HPOS="737"
                          CONTENT="substantia"/>
                  <SP HEIGHT="38" WIDTH="14" VPOS="1164" HPOS="927"/>
                  <String HEIGHT="38" WIDTH="68" VPOS="1164" HPOS="887" CONTENT="&amp;"/>
                  <SP HEIGHT="38" WIDTH="14" VPOS="1164" HPOS="955"/>
                  <String HEIGHT="38"
                          WIDTH="190"
                          VPOS="1164"
                          HPOS="914"
                          CONTENT="accidente."/>
                  <SP HEIGHT="38" WIDTH="14" VPOS="1164" HPOS="1104"/>
                  <String HEIGHT="38"
                          WIDTH="122"
                          VPOS="1164"
                          HPOS="1063"
                          CONTENT="Dinde"/>
                  <SP HEIGHT="38" WIDTH="14" VPOS="1164" HPOS="1185"/>
                  <String HEIGHT="38"
                          WIDTH="136"
                          VPOS="1164"
                          HPOS="1144"
                          CONTENT="dicit:"/>
                  <SP HEIGHT="38" WIDTH="14" VPOS="1164" HPOS="1280"/>
                  <String HEIGHT="38" WIDTH="27" VPOS="1164" HPOS="1226" CONTENT=""/>
               </TextLine>
               <TextLine ID="r3l57"
                         BASELINE="1255"
                         HEIGHT="51"
                         WIDTH="494"
                         VPOS="1204"
                         HPOS="757">
                  <String HEIGHT="51"
                          WIDTH="165"
                          VPOS="1204"
                          HPOS="744"
                          CONTENT="Definitio"/>
                  <SP HEIGHT="51" WIDTH="13" VPOS="1204" HPOS="909"/>
                  <String HEIGHT="51"
                          WIDTH="139"
                          VPOS="1204"
                          HPOS="871"
                          CONTENT="igitur,"/>
                  <SP HEIGHT="51" WIDTH="13" VPOS="1204" HPOS="1010"/>
                  <String HEIGHT="51" WIDTH="89" VPOS="1204" HPOS="972" CONTENT="&amp;c."/>
                  <SP HEIGHT="51" WIDTH="13" VPOS="1204" HPOS="1061"/>
                  <String HEIGHT="51" WIDTH="76" VPOS="1204" HPOS="1023" CONTENT="i."/>
                  <SP HEIGHT="51" WIDTH="13" VPOS="1204" HPOS="1099"/>
                  <String HEIGHT="51"
                          WIDTH="165"
                          VPOS="1204"
                          HPOS="1061"
                          CONTENT="definitio"/>
                  <SP HEIGHT="51" WIDTH="13" VPOS="1204" HPOS="1226"/>
                  <String HEIGHT="51"
                          WIDTH="76"
                          VPOS="1204"
                          HPOS="1175"
                          CONTENT="per"
                          SUBS_TYPE="HypPart1"
                          SUBS_CONTENT="perfecta"/>
                  <HYP CONTENT="-"/>
               </TextLine>
               <TextLine ID="r3l60"
                         BASELINE="1283"
                         HEIGHT="43"
                         WIDTH="503"
                         VPOS="1240"
                         HPOS="750">
                  <String HEIGHT="43"
                          WIDTH="129"
                          VPOS="1240"
                          HPOS="736"
                          CONTENT="fecta"
                          SUBS_TYPE="HypPart2"
                          SUBS_CONTENT="perfecta"/>
                  <SP HEIGHT="43" WIDTH="14" VPOS="1240" HPOS="865"/>
                  <String HEIGHT="43"
                          WIDTH="101"
                          VPOS="1240"
                          HPOS="822"
                          CONTENT="est"/>
                  <SP HEIGHT="43" WIDTH="14" VPOS="1240" HPOS="922"/>
                  <String HEIGHT="43"
                          WIDTH="144"
                          VPOS="1240"
                          HPOS="879"
                          CONTENT="sermo,"/>
                  <SP HEIGHT="43" WIDTH="14" VPOS="1240" HPOS="1023"/>
                  <String HEIGHT="43"
                          WIDTH="101"
                          VPOS="1240"
                          HPOS="980"
                          CONTENT="qui"/>
                  <SP HEIGHT="43" WIDTH="14" VPOS="1240" HPOS="1081"/>
                  <String HEIGHT="43"
                          WIDTH="101"
                          VPOS="1240"
                          HPOS="1037"
                          CONTENT="cum"/>
                  <SP HEIGHT="43" WIDTH="14" VPOS="1240" HPOS="1138"/>
                  <String HEIGHT="43"
                          WIDTH="172"
                          VPOS="1240"
                          HPOS="1081"
                          CONTENT="completur,"/>
               </TextLine>
               <TextLine ID="r3l61"
                         BASELINE="1333"
                         HEIGHT="44"
                         WIDTH="504"
                         VPOS="1289"
                         HPOS="748">
                  <String HEIGHT="44"
                          WIDTH="101"
                          VPOS="1289"
                          HPOS="734"
                          CONTENT="non"/>
                  <SP HEIGHT="44" WIDTH="14" VPOS="1289" HPOS="834"/>
                  <String HEIGHT="44"
                          WIDTH="187"
                          VPOS="1289"
                          HPOS="791"
                          CONTENT="remanebit"/>
                  <SP HEIGHT="44" WIDTH="14" VPOS="1289" HPOS="978"/>
                  <String HEIGHT="44" WIDTH="86" VPOS="1289" HPOS="935" CONTENT="in"/>
                  <SP HEIGHT="44" WIDTH="14" VPOS="1289" HPOS="1022"/>
                  <String HEIGHT="44" WIDTH="86" VPOS="1289" HPOS="978" CONTENT="eo"/>
                  <SP HEIGHT="44" WIDTH="14" VPOS="1289" HPOS="1065"/>
                  <String HEIGHT="44"
                          WIDTH="158"
                          VPOS="1289"
                          HPOS="1022"
                          CONTENT="aliquod"/>
                  <SP HEIGHT="44" WIDTH="14" VPOS="1289" HPOS="1180"/>
                  <String HEIGHT="44"
                          WIDTH="101"
                          VPOS="1289"
                          HPOS="1137"
                          CONTENT="ens"/>
                  <SP HEIGHT="44" WIDTH="14" VPOS="1289" HPOS="1238"/>
                  <String HEIGHT="44" WIDTH="86" VPOS="1289" HPOS="1194" CONTENT="in"/>
                  <SP HEIGHT="44" WIDTH="14" VPOS="1289" HPOS="1281"/>
                  <String HEIGHT="44" WIDTH="29" VPOS="1289" HPOS="1223" CONTENT=""/>
               </TextLine>
               <TextLine ID="r3l64"
                         BASELINE="1373"
                         HEIGHT="53"
                         WIDTH="499"
                         VPOS="1320"
                         HPOS="750">
                  <String HEIGHT="53"
                          WIDTH="132"
                          VPOS="1320"
                          HPOS="735"
                          CONTENT="actu,"/>
                  <SP HEIGHT="53" WIDTH="15" VPOS="1320" HPOS="867"/>
                  <String HEIGHT="53" WIDTH="88" VPOS="1320" HPOS="823" CONTENT="de"/>
                  <SP HEIGHT="53" WIDTH="15" VPOS="1320" HPOS="911"/>
                  <String HEIGHT="53"
                          WIDTH="103"
                          VPOS="1320"
                          HPOS="867"
                          CONTENT="quo"/>
                  <SP HEIGHT="53" WIDTH="15" VPOS="1320" HPOS="970"/>
                  <String HEIGHT="53"
                          WIDTH="205"
                          VPOS="1320"
                          HPOS="926"
                          CONTENT="interrogat"/>
                  <SP HEIGHT="53" WIDTH="15" VPOS="1320" HPOS="1132"/>
                  <String HEIGHT="53"
                          WIDTH="103"
                          VPOS="1320"
                          HPOS="1088"
                          CONTENT="per"/>
                  <SP HEIGHT="53" WIDTH="15" VPOS="1320" HPOS="1190"/>
                  <String HEIGHT="53"
                          WIDTH="132"
                          VPOS="1320"
                          HPOS="1146"
                          CONTENT="quid,"/>
                  <SP HEIGHT="53" WIDTH="15" VPOS="1320" HPOS="1278"/>
                  <String HEIGHT="53" WIDTH="29" VPOS="1320" HPOS="1220" CONTENT=""/>
               </TextLine>
               <TextLine ID="r3l66"
                         BASELINE="1411"
                         HEIGHT="51"
                         WIDTH="502"
                         VPOS="1360"
                         HPOS="750">
                  <String HEIGHT="51" WIDTH="95" VPOS="1360" HPOS="736" CONTENT="cum"/>
                  <SP HEIGHT="51" WIDTH="14" VPOS="1360" HPOS="831"/>
                  <String HEIGHT="51" WIDTH="81" VPOS="1360" HPOS="791" CONTENT="in"/>
                  <SP HEIGHT="51" WIDTH="14" VPOS="1360" HPOS="872"/>
                  <String HEIGHT="51" WIDTH="81" VPOS="1360" HPOS="831" CONTENT="eo"/>
                  <SP HEIGHT="51" WIDTH="14" VPOS="1360" HPOS="913"/>
                  <String HEIGHT="51" WIDTH="95" VPOS="1360" HPOS="872" CONTENT="sit"/>
                  <SP HEIGHT="51" WIDTH="14" VPOS="1360" HPOS="967"/>
                  <String HEIGHT="51"
                          WIDTH="109"
                          VPOS="1360"
                          HPOS="926"
                          CONTENT="data"/>
                  <SP HEIGHT="51" WIDTH="14" VPOS="1360" HPOS="1035"/>
                  <String HEIGHT="51"
                          WIDTH="176"
                          VPOS="1360"
                          HPOS="994"
                          CONTENT="quiditas,"/>
                  <SP HEIGHT="51" WIDTH="14" VPOS="1360" HPOS="1171"/>
                  <String HEIGHT="51"
                          WIDTH="109"
                          VPOS="1360"
                          HPOS="1130"
                          CONTENT="quod"/>
                  <SP HEIGHT="51" WIDTH="14" VPOS="1360" HPOS="1238"/>
                  <String HEIGHT="51"
                          WIDTH="68"
                          VPOS="1360"
                          HPOS="1184"
                          CONTENT="est"/>
               </TextLine>
               <TextLine ID="r3l68"
                         BASELINE="1442"
                         HEIGHT="45"
                         WIDTH="508"
                         VPOS="1397"
                         HPOS="749">
                  <String HEIGHT="45"
                          WIDTH="104"
                          VPOS="1397"
                          HPOS="736"
                          CONTENT="esse"/>
                  <SP HEIGHT="45" WIDTH="13" VPOS="1397" HPOS="840"/>
                  <String HEIGHT="45"
                          WIDTH="130"
                          VPOS="1397"
                          HPOS="801"
                          CONTENT="illius"/>
                  <SP HEIGHT="45" WIDTH="13" VPOS="1397" HPOS="931"/>
                  <String HEIGHT="45"
                          WIDTH="104"
                          VPOS="1397"
                          HPOS="892"
                          CONTENT="rei,"/>
                  <SP HEIGHT="45" WIDTH="13" VPOS="1397" HPOS="996"/>
                  <String HEIGHT="45" WIDTH="65" VPOS="1397" HPOS="957" CONTENT="&amp;"/>
                  <SP HEIGHT="45" WIDTH="13" VPOS="1397" HPOS="1023"/>
                  <String HEIGHT="45" WIDTH="91" VPOS="1397" HPOS="983" CONTENT="non"/>
                  <SP HEIGHT="45" WIDTH="13" VPOS="1397" HPOS="1075"/>
                  <String HEIGHT="45"
                          WIDTH="91"
                          VPOS="1397"
                          HPOS="1036"
                          CONTENT="est"/>
                  <SP HEIGHT="45" WIDTH="13" VPOS="1397" HPOS="1127"/>
                  <String HEIGHT="45" WIDTH="78" VPOS="1397" HPOS="1088" CONTENT="in"/>
                  <SP HEIGHT="45" WIDTH="13" VPOS="1397" HPOS="1166"/>
                  <String HEIGHT="45" WIDTH="78" VPOS="1397" HPOS="1127" CONTENT="eo"/>
                  <SP HEIGHT="45" WIDTH="13" VPOS="1397" HPOS="1205"/>
                  <String HEIGHT="45"
                          WIDTH="91"
                          VPOS="1397"
                          HPOS="1166"
                          CONTENT="ens"/>
                  <SP HEIGHT="45" WIDTH="13" VPOS="1397" HPOS="1257"/>
                  <String HEIGHT="45" WIDTH="52" VPOS="1397" HPOS="1205" CONTENT="ad"/>
               </TextLine>
               <TextLine ID="r3l69"
                         BASELINE="1479"
                         HEIGHT="44"
                         WIDTH="506"
                         VPOS="1435"
                         HPOS="751">
                  <String HEIGHT="44"
                          WIDTH="120"
                          VPOS="1435"
                          HPOS="738"
                          CONTENT="ditum"/>
                  <SP HEIGHT="44" WIDTH="13" VPOS="1435" HPOS="858"/>
                  <String HEIGHT="44" WIDTH="93" VPOS="1435" HPOS="818" CONTENT="suo"/>
                  <SP HEIGHT="44" WIDTH="13" VPOS="1435" HPOS="911"/>
                  <String HEIGHT="44"
                          WIDTH="120"
                          VPOS="1435"
                          HPOS="871"
                          CONTENT="enti."/>
                  <SP HEIGHT="44" WIDTH="13" VPOS="1435" HPOS="991"/>
                  <String HEIGHT="44" WIDTH="67" VPOS="1435" HPOS="951" CONTENT="&amp;"/>
                  <SP HEIGHT="44" WIDTH="13" VPOS="1435" HPOS="1017"/>
                  <String HEIGHT="44"
                          WIDTH="107"
                          VPOS="1435"
                          HPOS="977"
                          CONTENT="ista"/>
                  <SP HEIGHT="44" WIDTH="13" VPOS="1435" HPOS="1084"/>
                  <String HEIGHT="44"
                          WIDTH="93"
                          VPOS="1435"
                          HPOS="1044"
                          CONTENT="est"/>
                  <SP HEIGHT="44" WIDTH="13" VPOS="1435" HPOS="1137"/>
                  <String HEIGHT="44"
                          WIDTH="173"
                          VPOS="1435"
                          HPOS="1084"
                          CONTENT="differentia"/>
               </TextLine>
               <TextLine ID="r3l72"
                         BASELINE="1517"
                         HEIGHT="40"
                         WIDTH="502"
                         VPOS="1477"
                         HPOS="751">
                  <String HEIGHT="40"
                          WIDTH="126"
                          VPOS="1477"
                          HPOS="737"
                          CONTENT="inter"/>
                  <SP HEIGHT="40" WIDTH="14" VPOS="1477" HPOS="863"/>
                  <String HEIGHT="40"
                          WIDTH="223"
                          VPOS="1477"
                          HPOS="821"
                          CONTENT="definitiones"/>
                  <SP HEIGHT="40" WIDTH="14" VPOS="1477" HPOS="1044"/>
                  <String HEIGHT="40"
                          WIDTH="251"
                          VPOS="1477"
                          HPOS="1002"
                          CONTENT="substantiarum,"/>
                  <SP HEIGHT="40" WIDTH="14" VPOS="1477" HPOS="1253"/>
                  <String HEIGHT="40" WIDTH="70" VPOS="1477" HPOS="1211" CONTENT="&amp;"/>
                  <SP HEIGHT="40" WIDTH="14" VPOS="1477" HPOS="1281"/>
                  <String HEIGHT="40" WIDTH="28" VPOS="1477" HPOS="1225" CONTENT=""/>
               </TextLine>
               <TextLine ID="r3l73"
                         BASELINE="1568"
                         HEIGHT="53"
                         WIDTH="500"
                         VPOS="1515"
                         HPOS="748">
                  <String HEIGHT="53"
                          WIDTH="235"
                          VPOS="1515"
                          HPOS="733"
                          CONTENT="definitiones"/>
                  <SP HEIGHT="53" WIDTH="15" VPOS="1515" HPOS="969"/>
                  <String HEIGHT="53"
                          WIDTH="235"
                          VPOS="1515"
                          HPOS="924"
                          CONTENT="accidentium."/>
                  <SP HEIGHT="53" WIDTH="15" VPOS="1515" HPOS="1160"/>
                  <String HEIGHT="53" WIDTH="88" VPOS="1515" HPOS="1116" CONTENT="Et"/>
                  <SP HEIGHT="53" WIDTH="15" VPOS="1515" HPOS="1204"/>
                  <String HEIGHT="53"
                          WIDTH="103"
                          VPOS="1515"
                          HPOS="1145"
                          CONTENT="quasi"/>
               </TextLine>
               <TextLine ID="r3l75"
                         BASELINE="1607"
                         HEIGHT="54"
                         WIDTH="493"
                         VPOS="1553"
                         HPOS="757">
                  <String HEIGHT="54"
                          WIDTH="137"
                          VPOS="1553"
                          HPOS="743"
                          CONTENT="dicat,"/>
                  <SP HEIGHT="54" WIDTH="14" VPOS="1553" HPOS="880"/>
                  <String HEIGHT="54"
                          WIDTH="123"
                          VPOS="1553"
                          HPOS="839"
                          CONTENT="sermo"/>
                  <SP HEIGHT="54" WIDTH="14" VPOS="1553" HPOS="962"/>
                  <String HEIGHT="54"
                          WIDTH="151"
                          VPOS="1553"
                          HPOS="921"
                          CONTENT="igitur,"/>
                  <SP HEIGHT="54" WIDTH="14" VPOS="1553" HPOS="1072"/>
                  <String HEIGHT="54" WIDTH="82" VPOS="1553" HPOS="1031" CONTENT="in"/>
                  <SP HEIGHT="54" WIDTH="14" VPOS="1553" HPOS="1113"/>
                  <String HEIGHT="54"
                          WIDTH="96"
                          VPOS="1553"
                          HPOS="1072"
                          CONTENT="quo"/>
                  <SP HEIGHT="54" WIDTH="14" VPOS="1553" HPOS="1168"/>
                  <String HEIGHT="54"
                          WIDTH="96"
                          VPOS="1553"
                          HPOS="1127"
                          CONTENT="non"/>
                  <SP HEIGHT="54" WIDTH="14" VPOS="1553" HPOS="1223"/>
                  <String HEIGHT="54"
                          WIDTH="82"
                          VPOS="1553"
                          HPOS="1168"
                          CONTENT="inue"/>
               </TextLine>
               <TextLine ID="r3l77"
                         BASELINE="1642"
                         HEIGHT="44"
                         WIDTH="510"
                         VPOS="1598"
                         HPOS="747">
                  <String HEIGHT="44"
                          WIDTH="131"
                          VPOS="1598"
                          HPOS="732"
                          CONTENT="nitur"/>
                  <SP HEIGHT="44" WIDTH="15" VPOS="1598" HPOS="864"/>
                  <String HEIGHT="44"
                          WIDTH="117"
                          VPOS="1598"
                          HPOS="820"
                          CONTENT="ens,"/>
                  <SP HEIGHT="44" WIDTH="15" VPOS="1598" HPOS="936"/>
                  <String HEIGHT="44" WIDTH="87" VPOS="1598" HPOS="893" CONTENT="de"/>
                  <SP HEIGHT="44" WIDTH="15" VPOS="1598" HPOS="980"/>
                  <String HEIGHT="44"
                          WIDTH="102"
                          VPOS="1598"
                          HPOS="936"
                          CONTENT="quo"/>
                  <SP HEIGHT="44" WIDTH="15" VPOS="1598" HPOS="1038"/>
                  <String HEIGHT="44"
                          WIDTH="233"
                          VPOS="1598"
                          HPOS="995"
                          CONTENT="interrogatur"/>
                  <SP HEIGHT="44" WIDTH="15" VPOS="1598" HPOS="1228"/>
                  <String HEIGHT="44"
                          WIDTH="102"
                          VPOS="1598"
                          HPOS="1184"
                          CONTENT="per"/>
                  <SP HEIGHT="44" WIDTH="15" VPOS="1598" HPOS="1286"/>
                  <String HEIGHT="44" WIDTH="29" VPOS="1598" HPOS="1228" CONTENT=""/>
               </TextLine>
               <TextLine ID="r3l79"
                         BASELINE="1685"
                         HEIGHT="55"
                         WIDTH="496"
                         VPOS="1630"
                         HPOS="752">
                  <String HEIGHT="55"
                          WIDTH="117"
                          VPOS="1630"
                          HPOS="739"
                          CONTENT="quid,"/>
                  <SP HEIGHT="55" WIDTH="13" VPOS="1630" HPOS="856"/>
                  <String HEIGHT="55" WIDTH="91" VPOS="1630" HPOS="817" CONTENT="est"/>
                  <SP HEIGHT="55" WIDTH="13" VPOS="1630" HPOS="909"/>
                  <String HEIGHT="55"
                          WIDTH="170"
                          VPOS="1630"
                          HPOS="869"
                          CONTENT="definitio"/>
                  <SP HEIGHT="55" WIDTH="13" VPOS="1630" HPOS="1039"/>
                  <String HEIGHT="55"
                          WIDTH="170"
                          VPOS="1630"
                          HPOS="1000"
                          CONTENT="perfecta,"/>
                  <SP HEIGHT="55" WIDTH="13" VPOS="1630" HPOS="1170"/>
                  <String HEIGHT="55"
                          WIDTH="104"
                          VPOS="1630"
                          HPOS="1131"
                          CONTENT="quae"/>
                  <SP HEIGHT="55" WIDTH="13" VPOS="1630" HPOS="1235"/>
                  <String HEIGHT="55"
                          WIDTH="65"
                          VPOS="1630"
                          HPOS="1183"
                          CONTENT="dat"/>
               </TextLine>
               <TextLine ID="r3l81"
                         BASELINE="1722"
                         HEIGHT="52"
                         WIDTH="500"
                         VPOS="1670"
                         HPOS="753">
                  <String HEIGHT="52"
                          WIDTH="135"
                          VPOS="1670"
                          HPOS="739"
                          CONTENT="causam"/>
                  <SP HEIGHT="52" WIDTH="14" VPOS="1670" HPOS="875"/>
                  <String HEIGHT="52"
                          WIDTH="108"
                          VPOS="1670"
                          HPOS="834"
                          CONTENT="rei,"/>
                  <SP HEIGHT="52" WIDTH="14" VPOS="1670" HPOS="942"/>
                  <String HEIGHT="52"
                          WIDTH="108"
                          VPOS="1670"
                          HPOS="902"
                          CONTENT="quae"/>
                  <SP HEIGHT="52" WIDTH="14" VPOS="1670" HPOS="1010"/>
                  <String HEIGHT="52" WIDTH="95" VPOS="1670" HPOS="969" CONTENT="est"/>
                  <SP HEIGHT="52" WIDTH="14" VPOS="1670" HPOS="1064"/>
                  <String HEIGHT="52"
                          WIDTH="162"
                          VPOS="1670"
                          HPOS="1023"
                          CONTENT="quiditas"/>
                  <SP HEIGHT="52" WIDTH="14" VPOS="1670" HPOS="1185"/>
                  <String HEIGHT="52" WIDTH="81" VPOS="1670" HPOS="1145" CONTENT="in"/>
                  <SP HEIGHT="52" WIDTH="14" VPOS="1670" HPOS="1226"/>
                  <String HEIGHT="52"
                          WIDTH="81"
                          VPOS="1670"
                          HPOS="1172"
                          CONTENT="vna"
                          SUBS_TYPE="HypPart1"
                          SUBS_CONTENT="vnaquaque"/>
                  <HYP CONTENT="-"/>
               </TextLine>
               <TextLine ID="r3l83"
                         BASELINE="1763"
                         HEIGHT="53"
                         WIDTH="506"
                         VPOS="1710"
                         HPOS="746">
                  <String HEIGHT="53"
                          WIDTH="130"
                          VPOS="1710"
                          HPOS="733"
                          CONTENT="quaque"
                          SUBS_TYPE="HypPart2"
                          SUBS_CONTENT="vnaquaque"/>
                  <SP HEIGHT="53" WIDTH="13" VPOS="1710" HPOS="863"/>
                  <String HEIGHT="53"
                          WIDTH="130"
                          VPOS="1710"
                          HPOS="824"
                          CONTENT="rerum."/>
                  <SP HEIGHT="53" WIDTH="13" VPOS="1710" HPOS="954"/>
                  <String HEIGHT="53"
                          WIDTH="104"
                          VPOS="1710"
                          HPOS="915"
                          CONTENT="D.d."/>
                  <SP HEIGHT="53" WIDTH="13" VPOS="1710" HPOS="1018"/>
                  <String HEIGHT="53"
                          WIDTH="117"
                          VPOS="1710"
                          HPOS="980"
                          CONTENT="post:"/>
                  <SP HEIGHT="53" WIDTH="13" VPOS="1710" HPOS="1096"/>
                  <String HEIGHT="53"
                          WIDTH="117"
                          VPOS="1710"
                          HPOS="1057"
                          CONTENT="quam,"/>
                  <SP HEIGHT="53" WIDTH="13" VPOS="1710" HPOS="1174"/>
                  <String HEIGHT="53" WIDTH="78" VPOS="1710" HPOS="1135" CONTENT="si"/>
                  <SP HEIGHT="53" WIDTH="13" VPOS="1710" HPOS="1213"/>
                  <String HEIGHT="53"
                          WIDTH="91"
                          VPOS="1710"
                          HPOS="1161"
                          CONTENT="essen"/>
               </TextLine>
               <TextLine ID="r3l86"
                         BASELINE="1794"
                         HEIGHT="45"
                         WIDTH="510"
                         VPOS="1749"
                         HPOS="747">
                  <String HEIGHT="45" WIDTH="85" VPOS="1749" HPOS="735" CONTENT="tia"/>
                  <SP HEIGHT="45" WIDTH="12" VPOS="1749" HPOS="820"/>
                  <String HEIGHT="45"
                          WIDTH="182"
                          VPOS="1749"
                          HPOS="783"
                          CONTENT="superficiei"/>
                  <SP HEIGHT="45" WIDTH="12" VPOS="1749" HPOS="966"/>
                  <String HEIGHT="45"
                          WIDTH="121"
                          VPOS="1749"
                          HPOS="929"
                          CONTENT="albae,"/>
                  <SP HEIGHT="45" WIDTH="12" VPOS="1749" HPOS="1051"/>
                  <String HEIGHT="45"
                          WIDTH="85"
                          VPOS="1749"
                          HPOS="1014"
                          CONTENT="&amp;c."/>
                  <SP HEIGHT="45" WIDTH="12" VPOS="1749" HPOS="1099"/>
                  <String HEIGHT="45" WIDTH="73" VPOS="1749" HPOS="1063" CONTENT="i."/>
                  <SP HEIGHT="45" WIDTH="12" VPOS="1749" HPOS="1136"/>
                  <String HEIGHT="45" WIDTH="61" VPOS="1749" HPOS="1099" CONTENT="&amp;"/>
                  <SP HEIGHT="45" WIDTH="12" VPOS="1749" HPOS="1160"/>
                  <String HEIGHT="45" WIDTH="73" VPOS="1749" HPOS="1123" CONTENT="si"/>
                  <SP HEIGHT="45" WIDTH="12" VPOS="1749" HPOS="1196"/>
                  <String HEIGHT="45"
                          WIDTH="109"
                          VPOS="1749"
                          HPOS="1148"
                          CONTENT="aliquis"/>
               </TextLine>
               <TextLine ID="r3l88"
                         BASELINE="1834"
                         HEIGHT="45"
                         WIDTH="502"
                         VPOS="1789"
                         HPOS="756">
                  <String HEIGHT="45"
                          WIDTH="126"
                          VPOS="1789"
                          HPOS="743"
                          CONTENT="posuit"/>
                  <SP HEIGHT="45" WIDTH="13" VPOS="1789" HPOS="869"/>
                  <String HEIGHT="45"
                          WIDTH="100"
                          VPOS="1789"
                          HPOS="831"
                          CONTENT="quod"/>
                  <SP HEIGHT="45" WIDTH="13" VPOS="1789" HPOS="932"/>
                  <String HEIGHT="45"
                          WIDTH="151"
                          VPOS="1789"
                          HPOS="894"
                          CONTENT="quiditas"/>
                  <SP HEIGHT="45" WIDTH="13" VPOS="1789" HPOS="1045"/>
                  <String HEIGHT="45"
                          WIDTH="188"
                          VPOS="1789"
                          HPOS="1007"
                          CONTENT="superficiei"/>
                  <SP HEIGHT="45" WIDTH="13" VPOS="1789" HPOS="1195"/>
                  <String HEIGHT="45"
                          WIDTH="88"
                          VPOS="1789"
                          HPOS="1158"
                          CONTENT="est"/>
                  <SP HEIGHT="45" WIDTH="13" VPOS="1789" HPOS="1245"/>
                  <String HEIGHT="45"
                          WIDTH="63"
                          VPOS="1789"
                          HPOS="1195"
                          CONTENT="als"/>
               </TextLine>
               <TextLine ID="r3l89"
                         BASELINE="1883"
                         HEIGHT="54"
                         WIDTH="498"
                         VPOS="1829"
                         HPOS="751">
                  <String HEIGHT="54"
                          WIDTH="121"
                          VPOS="1829"
                          HPOS="738"
                          CONTENT="bedo,"/>
                  <SP HEIGHT="54" WIDTH="13" VPOS="1829" HPOS="859"/>
                  <String HEIGHT="54" WIDTH="94" VPOS="1829" HPOS="818" CONTENT="aut"/>
                  <SP HEIGHT="54" WIDTH="13" VPOS="1829" HPOS="913"/>
                  <String HEIGHT="54"
                          WIDTH="162"
                          VPOS="1829"
                          HPOS="872"
                          CONTENT="quiditas"/>
                  <SP HEIGHT="54" WIDTH="13" VPOS="1829" HPOS="1034"/>
                  <String HEIGHT="54"
                          WIDTH="175"
                          VPOS="1829"
                          HPOS="993"
                          CONTENT="albedinis"/>
                  <SP HEIGHT="54" WIDTH="13" VPOS="1829" HPOS="1168"/>
                  <String HEIGHT="54"
                          WIDTH="94"
                          VPOS="1829"
                          HPOS="1128"
                          CONTENT="est"/>
                  <SP HEIGHT="54" WIDTH="13" VPOS="1829" HPOS="1222"/>
                  <String HEIGHT="54"
                          WIDTH="81"
                          VPOS="1829"
                          HPOS="1168"
                          CONTENT="sup"/>
               </TextLine>
            </TextBlock>
         </PrintSpace>
      </Page>
   </Layout>
</alto>
