1475 2066
187 140 152 46 ficies,
298 140 180 46 disposita
436 140 97 46 per
492 140 138 46 plures
575 140 138 46 dispones

198 181 159 45 diuersas,
320 181 171 45 continget,
454 181 73 45 vt
490 181 110 45 omnes
564 181 110 45 aliae
625 181 85 45 dispo

200 225 158 49 sitiones
318 225 105 49 sint
384 225 145 49 caedem,
489 225 66 49 &
516 225 105 49 quod
568 225 145 49 congreca-

196 252 93 46 tum
249 252 80 46 ex
289 252 93 46 eis
342 252 93 46 sit
395 252 119 46 idem.
474 252 66 46 &
501 252 93 46 sic
554 252 146 46 albedo,
647 252 66 46 le-

199 303 125 44 nitas,
287 303 63 44 &
312 303 113 44 aliae
387 303 225 44 dispositiones,
575 303 125 44 quibus
650 303 63 44 di-

198 337 170 53 sponitur
326 337 227 53 superficies,
510 337 142 53 essent
595 337 114 53 eaedem

200 377 72 50 &
228 377 202 50 econtrario
387 377 87 50 in
430 377 274 50 praedicabilibus
647 377 72 50 sub

202 415 192 43 stantialibus
358 415 192 43 rationalitas
513 415 96 43 enim
573 415 84 43 est
609 415 96 43 diffe-

197 453 135 53 rentia
291 453 242 53 substantialis,
493 453 162 53 existens
614 453 81 53 in
641 453 67 53 qui

203 492 136 46 ditate
299 492 164 46 animalis
408 492 177 46 rationalis.

212 532 96 46 Quo
267 532 110 46 modo
336 532 247 46 substantiarum,
528 532 179 46 accidentium

231 573 76 53 ac
269 573 190 53 copulatorum
421 573 89 53 sit
472 573 114 53 ipsum
548 573 101 53 quid
599 573 76 53 est,

294 613 81 46 &
326 613 227 46 definitio.
505 613 130 46 Cap.
569 613 49 46 2

257 653 134 54 Avm
333 653 172 54 autem
448 653 229 54 secundum
600 653 115 54 cae-

296 696 140 52 tera
383 696 175 52 quoque
488 696 227 52 praedicamen

307 735 87 51 ta
350 735 188 51 composita
495 735 116 51 sint
567 735 116 51 (est
625 735 87 51 eter

203 782 109 50 nim
266 782 172 50 aliquod
391 782 203 50 subiectum
546 782 172 50 cuique,
656 782 62 50 vt

200 820 225 46 qualitati,
377 820 80 46 &
409 820 241 46 quantitati,
602 820 80 46 &
618 820 96 46 quar

198 861 121 45 do,
267 861 87 45 &
302 861 139 45 vbi,
388 861 87 45 &
423 861 173 45 motui)
527 861 191 45 persrutan

202 902 99 58 dum
259 902 99 58 est
315 902 128 58 vtrum
401 902 99 58 est
457 902 128 58 ratio
543 902 142 58 ipsius
628 902 85 58 quid

207 948 113 56 erat
277 948 113 56 esse
348 948 141 56 cuique
446 948 141 56 horum:
545 948 70 56 &
573 948 127 56 vtrum
644 948 70 56 in-

201 996 106 46 est
262 996 137 46 etiam
353 996 106 46 his
414 996 137 46 ipsum
505 996 122 46 quid
581 996 137 46 erat.
657 996 61 46 vt

207 1031 167 43 homini
324 1031 134 43 albo
408 1031 134 43 quid
492 1031 134 43 erat
575 1031 134 43 albo
642 1031 67 43 ho

203 1077 136 37 mini:
294 1077 106 37 sit
354 1077 136 37 autem
445 1077 136 37 nomen
536 1077 121 37 eius
597 1077 121 37 vestis

205 1116 120 54 quid
280 1116 105 54 est
340 1116 136 54 vesti
431 1116 136 54 esse.
521 1116 90 54 At
566 1116 136 54 vero,
642 1116 75 54 neo

202 1158 93 44 hoc
255 1158 120 44 eorum
335 1158 107 44 est:
402 1158 107 44 quae
469 1158 160 44 secundum
589 1158 80 44 se
616 1158 93 44 dicut

204 1205 122 37 tur.
280 1205 91 37 An
325 1205 122 37 hoc,
402 1205 106 37 non
462 1205 183 37 secundum
599 1205 106 37 se,
645 1205 76 37 du-

205 1244 158 49 pliciter
323 1244 158 49 dicitur.
441 1244 66 49 &
468 1244 118 49 huius
546 1244 92 49 est
599 1244 92 49 hoc
638 1244 79 49 qui-

209 1285 103 46 dem
268 1285 88 46 ex
312 1285 206 46 additione,
475 1285 133 46 istud
563 1285 118 46 vero
637 1285 118 46 non.

202 1330 111 51 Hoc
266 1330 127 51 enim
345 1330 190 51 dicitur,
487 1330 95 51 eo
535 1330 127 51 quod
598 1330 111 51 ipsum

207 1373 117 46 quod
281 1373 205 46 definitur,
442 1373 147 46 alteri
530 1373 176 46 adiicitur,

201 1412 87 54 vt
245 1412 131 54 puta,
332 1412 87 54 si
376 1412 116 54 albo
448 1412 116 54 esse
521 1412 189 54 definiens
652 1412 58 54 di

198 1456 111 42 cit
262 1456 127 42 albi
341 1456 174 42 hominis
468 1456 206 42 rationem.
610 1456 111 42 Istud

205 1508 120 48 vero,
284 1508 80 48 eo
324 1508 106 48 quod
391 1508 120 48 aliud
471 1508 120 48 ipsi.
550 1508 80 48 vt
590 1508 80 48 si
617 1508 106 48 vestis

204 1548 134 38 album
293 1548 164 38 hominem
412 1548 223 38 significat,
591 1548 119 38 ille
650 1548 60 38 ve

195 1585 92 49 ro
241 1585 184 49 definiat
379 1585 153 49 vestem
486 1585 92 49 vt
532 1585 153 49 album,
624 1585 92 49 quid

200 1629 147 46 autem
298 1629 114 46 est
363 1629 147 46 albus
461 1629 147 46 homo,
559 1629 114 46 est
608 1629 114 46 album

201 1668 160 60 quidem,
318 1668 102 60 non
376 1668 131 60 tamen
463 1668 116 60 quid
536 1668 116 60 erat
608 1668 116 60 esse
666 1668 44 60 a

198 1709 95 45 bo
246 1709 175 45 homini,
373 1709 111 45 sed
436 1709 143 45 vesti
532 1709 143 45 esse.
611 1709 111 45 Vtrum

200 1756 111 55 est
264 1756 127 55 quod
343 1756 127 55 quid
422 1756 127 55 erat
501 1756 127 55 esse
564 1756 143 55 aliquod

206 1781 90 69 aut
258 1781 194 69 simpliciter
413 1781 90 69 *An
465 1781 90 69 non
516 1781 116 69 ipsum
594 1781 103 69 enim
645 1781 78 69 quid

198 1844 110 54 quod
267 1844 110 54 erat
336 1844 110 54 esse
405 1844 96 54 est
460 1844 124 54 ipsum
543 1844 110 54 quid
612 1844 110 54 erat
667 1844 55 54 es

731 140 102 46 se.
789 140 102 46 cum
847 140 116 46 vero
919 140 131 46 aliud
1006 140 87 46 de
1050 140 116 46 alio
1122 140 174 46 dicatur.
1238 140 58 46 D.

728 181 85 47 non
776 181 85 47 est
825 181 109 47 ipsum
898 181 97 47 quod
959 181 109 47 quid.
1031 181 73 47 vt
1068 181 97 47 homo
1129 181 109 47 albus
1189 181 61 47 non

732 222 102 53 est
791 222 117 53 quid
864 222 131 53 quid:
951 222 87 53 si
995 222 131 53 ipsum
1082 222 146 53 quidem
1170 222 87 53 quid

735 269 119 49 quid
810 269 223 49 substantiis
988 269 134 49 solis
1063 269 119 49 inest.

775 328 89 62 Et,
826 328 89 62 cum
877 328 101 62 sint
940 328 164 62 composita
1066 328 76 62 ex
1104 328 114 62 aliis
1167 328 89 62 prae-

730 378 216 62 dicamentis,
903 378 87 62 et
946 378 159 62 aliquid
1061 378 101 62 est
1105 378 144 62 subiectu

726 426 192 67 cuilibet,
874 426 118 67 v.g.
948 426 222 67 quantitati,
1126 426 74 67 &
1155 426 133 67 quali

732 477 140 60 tati,
826 477 78 60 &
857 477 172 60 quando,
982 477 78 60 &
1013 477 125 60 vbi,
1091 477 78 60 &
1122 477 156 60 motui.

733 525 237 61 perscrutemur
926 525 148 61 igitur
1030 525 119 61 vtru
1104 525 104 61 sit
1148 525 104 61 defi-

729 572 124 62 nitio
812 572 193 62 cuiuslibet
964 572 165 62 istorum.
1088 572 110 62 erit
1143 572 110 62 igitur

737 620 110 62 istis
810 620 110 62 etiam
883 620 122 62 illud,
969 620 98 62 quod
1029 620 171 62 significat
1151 620 98 62 essen-

741 677 99 53 tiam
803 677 99 53 rei,
864 677 99 53 v.g.
926 677 74 53 ho
963 677 124 53 albus.
1050 677 87 53 sit
1100 677 124 53 igitur
1174 677 74 53 ita,

730 716 126 62 quod
809 716 158 62 habeat
920 716 110 62 hoc
983 716 142 62 nomen
1077 716 174 62 vestis.
1188 716 63 62 si

736 765 144 61 ioitur
836 765 158 61 dicatur
951 765 115 61 quid
1023 765 115 61 est,
1095 765 158 61 dicetur
1196 765 57 61 ve

738 801 118 74 stis.
817 801 92 74 Sed
869 801 92 74 non
921 801 92 74 est
974 801 79 74 ex
1013 801 92 74 eo,
1066 801 105 74 quod
1131 801 92 74 est
1183 801 92 74 per

737 861 98 57 se,
793 861 98 57 nec
849 861 98 57 hoc
904 861 167 57 ealiquid
1030 861 84 57 ex
1072 861 98 57 eo,
1128 861 112 57 quod
1183 861 70 57 est

734 909 102 69 per
793 909 102 69 se,
851 909 102 69 sed
909 909 87 69 mo
953 909 189 69 simplici.
1099 909 87 69 Et
1128 909 131 69 quoddam

732 956 90 62 ex
777 956 210 62 additione,
942 956 75 62 &
972 956 165 62 quoddam
1092 956 105 62 no.
1152 956 135 62 Quod

738 1005 99 61 dam
795 1005 113 61 enim
865 1005 184 61 definitur
1007 1005 99 61 per
1050 1005 198 61 definitionem

734 1052 182 62 alterius.
874 1052 126 62 sicut
958 1052 98 62 qui
1014 1052 154 62 definit
1112 1052 140 62 essentta

740 1100 177 62 albedinis,
880 1100 63 62 &
905 1100 114 62 dicit
981 1100 203 62 definitionem
1133 1100 114 62 hominis

735 1148 141 62 albi.
829 1148 94 62 Et
876 1148 172 62 quoddam
1001 1148 109 62 per
1064 1148 141 62 aliam
1142 1148 109 62 defi-

736 1197 177 61 nitionem.
873 1197 82 61 vt
914 1197 150 61 vestis,
1023 1197 82 61 si
1064 1197 191 61 significat
1200 1197 55 61 ho

726 1244 158 63 minem
832 1244 158 63 album
937 1244 88 63 &
972 1244 140 63 ipse
1042 1244 211 63 definiuit,

742 1292 159 63 vestem
853 1292 175 63 tanquam
980 1292 159 63 album.
1091 1292 127 63 homo
1155 1292 95 63 enim

739 1341 127 61 albus
823 1341 98 61 est
880 1341 141 61 album,
978 1341 98 61 sed
1034 1341 183 61 definitio
1175 1341 112 61 eius

732 1389 104 62 non
792 1389 104 62 est
851 1389 193 62 definitio
1000 1389 134 62 albi.
1089 1389 74 62 &
1119 1389 119 62 quia
1179 1389 74 62 est

747 1441 152 57 vestis,
858 1441 125 57 habet
941 1441 235 57 definitionem,
1135 1441 111 57 quae
1190 1441 69 57 si-

738 1501 167 49 gnificat
863 1501 181 49 essentiam
1002 1501 111 49 eius
1071 1501 111 49 quod
1141 1501 111 49 est.
1196 1501 56 49 et

738 1540 171 63 definitio
869 1540 92 63 rei
922 1540 92 63 est
974 1540 131 63 illud,
1066 1540 105 63 quod
1119 1540 131 63 signifi-

736 1588 97 62 cat
792 1588 111 62 quid
861 1588 97 62 est
916 1588 166 62 essentia
1041 1588 111 62 rei.
1110 1588 69 62 &
1138 1588 83 62 cu
1166 1588 83 62 fue-

728 1636 97 62 rit
784 1636 138 62 dictum
880 1636 125 62 aliud
963 1636 83 62 de
1005 1636 125 62 alio.
1088 1636 97 62 non
1143 1636 97 62 est
1185 1636 69 62 il-

726 1684 125 64 lud,
805 1684 125 64 quod
883 1684 110 64 est
946 1684 157 64 istud.
1055 1684 141 64 verbi
1134 1684 125 64 gratia

724 1733 131 61 homo
806 1733 164 61 albus,
920 1733 131 61 quod
1002 1733 115 61 non
1068 1733 115 61 est
1117 1733 131 61 istud,

731 1781 107 61 hoc
792 1781 122 61 enim
868 1781 107 61 non
929 1781 107 61 est
990 1781 122 61 nisi
1051 1781 199 61 substantia-

730 1845 124 37 rum
783 1845 160 37 tantum,
