1475 2066
187 148 188 55 accipitur
331 148 87 55 in
374 148 101 55 hoc
432 148 159 55 sermone
547 148 159 55 tanquam
648 148 58 55 ge

195 190 116 44 nus,
267 190 130 44 nihil
354 190 159 44 additur
469 190 130 44 extra
556 190 145 44 ipsum,
643 190 72 44 cum

202 229 91 43 non
254 229 143 43 existat
358 229 78 43 in
397 229 169 43 subiecto,
526 229 117 43 sicut
591 229 117 43 albedo,

203 269 88 54 D.
247 269 176 54 incoepit
379 269 191 54 declarare
526 269 103 54 quo
585 269 117 54 modo
643 269 59 54 ad

201 315 117 45 ditio
279 315 144 45 existit
384 315 78 45 in
423 315 131 45 altera
514 315 131 45 duarum
593 315 117 45 partium

204 349 134 52 istius
297 349 174 52 sermonis,
431 349 67 52 &
458 349 94 52 non
512 349 80 52 in
552 349 161 52 reliqua,
673 349 67 52 &

199 388 145 52 dixit:
301 388 160 52 Quoddam
417 388 116 52 enim
490 388 203 52 definitur,
635 388 73 52 &c.

201 426 74 56 i.
238 426 74 56 v.
274 426 86 56 gr.
323 426 98 56 quod
385 426 86 56 qui
434 426 98 56 vult
495 426 147 56 definire
594 426 110 56 quidita

193 468 103 36 tem
252 468 191 36 albedinis
399 468 206 36 existentis
561 468 88 36 in
590 468 118 36 homine

201 504 156 42 accipiet
318 504 78 42 in
357 504 195 42 definitione
513 504 104 42 eius
565 504 143 42 definitio

199 544 95 42 nem
254 544 150 42 hominis
363 544 123 42 albi,
445 544 95 42 cum
499 544 136 42 albedo
581 544 136 42 existens

199 583 86 47 in
242 583 143 47 homine
342 583 100 47 non
399 583 229 47 constituatur
586 583 115 47 nisi
643 583 72 47 per

201 623 170 43 hominem
324 623 77 43 &
355 623 154 43 album.
463 623 124 43 D.d.
540 623 93 43 Et
571 623 139 43 quoddam

193 669 103 45 per
252 669 132 45 aliam
340 669 249 45 definitionem,
545 669 88 45 &c
589 669 88 45 i.
633 669 73 45 &
647 669 59 45 ne

200 701 109 53 cesse
272 701 97 53 est,
333 701 97 53 quod
393 701 121 53 illud,
478 701 97 53 quod
538 701 169 53 significat
659 701 60 53 hoc

199 747 132 32 nomen
287 747 161 32 vestis,
405 747 205 32 definiatur
566 747 147 32 duabus
654 747 59 32 de

196 781 194 45 finitionibus
353 781 145 45 scilicet
463 781 182 45 definitione
596 781 121 45 hominis,

199 821 70 38 &
227 821 211 38 definitione
396 821 197 38 albedinis,
550 821 98 38 cum
607 821 98 38 hoc
649 821 56 38 no

207 861 77 48 men
251 861 110 48 vestis
328 861 154 48 significet
449 861 143 48 vtrumques
559 861 132 48 scilicet
658 861 55 48 &
669 861 44 48 ho

197 895 133 51 minem
286 895 74 51 &
315 895 206 51 albedinem.
477 895 118 51 D.d.
551 895 74 51 &
580 895 118 51 ipse
639 895 74 51 de-

201 937 146 41 finiuit
307 937 132 41 vestem
399 937 146 41 tanquam
505 937 132 41 album.
598 937 79 41 i.
638 937 66 41 &
651 937 53 41 ne

202 974 109 53 cesse
274 974 85 53 est
323 974 72 53 vt
359 974 157 53 definitio
480 974 121 53 vestis
564 974 85 53 sit
600 974 109 53 compos-

203 1014 86 45 ta
246 1014 86 45 ex
288 1014 143 45 duabus
388 1014 257 45 definitionibus
588 1014 129 45 duorum:

202 1053 124 48 sicut
285 1053 179 48 definitio
423 1053 166 48 alicuius
547 1053 110 48 albi
603 1053 110 48 compo-

199 1092 133 40 nitur
288 1092 88 40 ex
332 1092 147 40 duabus
435 1092 265 40 definitionibus
641 1092 74 40 duo

199 1132 90 38 rum.
255 1132 135 38 scilicet
356 1132 157 38 albedinis,
479 1132 56 38 &
502 1132 79 38 sui
547 1132 146 38 subiecti.
648 1132 67 38 D.d.

202 1169 102 41 homo
266 1169 102 41 enim
329 1169 127 41 albus,
418 1169 89 41 &c.
469 1169 76 41 i.
508 1169 64 41 &
533 1169 165 41 definitio
647 1169 64 41 al-

195 1208 166 42 bedinis
315 1208 105 42 non
376 1208 226 42 praedicatur
556 1208 90 42 de
587 1208 120 42 homine

202 1245 86 45 ita
251 1245 98 45 quod
312 1245 135 45 dicatur
410 1245 98 45 quod
472 1245 98 45 homo
533 1245 86 45 est
582 1245 135 45 albedo,
668 1245 49 45 i.

201 1286 81 52 ita
248 1286 93 52 quod
306 1286 174 52 praedicatur
445 1286 81 52 hoc
491 1286 104 52 nomen
560 1286 81 52 non
595 1286 116 52 secundum

198 1325 243 52 definitionem,
398 1325 129 52 sicut
484 1325 129 52 dixit
570 1325 86 52 in
598 1325 115 52 Catego

198 1372 119 43 rijs:
277 1372 66 43 &
303 1372 106 43 quod
370 1372 145 43 propter
475 1372 92 43 hoc
528 1372 92 43 non
581 1372 119 43 habet
647 1372 66 43 de-

193 1405 184 45 finitionem.
340 1405 98 45 D.d.
401 1405 61 45 &
425 1405 98 45 quia
486 1405 86 45 est
535 1405 135 45 vestis,
633 1405 86 45 &c.
670 1405 49 45 i.

202 1443 84 51 sed
250 1443 143 51 secundum
357 1443 95 51 quod
417 1443 155 51 posuimus,
536 1443 95 51 quod
596 1443 84 51 hoc
632 1443 84 51 nomen

204 1479 147 43 vestis
307 1479 103 43 est
366 1479 132 43 nomen
454 1479 161 43 hominis
571 1479 132 43 albi,
644 1479 59 43 om

191 1522 100 40 ne
241 1522 167 40 habens
359 1522 151 40 nomen
459 1522 151 40 habet
543 1522 167 40 sermonem

197 1560 256 52 significantem
407 1560 120 52 suam
483 1560 210 52 essentiam,
633 1560 75 52 cum

190 1599 140 43 illud.
288 1599 112 43 quod
358 1599 196 43 significat
512 1599 140 43 nomen,
610 1599 98 43 est
652 1599 56 43 de

204 1637 199 44 terminatum.
363 1637 106 44 D.d.
429 1637 66 44 &
455 1637 172 44 definitio
588 1637 106 44 rei,
641 1637 66 44 &c.

194 1680 84 38 i.
236 1680 98 38 sed
292 1680 126 38 istae
375 1680 223 38 definitiones
557 1680 98 38 non
598 1680 112 38 habent

208 1717 262 45 yniuersalitatem,
430 1717 65 45 i
456 1717 92 45 non
509 1717 92 45 est
561 1717 118 45 totum
627 1717 78 45 vni-

199 1758 190 43 uersaliter,
352 1758 140 43 invnum,
453 1758 89 43 sed
504 1758 178 43 definitio,
631 1758 76 43 quae

193 1796 174 50 declarat
324 1796 203 50 quiditatem
484 1796 116 50 rei,
557 1796 102 50 est
600 1796 102 50 rerum

200 1837 99 53 quae
262 1837 99 53 sunt
324 1837 124 53 totum,
411 1837 62 53 &
436 1837 112 53 vnum.
510 1837 62 53 i
535 1837 87 53 est
585 1837 99 53 quod
635 1837 62 53 alb

727 149 111 45 non
791 149 111 45 est
854 149 143 45 totum
949 149 79 45 &
981 149 127 45 vnm,
1060 149 111 45 sed
1123 149 111 45 est
1171 149 79 45 con

732 190 193 57 pregatum
877 190 96 57 ex
925 190 161 57 homine
1037 190 80 57 &
1053 190 177 57 albedine.

732 224 122 50 D.d.
808 224 76 50 &
839 224 107 50 cum
900 224 153 50 fuerit
1007 224 153 50 dictum
1114 224 137 50 aliud
1190 224 61 50 de

728 276 135 39 alio,
818 276 105 39 &c.
878 276 90 39 i.
923 276 75 39 &
953 276 105 39 cum
1013 276 165 39 aliquod
1118 276 135 39 commune

729 314 136 48 fuerit
825 314 136 48 dictum
920 314 82 48 in
961 314 109 48 alio
1028 314 163 48 proprio,
1151 314 95 48 aut
1192 314 54 48 a-

732 349 129 44 terum
818 349 144 44 fuerit
918 349 216 44 praedicatum
1091 349 86 44 de
1120 349 129 44 altero,

728 389 96 43 non
783 389 109 43 erit
851 389 136 43 natura
947 389 164 43 alterius
1070 389 136 43 natura
1151 389 96 43 secun

724 429 109 54 di:
787 429 78 54 &
818 429 234 54 congregatum
1005 429 125 54 erit
1083 429 156 54 totum,
1176 429 78 54 cum

726 468 101 38 hoc
783 468 101 38 non
841 468 216 38 inueniatur.
1014 468 115 38 nisi
1086 468 86 38 in
1114 468 130 38 disposi

725 505 178 42 tionibus
859 505 297 42 substantialibus,
1111 505 74 42 &
1140 505 104 42 hoc
1185 505 74 42 est

730 546 211 41 declaratum
896 546 90 41 in
926 546 196 41 Dialectica.

779 587 149 55 Quare
878 587 132 55 quod
960 587 132 55 quid
1043 587 132 55 erat
1125 587 132 55 esse
1191 587 66 55 il

727 629 157 56 lorum
831 629 140 56 est,
919 629 280 56 quorumcunque
1129 629 122 56 ratio

735 669 100 53 est
792 669 200 53 definitio.
949 669 186 53 Definitio
1092 669 129 53 autem
1163 669 86 53 est,

723 709 117 46 non
790 709 101 46 si
841 709 151 46 nomen
941 709 151 46 idem,
1042 709 134 46 quod
1109 709 134 46 oratio

724 757 235 48 significet
909 757 168 48 (omnes
1027 757 168 48 etenim
1127 757 118 48 sermo

735 797 101 45 nes
792 797 232 45 definitiones
981 797 159 45 essent.
1096 797 116 45 erit
1154 797 87 45 nan-

728 846 118 45 que
795 846 151 45 nomen
896 846 134 45 idem
980 846 218 45 cuicunque
1131 846 118 45 sermo

727 877 107 49 ni.
788 877 138 49 quare
880 877 77 49 &
910 877 138 49 llias
1002 877 199 49 definitio
1155 877 122 49 erit

728 924 98 45 sed
784 924 84 45 si
826 924 126 45 primi
910 924 168 45 alicuius
1035 924 112 45 sit.
1105 924 126 45 talia
1175 924 70 45 ve-

727 963 73 56 ro
763 963 110 56 sunt,
837 963 171 56 quaecunque
972 963 159 56 dicuntur,
1094 963 86 56 non
1143 963 73 56 eo
1168 963 73 56 quod

735 1004 144 55 aliud
831 1004 96 55 de
879 1004 128 55 alio
959 1004 192 55 dicatur.
1102 1004 112 55 Non
1150 1004 96 55 ergo

739 1053 101 38 vlli
803 1053 127 38 eorum,
891 1053 101 38 quae
955 1053 89 38 non
1005 1053 101 38 sunt
1069 1053 139 38 species
1157 1053 89 38 gene-

732 1090 112 48 ris,
802 1090 139 48 inerit
899 1090 112 48 quid
969 1090 112 48 quid
1039 1090 112 48 erat
1109 1090 126 48 esse,
1178 1090 70 48 sed

733 1130 105 58 his
793 1130 150 58 solum.
898 1130 120 58 haec
973 1130 120 58 enim
1049 1130 180 58 videntur
1184 1130 105 58 non

723 1175 220 47 secundum
888 1175 367 47 participationem,
1200 1175 92 47 &

728 1215 224 52 passionem,
904 1215 112 52 nec
968 1215 96 52 vt
1015 1215 192 52 accidens
1143 1215 112 52 dici.

782 1259 119 64 Ergo
856 1259 119 64 quid
931 1259 104 64 est
990 1259 104 64 per
1049 1259 193 64 essentiam
1183 1259 74 64 est

731 1307 130 59 idem
812 1307 179 59 omnibus
942 1307 163 59 rebus,
1056 1307 163 59 quarum
1153 1307 98 59 ser-

725 1357 88 61 mo
769 1357 103 61 est
828 1357 205 61 definitio.
989 1357 88 61 Et
1033 1357 191 61 definitio
1180 1357 103 61 non

727 1405 108 53 est
788 1405 139 53 eius,
881 1405 139 53 cuius
973 1405 139 53 nomen
1065 1405 77 53 &
1096 1405 139 53 sermo
1173 1405 77 53 si-

729 1452 211 62 gnificant
891 1452 163 62 eadem.
1005 1452 98 62 (&
1054 1452 98 62 si
1103 1452 130 62 non,
1168 1452 81 62 om-

729 1500 108 62 nes
790 1500 185 62 sermones
929 1500 154 62 essent
1021 1500 215 62 definitiones

723 1549 152 45 omnis
824 1549 135 45 enim
908 1549 152 45 sermo
1009 1549 152 45 habet
1110 1549 168 45 nomen.

733 1597 122 61 ergo
809 1597 153 61 metrum
916 1597 199 61 albedinis
1069 1597 122 61 erit
1130 1597 122 61 defini

728 1644 117 62 tio.
801 1644 117 62 vsed
874 1644 102 62 cum
932 1644 160 62 fuerint
1049 1644 175 62 alicuius
1166 1644 87 62 pri-

722 1693 97 64 mo.
778 1693 83 64 et
819 1693 125 64 talia
903 1693 111 64 sunt
972 1693 153 64 nomina,
1083 1693 111 64 quae
1139 1693 111 64 dicumn

722 1741 106 61 tur
783 1741 106 61 non
843 1741 106 61 per
904 1741 152 61 illud,
1010 1741 121 61 quod
1086 1741 167 61 dicitur
1192 1741 61 61 a-

718 1788 133 63 liud.
807 1788 118 63 Ergo
880 1788 147 63 illud,
984 1788 118 63 quod
1057 1788 103 63 est
1102 1788 147 63 secundum

726 1837 206 63 essentiam,
888 1837 103 63 non
947 1837 103 63 est
1006 1837 147 63 aliqua
1095 1837 162 63 formarium
