1475 2066
193 142 102 53 Quo
252 142 131 53 pacto
339 142 131 53 ipsum
427 142 175 53 quidquid
558 142 102 53 est
616 142 73 53 &
631 142 87 53 vnum

205 184 128 50 quodque
299 184 70 50 in
334 184 128 50 primis,
427 184 58 50 &
450 184 82 50 us,
497 184 93 50 quae
556 184 82 50 per
602 184 70 50 se
626 184 93 50 dicun-

208 225 91 41 tur,
264 225 91 41 idem
321 225 91 41 sit:
378 225 68 41 in
412 225 102 41 aliis
480 225 102 41 vero,
549 225 91 41 quae
605 225 80 41 per
639 225 80 41 acci-

206 262 114 53 dens
277 262 142 53 quodam
376 262 128 53 modo.
461 262 241 53 Sophisticarum
646 262 85 53 item

199 301 282 53 redargutionum
432 301 199 53 solutio.
581 301 116 53 Cap
631 301 50 53 5

273 352 184 48 vVTtrum
407 352 151 48 autem
508 352 134 48 idem
591 352 134 48 est,
658 352 67 48 an

315 388 136 54 aliud
405 388 136 54 ipsum
496 388 121 54 quid
571 388 121 54 erat
632 388 90 54 esse

314 431 92 59 &
350 431 295 59 vnumquodque,
572 431 147 59 persri

202 476 172 47 tandum.
327 476 187 47 proderit
468 476 94 47 et
514 476 125 47 enim
577 476 140 47 aliquid

203 517 92 45 ad
249 517 290 45 consyderationem
493 517 92 45 de
523 517 199 45 substantia,

199 556 123 46 Nam
270 556 88 46 &
305 556 263 46 vnunquodque
515 556 123 46 non
567 556 158 46 videtur

205 596 133 54 aliud
294 596 118 54 esse
368 596 74 54 a
397 596 103 54 sua
456 596 221 54 substantia:
633 596 74 54 &
648 596 74 54 ip-

198 643 96 39 sum
253 643 110 39 quid
322 643 110 39 erat
390 643 110 39 esse
459 643 151 39 dicitur
568 643 110 39 esse
623 643 96 39 vnius

207 680 174 54 cuiusque
338 680 218 54 substantia.
513 680 87 54 De
556 680 102 54 his
600 680 116 54 igitur

211 729 102 44 quae
275 729 154 44 secundum
390 729 154 44 accidens
505 729 166 44 dicuntur,
621 729 102 44 videri

202 764 137 54 possit
298 764 123 54 aliud
380 764 123 54 esse.
462 764 82 54 vt
503 764 109 54 puta
572 764 123 54 albus
640 764 82 54 homo

204 804 134 46 aliud
294 804 120 46 est:
368 804 75 46 &
398 804 120 46 albo
473 804 149 46 homini
578 804 134 46 esse.
652 804 75 46 si-

200 848 125 42 enim
279 848 125 42 ipsi
357 848 156 42 homini
466 848 141 42 esse,
560 848 78 42 &
591 848 125 42 albo
654 848 63 42 ho

199 892 113 40 mini
269 892 127 40 idem:
354 892 113 40 idem
424 892 141 40 nanque
523 892 127 40 homo,
607 892 70 40 &
621 892 99 40 albus

205 931 116 56 homo
277 931 87 56 vt
320 931 145 56 aiunt:
421 931 130 56 quare
508 931 72 56 &
537 931 116 56 albo
595 931 130 56 homini,

203 972 75 56 &
233 972 165 56 homini.
353 972 90 56 An
398 972 105 56 non
458 972 165 56 necesse
579 972 105 56 est
624 972 90 56 quae

200 1012 142 47 cunque
299 1012 170 47 secundum
427 1012 170 47 accidens
555 1012 128 47 eadem
626 1012 99 47 esse.

201 1055 91 43 non
253 1055 104 43 enim
318 1055 143 43 extrema
422 1055 169 43 similiter
553 1055 117 43 eadem
618 1055 104 43 fiunt,

200 1101 100 45 sed
257 1101 186 45 fortassis
400 1101 129 45 illud
487 1101 172 45 videatur
601 1101 115 45 accide

202 1143 101 44 re,
259 1143 159 44 extrema
375 1143 130 44 eadem
461 1143 173 44 secundum
577 1143 144 44 accidens

205 1182 149 44 fieri.
309 1182 89 44 vt
354 1182 119 44 puta
429 1182 119 44 albo
503 1182 134 44 esse,
593 1182 75 44 &
608 1182 119 44 musico

205 1228 122 46 esse.
287 1228 81 46 vt
328 1228 122 46 autem
409 1228 149 46 minime.
517 1228 81 46 In
558 1228 95 46 his
612 1228 136 46 autem,

199 1275 114 47 quae
270 1275 100 47 per
327 1275 86 47 se
370 1275 185 47 dicuntur,
512 1275 143 47 semper
598 1275 128 47 necesse

193 1309 95 53 est
248 1309 122 53 eadem
329 1309 122 53 esse.
410 1309 81 53 vt
451 1309 81 53 si
492 1309 108 53 quae
546 1309 176 53 substantiae

196 1361 143 44 sunt,
291 1361 158 44 quibus
402 1361 190 44 diuersae
529 1361 190 44 substantia

204 1397 105 45 non
264 1397 135 45 sunt,
354 1397 105 45 nec
414 1397 135 45 aliae
505 1397 165 45 naturae
610 1397 105 45 prio-

205 1446 109 39 res,
274 1446 137 39 quales
369 1446 123 39 aiunt
451 1446 137 39 aliqui
547 1446 109 39 esse
602 1446 123 39 indeas.

202 1484 100 39 Si
252 1484 133 39 enim
335 1484 133 39 erit
419 1484 150 39 aliud
518 1484 150 39 ipsum
602 1484 116 39 bonum

202 1524 81 46 &
234 1524 130 46 bono
316 1524 146 46 esse,
413 1524 81 46 &
446 1524 163 46 animal
559 1524 81 46 &
576 1524 146 46 animali

204 1565 133 45 esse,
293 1565 74 45 &
322 1565 118 45 enti
396 1565 88 45 et
440 1565 133 45 ipsum
528 1565 118 45 ens,
602 1565 133 45 erunt
676 1565 44 45 &

201 1606 120 51 aliae
280 1606 213 51 substantiae,
453 1606 66 51 &
480 1606 159 51 naturae,
599 1606 80 51 ac
626 1606 93 51 idequ

203 1652 138 50 praeter
304 1652 100 50 eas,
367 1652 100 50 quae
429 1652 163 50 dicuntur:
555 1652 63 50 &
580 1652 113 50 illae
643 1652 75 50 prio

209 1693 99 54 res
265 1693 226 54 substantiae,
449 1693 85 54 si
491 1693 127 54 ipsum
576 1693 113 54 quid
632 1693 85 54 erat

203 1741 108 38 esse
270 1741 202 38 substantiae
431 1741 108 38 est.
499 1741 94 38 Et,
552 1741 81 38 si
579 1741 135 38 absoluta

195 1777 100 49 ad
245 1777 234 49 seinuicem,
430 1777 151 49 harum
530 1777 167 49 quidem
630 1777 84 49 non

209 1821 96 53 erit
269 1821 155 53 scientia,
388 1821 108 53 illae
460 1821 96 53 vero
520 1821 84 53 non
568 1821 108 53 erunt
627 1821 96 53 entia,

743 140 122 46 Dico
819 140 137 46 autem
910 140 182 46 absolui,
1047 140 91 46 si
1092 140 106 46 nec
1153 140 122 46 ipsi
1229 140 91 46 bo
1259 140 46 46 }

746 184 90 43 no
791 184 105 43 est
851 184 120 43 esse
925 184 134 43 bono,
1015 184 105 43 nec
1075 184 120 43 huic
1149 184 120 43 esse
1209 184 60 43 bo

743 234 120 42 num.
818 234 180 42 Scientia
953 234 150 42 nanque
1058 234 180 42 cuiusque
1178 234 90 42 haec

746 266 111 53 est:
816 266 111 53 quod
885 266 111 53 quid
955 266 111 53 erat
1024 266 111 53 illi
1094 266 125 53 esse.
1178 266 70 53 &
1191 266 70 53 de-

745 308 116 45 bono,
822 308 64 45 &
848 308 77 45 de
886 308 154 45 caeteris
1002 308 167 45 similiter
1131 308 77 45 se
1156 308 103 45 habet.

744 348 128 46 Vnde,
829 348 85 46 si
872 348 128 46 neque
957 348 170 46 ipsibono
1085 348 114 46 esse
1141 348 114 46 bonum,

743 388 112 55 nec
807 388 129 55 ipsi
888 388 129 55 enti
968 388 129 55 ens,
1048 388 112 55 nec
1112 388 129 55 ipsi
1177 388 80 55 vni

744 429 116 53 vnum,
821 429 167 53 similiter
950 429 116 53 autem
1027 429 116 53 omnia
1105 429 116 53 sunt,
1169 429 90 53 certe

740 474 128 52 nihil
825 474 99 52 est
882 474 114 52 quod
953 474 114 52 quid
1024 474 114 52 erat
1095 474 128 52 esse.
1166 474 85 52 qua-

742 520 86 43 re
785 520 86 43 si
828 520 101 43 nec
885 520 115 43 ipsi
957 520 115 43 enti
1029 520 101 43 ens
1087 520 101 43 nec
1130 520 129 43 aliorum

746 545 145 61 alicui.
851 545 118 61 Item,
930 545 92 61 cui
983 545 92 61 non
1035 545 118 61 inest
1114 545 105 61 bono
1167 545 92 61 esse,

737 605 95 47 non
792 605 122 47 bonum
873 605 108 47 est,
940 605 149 47 necesse
1049 605 95 47 est
1103 605 135 47 igitur
1184 605 81 47 vnum

736 641 131 56 esse
817 641 147 56 bonum
915 641 82 56 &
948 641 131 56 bono
1029 641 147 56 esse,
1127 641 82 56 &
1144 641 114 56 hone-

738 682 129 57 stum
819 682 81 57 &
851 682 177 57 honesto
980 682 145 57 esse,
1060 682 194 57 quaecunque

741 727 106 58 non
801 727 106 58 per
862 727 136 58 aliud
952 727 196 58 dicuntur,
1103 727 106 58 sed
1148 727 106 58 prima

739 768 65 42 &
765 768 91 42 per
817 768 91 42 se.
869 768 129 42 etenim
959 768 91 42 hoc
1011 768 142 42 suffici
1115 768 91 42 ens
1166 768 104 42 est,

734 813 73 45 si
770 813 146 45 existit,
880 813 110 45 etiam
953 813 73 45 si
990 813 85 45 non
1039 813 98 45 sint
1100 813 134 45 formae:
1185 813 73 45 for-

741 851 134 47 tassis
834 851 121 47 autem
915 851 134 47 magis,
1009 851 80 47 si
1049 851 134 47 formae
1129 851 94 47 sint.

780 896 115 59 Sed
845 896 263 59 persrutemur,
1059 896 148 59 vtrum
1158 896 132 59 quod

739 940 98 63 est
795 940 98 63 per
851 940 196 63 essentiam,
1005 940 70 63 &
1033 940 182 63 singulare
1173 940 112 63 sint

742 991 133 59 idem,
831 991 162 59 antequa
949 991 162 59 persrut
1067 991 118 59 emur
1141 991 89 59 de
1170 991 89 59 sub-

737 1037 182 61 stantia.
873 1037 197 61 Singulare
1025 1037 121 61 enim
1086 1037 167 61 existima-

735 1085 99 61 tur
792 1085 99 61 non
848 1085 113 61 esse
919 1085 142 61 aliud,
1018 1085 113 61 quam
1075 1085 184 61 substantia,

733 1133 94 62 in
780 1133 109 62 qua
843 1133 125 62 est,
921 1133 78 62 &
952 1133 188 62 dicitur,
1093 1133 125 62 quod
1171 1133 125 62 quod

743 1181 109 69 quid
811 1181 95 69 est
866 1181 95 69 per
920 1181 176 69 essentiam
1055 1181 95 69 est
1096 1181 163 69 substantia

735 1228 186 62 singularis
881 1228 80 62 in
921 1228 106 62 eis.
987 1228 106 62 Illa
1054 1228 120 62 aute,
1133 1228 106 62 quae
1187 1228 66 62 di-

735 1281 142 57 cuntur
834 1281 99 57 per
891 1281 184 57 accidens,
1032 1281 128 57 rectu
1117 1281 99 57 est
1160 1281 85 57 exi-

737 1325 153 64 stimare
848 1325 111 64 esse
918 1325 139 64 aliud.
1015 1325 111 64 v.g.
1084 1325 111 64 homo
1140 1325 111 64 albus,

738 1373 103 59 est
797 1373 146 59 aliud,
899 1373 73 59 &
929 1373 117 59 quid
1002 1373 103 59 est
1061 1373 117 59 albi
1119 1373 132 59 hominis

742 1425 90 66 per
794 1425 155 66 essentia
910 1425 90 66 est
962 1425 129 66 aliud,
1052 1425 155 66 quoniam,
1169 1425 78 66 si
1194 1425 65 66 fue

744 1472 112 51 rint
814 1472 126 51 idem,
898 1472 98 51 tuc
954 1472 168 51 essentia
1081 1472 168 51 hominis,
1207 1472 70 51 &

741 1519 125 50 homo
820 1519 141 50 albus
914 1519 125 50 idem
992 1519 157 50 erunt.
1101 1519 125 50 homo
1164 1519 94 50 enim

736 1568 74 58 &
766 1568 89 58 ho
810 1568 149 58 albus,
914 1568 89 58 vt
959 1568 163 58 dicunt,
1078 1568 119 58 sunt
1152 1568 134 58 idem:

742 1616 94 67 et
789 1616 110 67 ger
852 1616 125 67 homo
930 1616 141 67 albus
1025 1616 78 67 &
1056 1616 125 67 homo
1119 1616 125 67 etiam.

736 1669 151 57 Quoniam
846 1669 123 57 autem
928 1669 96 57 non
983 1669 96 57 est
1038 1669 151 57 necesse
1147 1669 82 57 vt
1175 1669 82 57 sint

732 1717 117 45 idem
805 1717 146 45 omnia,
908 1717 117 45 quae
981 1717 117 45 sunt
1054 1717 102 45 per
1098 1717 146 45 accidens

731 1761 162 59 quonia
844 1761 113 59 non
909 1761 145 59 erunt
1006 1761 145 59 eadem
1086 1761 162 59 extrema.

731 1809 101 65 sed
788 1809 145 65 rectum
890 1809 101 65 est
947 1809 202 65 existimare
1106 1809 101 65 hoc
1150 1809 101 65 acci
