1475 2066
180 149 219 53 velocitatem
355 149 73 53 &
384 149 219 53 tarditatem,
559 149 73 53 &
574 149 131 53 consyde

192 197 88 45 rat
243 197 113 45 etiam
318 197 75 45 de
356 197 176 45 quantitate
494 197 126 45 eorum.
570 197 138 45 Naturalis

189 245 121 42 vero
265 245 213 42 consyderat
432 245 91 42 de
477 245 167 42 naturis
584 245 121 42 eorum,

191 277 140 50 secundum
296 277 93 50 quod
355 277 93 50 sunt
413 277 140 50 mobilia,
518 277 58 50 &
542 277 140 50 declarat
635 277 70 50 qua-

193 314 104 40 lis
252 314 133 40 modus
341 314 148 40 motuum
445 314 104 40 est
504 314 207 40 possibilis
652 314 59 40 in

188 351 105 43 eis,
254 351 66 43 &
280 351 132 43 qualis
372 351 105 43 non.
438 351 132 43 Deinde
530 351 79 43 d.
570 351 66 43 &
596 351 105 43 isti
649 351 66 43 di-

192 397 151 45 sputant,
305 397 88 45 &c.
356 397 75 45 i.
393 397 188 45 Pythagorici
544 397 88 45 cum
594 397 88 45 hoc
632 397 75 45 quod

184 438 96 36 in
232 438 144 36 rebus
328 438 240 36 naturalibus
520 438 112 36 non
568 438 144 36 vtuntur

186 476 189 40 principio
332 476 189 40 naturali,
477 476 145 40 volunt
578 476 87 40 se
607 476 102 40 assi-

196 508 148 49 milari
300 508 236 49 Naturalibus,
492 508 74 49 &
521 508 192 49 loquuntur
654 508 59 49 de

193 556 140 38 natura,
295 556 64 38 &
321 556 76 38 in
359 556 140 38 motibus
461 556 127 38 coeli,
550 556 64 38 &
575 556 115 38 etiam
639 556 76 38 suis

195 589 195 47 partibus:
345 589 135 47 sicut
435 589 195 47 Naturales
569 589 135 47 loquunm

198 625 103 41 tur
257 625 88 41 de
301 625 206 41 actionibus
463 625 74 41 &
492 625 221 41 passionibus
654 625 59 41 in

193 668 134 46 rebus,
287 668 107 46 quae
354 668 107 46 sunt
421 668 94 46 sub
474 668 134 46 coelo:
568 668 67 46 &
582 668 134 46 laborant

190 707 78 45 in
229 707 143 45 omnibus
333 707 117 45 istis
411 707 117 45 dando
490 707 130 45 causas
581 707 117 45 eorum
646 707 65 45 per

202 741 214 45 mathematica,
376 741 161 45 scilicet
497 741 161 45 numeros.
604 741 107 45 Deinde

192 789 84 37 d.
234 789 84 37 vt
276 789 196 37 numerentur
430 789 84 37 in
473 789 224 37 Naturalibus,
641 789 70 37 &c.

196 824 76 34 i.
234 824 64 34 &
260 824 127 34 locuti
349 824 102 34 sunt
412 824 76 34 in
451 824 114 34 istis
527 824 127 34 rebus,
616 824 76 34 vt
641 824 64 34 nu-

190 857 170 41 merentur
318 857 85 41 in
360 857 213 41 loquentibus
531 857 85 41 de
573 857 114 41 nam.
630 857 71 41 con

200 893 147 45 cedebant
310 893 98 45 enim
371 893 98 45 quod
432 893 110 45 entia
506 893 98 45 sunt
555 893 159 45 sensibilia.

200 933 51 53 &
220 933 82 53 quod
272 933 82 53 sunt
323 933 82 53 alia
375 933 175 53 insensibilia.
519 933 124 53 scilicet
601 933 103 53 substan-

196 973 93 49 tiae
255 973 175 49 abstractae,
394 973 93 49 quae
453 973 93 49 sunt
511 973 151 49 principia
616 973 93 49 sensi-

198 1013 154 50 bilium.
310 1013 112 50 D.d.
380 1013 70 50 &
408 1013 182 50 accipiunt
548 1013 140 50 illud,
632 1013 84 50 quod

200 1052 130 48 dicitur
295 1052 130 48 coeluml
389 1052 71 48 i.
425 1052 94 48 quod
484 1052 94 48 isti
543 1052 142 48 ponebant
637 1052 71 48 coe-

190 1088 104 42 lum
250 1088 89 42 de
294 1088 149 42 natura
398 1088 149 42 rerum,
503 1088 119 42 quae
577 1088 119 42 sunt
637 1088 74 42 sub

194 1133 131 43 coelo:
285 1133 65 43 &
312 1133 131 43 dicunt
403 1133 92 43 eia
455 1133 78 43 in
495 1133 131 43 causas
573 1133 131 43 apparem,

193 1169 117 41 tium
266 1169 88 41 in
310 1169 88 41 eo
354 1169 146 41 multos
456 1169 190 41 sermones.
602 1169 88 41 Et
646 1169 88 41 in

198 1212 116 46 nuit
270 1212 101 46 per
328 1212 101 46 hoc
386 1212 174 46 ponentes
516 1212 159 46 species
617 1212 87 46 nume

189 1244 131 52 rorum
277 1244 146 52 causas
379 1244 160 52 entinm.
495 1244 87 52 v.
539 1244 87 52 g.
583 1244 116 52 quia
641 1244 58 52 po

185 1282 166 40 nebant
302 1282 183 40 numerum
434 1282 149 40 parem
534 1282 166 40 causam
634 1282 66 40 en

180 1319 132 52 tium,
268 1319 146 52 quibus
371 1319 161 52 accidit
488 1319 117 52 esse
561 1319 146 52 paria:
663 1319 73 52 &

191 1356 160 50 ponunt
303 1356 176 50 impares
431 1356 160 50 causas
542 1356 160 50 entium
638 1356 64 50 im

186 1404 141 44 parium
284 1404 127 44 verbi
369 1404 141 44 gratia
467 1404 112 44 quia
537 1404 141 44 ponunt
622 1404 84 44 ter-

190 1439 179 43 narium
315 1439 179 43 causam
440 1439 179 43 omnium
547 1439 161 43 entium,

195 1478 125 46 quibus
283 1478 138 46 accidit
383 1478 100 46 esse
446 1478 113 46 tria,
521 1478 163 46 similiter
634 1478 75 46 qua-

193 1517 210 46 ternarium,
358 1517 75 46 &
388 1517 210 46 quinarium.
554 1517 135 46 Ista.
629 1517 75 46 eni

193 1557 150 54 opinio
298 1557 105 54 est
358 1557 165 54 famosa,
479 1557 75 54 &
509 1557 165 54 credita
614 1557 90 54 apud

189 1588 141 54 istos
268 1588 157 54 homines.

237 1660 157 58 Causas
347 1660 142 58 vero,
442 1660 79 58 &
473 1660 220 58 principia,
630 1660 79 58 si-

192 1706 110 57 cut
255 1706 188 57 diximus,
396 1706 266 57 sufficientia,
615 1706 94 57 vt
646 1706 63 57 di

188 1750 152 45 cunt,
290 1750 152 45 etiam
391 1750 152 45 vsque
492 1750 101 45 ad
526 1750 186 45 superiora

186 1792 182 42 entium
313 1792 309 42 transcendere,
568 1792 91 42 &
586 1792 127 42 magis

183 1840 132 42 quam
266 1840 99 42 de
316 1840 165 42 natura
432 1840 232 42 sermonibus
597 1840 116 42 conue

716 157 216 54 nientia.
878 157 108 54 Ex
932 157 126 54 quo
1004 157 144 54 vero
1094 157 144 54 modo
1166 157 72 54 mo

730 199 103 43 tus
789 199 132 43 erit,
877 199 147 43 finito
980 199 73 43 &
1009 199 191 43 infinito,
1156 199 73 43 &
1171 199 73 43 pa-

719 241 103 58 ri
770 241 86 58 &
805 241 172 58 impari
925 241 155 58 solum
1011 241 223 58 suppositis,

725 285 152 45 nihil
810 285 135 45 aiunt,

771 324 241 65 Ascendamus
960 324 172 65 igitur
1080 324 103 65 ad
1115 324 120 65 illud

728 375 110 59 quod
797 375 96 59 est
852 375 137 59 altius
948 375 82 59 de
989 375 165 59 entibus,
1113 375 82 59 et
1140 375 96 59 prae-

728 421 132 61 cipue
817 421 88 61 ad
861 421 147 61 illud,
964 421 103 61 cui
1022 421 176 61 conuenit
1140 421 103 61 sermo

727 471 226 51 naturalis:
904 471 81 51 &
937 471 194 51 dicamus,
1082 471 129 51 quod
1162 471 113 51 mo

729 510 93 73 tus
782 510 93 73 quo
835 510 93 73 quo
889 510 107 73 modo
956 510 134 73 quidam
1049 510 93 73 est
1102 510 160 73 finitus,

733 568 78 50 &
765 568 156 50 quidam
874 568 218 50 infinitus,
1045 568 93 50 et
1091 568 140 50 nihil
1169 568 78 50 di-

728 616 129 59 cunt
808 616 97 59 de
857 616 193 59 subiecto
1002 616 129 59 pari
1082 616 80 59 &
1098 616 145 59 impari-

767 661 160 53 Quoniam
883 661 131 53 omnes
970 661 160 53 Antiqui
1071 661 174 53 conueniunt

730 701 79 44 in
769 701 106 44 hoc,
835 701 106 44 quod
902 701 172 44 principia
1034 701 106 44 sunt
1086 701 159 44 contraria,

734 743 222 51 Pythagorici,
914 743 97 51 qui
970 743 208 51 opinabantur
1136 743 111 51 quod
1192 743 55 51 en

727 789 92 41 tia
780 789 106 41 sunt
846 789 145 41 numeri,
951 789 159 41 dicebant
1070 789 106 41 quod
1123 789 119 41 contra-

728 821 115 49 ria,
799 821 115 49 quae
871 821 115 49 sunt
943 821 187 49 principia
1073 821 172 49 numerorum,

722 859 119 39 sunt
797 859 164 39 finitum
916 859 74 39 &
945 859 208 39 infinitum,
1094 859 149 39 incoepit

735 897 220 50 contradicere
914 897 110 50 eis,
982 897 69 50 &
1010 897 82 50 d.
1051 897 110 50 quod
1120 897 110 50 haec
1174 897 69 50 duo

725 933 186 54 contraria
868 933 215 54 inueniuntur
1040 933 86 54 in
1083 933 129 54 motu,
1155 933 86 54 quas

725 971 184 52 propter
859 971 150 52 motus
959 971 117 52 est
1026 971 200 52 numerus.
1160 971 84 52 Et,

726 1010 122 56 quia
802 1010 137 56 omnia
893 1010 107 56 duo
954 1010 198 56 contraria
1092 1010 152 56 indigent

727 1052 198 38 subiecto,
879 1052 76 38 &
910 1052 137 38 isti,
1001 1052 107 38 cum
1062 1052 183 38 dixerunt
1184 1052 61 38 de

731 1088 149 44 finito
835 1088 75 44 &
865 1088 194 44 infinito,
1014 1088 104 44 non
1074 1088 179 44 dixerunt
1193 1088 60 44 de

730 1128 179 46 subiecto
865 1128 149 46 eorum,
969 1128 90 46 d.
1014 1128 75 46 &
1044 1128 134 46 nihil
1119 1128 134 46 dicunt,

724 1165 86 45 de
767 1165 187 45 subiecto.
910 1165 72 45 &
939 1165 115 45 quia
1011 1165 230 45 contrarietas
1198 1165 86 45 in

729 1203 169 52 numeris
852 1203 108 52 est
913 1203 108 52 par
974 1203 77 52 &
1005 1203 154 52 impar,
1113 1203 77 52 &
1128 1203 123 52 melius

729 1243 114 52 est
794 1243 179 52 opinari
924 1243 179 52 numerum
1054 1243 130 52 esse
1119 1243 130 52 compo-

729 1283 126 47 situm
813 1283 84 47 ex
855 1283 210 47 contrarijs,
1023 1283 70 47 &
1051 1283 154 47 opinari
1163 1283 112 47 quod

721 1323 121 40 ista
796 1323 241 40 contrarietas
993 1323 106 40 est
1053 1323 106 40 par
1113 1323 75 40 &
1128 1323 106 40 impar

729 1357 138 46 dixit:
826 1357 69 46 &
854 1357 125 46 nihil
937 1357 138 46 dicunt
1034 1357 83 46 de
1075 1357 166 46 subiecto
1186 1357 55 46 pa

726 1401 96 49 ri
774 1401 80 49 &
790 1401 144 49 impari.

771 1452 112 60 Aut
835 1452 175 60 quomodo
962 1452 207 60 possibile
1122 1452 112 60 est
1169 1452 80 60 si-

726 1508 109 40 ne
780 1508 145 40 motu
871 1508 91 40 &
907 1508 235 40 mutatione
1070 1508 163 40 genera-

728 1535 164 51 tionem
843 1535 82 51 &
875 1535 263 51 corruptionem
1089 1535 148 51 esse,
1171 1535 82 51 aut

725 1580 183 56 actiones
862 1580 153 56 eorum,
969 1580 122 56 quae
1045 1580 92 56 in
1091 1580 137 56 coelo
1168 1580 76 56 fe-

719 1620 180 47 runtur.
850 1620 131 47 Item
932 1620 131 47 siue
1014 1620 131 47 quis
1096 1620 115 47 eis
1145 1620 98 47 con-

724 1663 146 50 cedat
821 1663 97 50 ex
870 1663 113 50 his
934 1663 259 50 magnitudinem
1129 1663 113 50 essee

719 1707 137 47 siue
804 1707 239 47 monstretur
993 1707 137 47 hoc,
1078 1707 120 47 quo
1146 1707 137 47 modo

718 1756 161 47 tamen
826 1756 197 47 quaedam
969 1756 215 47 corporum
1113 1756 126 47 leuia

725 1792 208 49 quaedam
876 1792 264 49 grauitatem
1065 1792 189 49 habentia

724 1837 138 54 erunt
816 1837 123 54 sest
892 1837 153 54 quibus
1000 1837 123 54 enim
1061 1837 184 54 supponunt,
