<?xml version="1.0" encoding="UTF-8"?>
<alto xmlns:xsi="http://www.w3.org/2001/XMLSchema-instance"
      xmlns="http://www.loc.gov/standards/alto/ns-v2#"
      xmlns:page="http://schema.primaresearch.org/PAGE/gts/pagecontent/2013-07-15"
      xsi:schemaLocation="http://www.loc.gov/standards/alto/ns-v2# http://www.loc.gov/standards/alto/alto.xsd">
   <Description>
      <MeasurementUnit>pixel</MeasurementUnit>
      <OCRProcessing ID="IdOcr">
         <ocrProcessingStep>
            <processingDateTime>2020-11-21T10:32:28.368-05:00</processingDateTime>
            <processingSoftware>
               <softwareCreator>READ COOP</softwareCreator>
               <softwareName>Transkribus</softwareName>
            </processingSoftware>
         </ocrProcessingStep>
      </OCRProcessing>
   </Description>
   <Tags/>
   <Layout>
      <Page ID="Page1" PHYSICAL_IMG_NR="1" HEIGHT="2066" WIDTH="1475">
         <TopMargin HEIGHT="0" WIDTH="1475" VPOS="0" HPOS="0"/>
         <LeftMargin HEIGHT="2066" WIDTH="0" VPOS="0" HPOS="0"/>
         <RightMargin HEIGHT="2066" WIDTH="0" VPOS="0" HPOS="1475"/>
         <BottomMargin HEIGHT="0" WIDTH="1475" VPOS="2066" HPOS="0"/>
         <PrintSpace HEIGHT="2066" WIDTH="1475" VPOS="0" HPOS="0">
            <TextBlock ID="TextRegion_1604456801987_40"
                       HEIGHT="1799"
                       WIDTH="528"
                       VPOS="91"
                       HPOS="212">
               <Shape>
                  <Polygon POINTS="212,91 740,91 740,1890 212,1890"/>
               </Shape>
               <TextLine ID="line_1604456790451_27"
                         BASELINE="190"
                         HEIGHT="58"
                         WIDTH="508"
                         VPOS="132"
                         HPOS="207">
                  <String HEIGHT="58"
                          WIDTH="145"
                          VPOS="132"
                          HPOS="189"
                          CONTENT="Quod"/>
                  <SP HEIGHT="58" WIDTH="18" VPOS="132" HPOS="334"/>
                  <String HEIGHT="58"
                          WIDTH="181"
                          VPOS="132"
                          HPOS="280"
                          CONTENT="igitur"/>
                  <SP HEIGHT="58" WIDTH="18" VPOS="132" HPOS="461"/>
                  <String HEIGHT="58" WIDTH="109" VPOS="132" HPOS="407" CONTENT="de"/>
                  <SP HEIGHT="58" WIDTH="18" VPOS="132" HPOS="515"/>
                  <String HEIGHT="58"
                          WIDTH="200"
                          VPOS="132"
                          HPOS="461"
                          CONTENT="primis,"/>
                  <SP HEIGHT="58" WIDTH="18" VPOS="132" HPOS="661"/>
                  <String HEIGHT="58" WIDTH="91" VPOS="132" HPOS="606" CONTENT="&amp;"/>
                  <SP HEIGHT="58" WIDTH="18" VPOS="132" HPOS="697"/>
                  <String HEIGHT="58" WIDTH="91" VPOS="132" HPOS="624" CONTENT="qua"/>
               </TextLine>
               <TextLine ID="r2l4"
                         BASELINE="232"
                         HEIGHT="50"
                         WIDTH="501"
                         VPOS="182"
                         HPOS="220">
                  <String HEIGHT="50" WIDTH="103" VPOS="182" HPOS="205" CONTENT="per"/>
                  <SP HEIGHT="50" WIDTH="15" VPOS="182" HPOS="308"/>
                  <String HEIGHT="50" WIDTH="88" VPOS="182" HPOS="264" CONTENT="se"/>
                  <SP HEIGHT="50" WIDTH="15" VPOS="182" HPOS="353"/>
                  <String HEIGHT="50"
                          WIDTH="192"
                          VPOS="182"
                          HPOS="308"
                          CONTENT="dicuntur,"/>
                  <SP HEIGHT="50" WIDTH="15" VPOS="182" HPOS="500"/>
                  <String HEIGHT="50"
                          WIDTH="192"
                          VPOS="182"
                          HPOS="456"
                          CONTENT="vnicuique"/>
                  <SP HEIGHT="50" WIDTH="15" VPOS="182" HPOS="647"/>
                  <String HEIGHT="50"
                          WIDTH="133"
                          VPOS="182"
                          HPOS="603"
                          CONTENT="esse,"/>
                  <SP HEIGHT="50" WIDTH="15" VPOS="182" HPOS="736"/>
                  <String HEIGHT="50" WIDTH="44" VPOS="182" HPOS="677" CONTENT="&amp;"/>
               </TextLine>
               <TextLine ID="r2l6"
                         BASELINE="267"
                         HEIGHT="46"
                         WIDTH="489"
                         VPOS="221"
                         HPOS="222">
                  <String HEIGHT="46"
                          WIDTH="262"
                          VPOS="221"
                          HPOS="205"
                          CONTENT="vnumquodque"/>
                  <SP HEIGHT="46" WIDTH="17" VPOS="221" HPOS="466"/>
                  <String HEIGHT="46"
                          WIDTH="157"
                          VPOS="221"
                          HPOS="414"
                          CONTENT="idem,"/>
                  <SP HEIGHT="46" WIDTH="17" VPOS="221" HPOS="571"/>
                  <String HEIGHT="46" WIDTH="87" VPOS="221" HPOS="519" CONTENT="&amp;"/>
                  <SP HEIGHT="46" WIDTH="17" VPOS="221" HPOS="606"/>
                  <String HEIGHT="46"
                          WIDTH="140"
                          VPOS="221"
                          HPOS="554"
                          CONTENT="vnum"/>
                  <SP HEIGHT="46" WIDTH="17" VPOS="221" HPOS="694"/>
                  <String HEIGHT="46" WIDTH="87" VPOS="221" HPOS="624" CONTENT="est"/>
               </TextLine>
               <TextLine ID="r2l8"
                         BASELINE="315"
                         HEIGHT="54"
                         WIDTH="497"
                         VPOS="261"
                         HPOS="222">
                  <String HEIGHT="54"
                          WIDTH="155"
                          VPOS="261"
                          HPOS="206"
                          CONTENT="patet."/>
                  <SP HEIGHT="54" WIDTH="16" VPOS="261" HPOS="362"/>
                  <String HEIGHT="54"
                          WIDTH="233"
                          VPOS="261"
                          HPOS="315"
                          CONTENT="Sophisticae"/>
                  <SP HEIGHT="54" WIDTH="16" VPOS="261" HPOS="548"/>
                  <String HEIGHT="54"
                          WIDTH="140"
                          VPOS="261"
                          HPOS="502"
                          CONTENT="autem"/>
                  <SP HEIGHT="54" WIDTH="16" VPOS="261" HPOS="641"/>
                  <String HEIGHT="54" WIDTH="93" VPOS="261" HPOS="595" CONTENT="ad"/>
                  <SP HEIGHT="54" WIDTH="16" VPOS="261" HPOS="688"/>
                  <String HEIGHT="54" WIDTH="93" VPOS="261" HPOS="626" CONTENT="hanc"/>
               </TextLine>
               <TextLine ID="r2l10"
                         BASELINE="354"
                         HEIGHT="49"
                         WIDTH="495"
                         VPOS="305"
                         HPOS="222">
                  <String HEIGHT="49"
                          WIDTH="248"
                          VPOS="305"
                          HPOS="204"
                          CONTENT="positionem"/>
                  <SP HEIGHT="49" WIDTH="18" VPOS="305" HPOS="452"/>
                  <String HEIGHT="49"
                          WIDTH="301"
                          VPOS="305"
                          HPOS="399"
                          CONTENT="redargutiones"/>
                  <SP HEIGHT="49" WIDTH="18" VPOS="305" HPOS="699"/>
                  <String HEIGHT="49"
                          WIDTH="88"
                          VPOS="305"
                          HPOS="629"
                          CONTENT="ma"
                          SUBS_TYPE="HypPart1"
                          SUBS_CONTENT="manifestum"/>
                  <HYP CONTENT="-"/>
               </TextLine>
               <TextLine ID="r2l12"
                         BASELINE="390"
                         HEIGHT="45"
                         WIDTH="503"
                         VPOS="345"
                         HPOS="216">
                  <String HEIGHT="45"
                          WIDTH="183"
                          VPOS="345"
                          HPOS="201"
                          CONTENT="nifestum"
                          SUBS_TYPE="HypPart2"
                          SUBS_CONTENT="manifestum"/>
                  <SP HEIGHT="45" WIDTH="15" VPOS="345" HPOS="384"/>
                  <String HEIGHT="45" WIDTH="107" VPOS="345" HPOS="338" CONTENT="est"/>
                  <SP HEIGHT="45" WIDTH="15" VPOS="345" HPOS="445"/>
                  <String HEIGHT="45"
                          WIDTH="122"
                          VPOS="345"
                          HPOS="399"
                          CONTENT="quod"/>
                  <SP HEIGHT="45" WIDTH="15" VPOS="345" HPOS="521"/>
                  <String HEIGHT="45"
                          WIDTH="137"
                          VPOS="345"
                          HPOS="475"
                          CONTENT="eadem"/>
                  <SP HEIGHT="45" WIDTH="15" VPOS="345" HPOS="612"/>
                  <String HEIGHT="45"
                          WIDTH="168"
                          VPOS="345"
                          HPOS="551"
                          CONTENT="solutione"/>
               </TextLine>
               <TextLine ID="r2l14"
                         BASELINE="434"
                         HEIGHT="45"
                         WIDTH="501"
                         VPOS="389"
                         HPOS="221">
                  <String HEIGHT="45"
                          WIDTH="213"
                          VPOS="389"
                          HPOS="206"
                          CONTENT="soluuntur,"/>
                  <SP HEIGHT="45" WIDTH="15" VPOS="389" HPOS="418"/>
                  <String HEIGHT="45" WIDTH="76" VPOS="389" HPOS="373" CONTENT="&amp;"/>
                  <SP HEIGHT="45" WIDTH="15" VPOS="389" HPOS="449"/>
                  <String HEIGHT="45" WIDTH="91" VPOS="389" HPOS="403" CONTENT="si"/>
                  <SP HEIGHT="45" WIDTH="15" VPOS="389" HPOS="494"/>
                  <String HEIGHT="45"
                          WIDTH="121"
                          VPOS="389"
                          HPOS="449"
                          CONTENT="idem"/>
                  <SP HEIGHT="45" WIDTH="15" VPOS="389" HPOS="570"/>
                  <String HEIGHT="45"
                          WIDTH="197"
                          VPOS="389"
                          HPOS="525"
                          CONTENT="Socrates,"/>
                  <SP HEIGHT="45" WIDTH="15" VPOS="389" HPOS="722"/>
                  <String HEIGHT="45" WIDTH="76" VPOS="389" HPOS="676" CONTENT="&amp;"/>
                  <SP HEIGHT="45" WIDTH="15" VPOS="389" HPOS="752"/>
                  <String HEIGHT="45" WIDTH="30" VPOS="389" HPOS="692" CONTENT=""/>
               </TextLine>
               <TextLine ID="r2l16"
                         BASELINE="482"
                         HEIGHT="53"
                         WIDTH="501"
                         VPOS="429"
                         HPOS="220">
                  <String HEIGHT="53"
                          WIDTH="162"
                          VPOS="429"
                          HPOS="205"
                          CONTENT="Socrati"/>
                  <SP HEIGHT="53" WIDTH="15" VPOS="429" HPOS="367"/>
                  <String HEIGHT="53"
                          WIDTH="133"
                          VPOS="429"
                          HPOS="323"
                          CONTENT="esse."/>
                  <SP HEIGHT="53" WIDTH="15" VPOS="429" HPOS="456"/>
                  <String HEIGHT="53"
                          WIDTH="133"
                          VPOS="429"
                          HPOS="412"
                          CONTENT="nihil"/>
                  <SP HEIGHT="53" WIDTH="15" VPOS="429" HPOS="544"/>
                  <String HEIGHT="53"
                          WIDTH="118"
                          VPOS="429"
                          HPOS="500"
                          CONTENT="enim"/>
                  <SP HEIGHT="53" WIDTH="15" VPOS="429" HPOS="618"/>
                  <String HEIGHT="53"
                          WIDTH="177"
                          VPOS="429"
                          HPOS="574"
                          CONTENT="differt,"/>
                  <SP HEIGHT="53" WIDTH="15" VPOS="429" HPOS="750"/>
                  <String HEIGHT="53" WIDTH="29" VPOS="429" HPOS="692" CONTENT=""/>
               </TextLine>
               <TextLine ID="r2l17"
                         BASELINE="521"
                         HEIGHT="49"
                         WIDTH="493"
                         VPOS="472"
                         HPOS="224">
                  <String HEIGHT="49" WIDTH="111" VPOS="472" HPOS="208" CONTENT="nec"/>
                  <SP HEIGHT="49" WIDTH="16" VPOS="472" HPOS="319"/>
                  <String HEIGHT="49" WIDTH="95" VPOS="472" HPOS="272" CONTENT="ex"/>
                  <SP HEIGHT="49" WIDTH="16" VPOS="472" HPOS="367"/>
                  <String HEIGHT="49"
                          WIDTH="159"
                          VPOS="472"
                          HPOS="319"
                          CONTENT="quibus"/>
                  <SP HEIGHT="49" WIDTH="16" VPOS="472" HPOS="478"/>
                  <String HEIGHT="49"
                          WIDTH="175"
                          VPOS="472"
                          HPOS="431"
                          CONTENT="aliquis"/>
                  <SP HEIGHT="49" WIDTH="16" VPOS="472" HPOS="606"/>
                  <String HEIGHT="49"
                          WIDTH="175"
                          VPOS="472"
                          HPOS="542"
                          CONTENT="interroga"/>
               </TextLine>
               <TextLine ID="r2l19"
                         BASELINE="555"
                         HEIGHT="36"
                         WIDTH="498"
                         VPOS="519"
                         HPOS="221">
                  <String HEIGHT="36"
                          WIDTH="156"
                          VPOS="519"
                          HPOS="205"
                          CONTENT="uerit,"/>
                  <SP HEIGHT="36" WIDTH="16" VPOS="519" HPOS="361"/>
                  <String HEIGHT="36" WIDTH="109" VPOS="519" HPOS="314" CONTENT="nec"/>
                  <SP HEIGHT="36" WIDTH="16" VPOS="519" HPOS="423"/>
                  <String HEIGHT="36" WIDTH="93" VPOS="519" HPOS="377" CONTENT="ex"/>
                  <SP HEIGHT="36" WIDTH="16" VPOS="519" HPOS="470"/>
                  <String HEIGHT="36"
                          WIDTH="156"
                          VPOS="519"
                          HPOS="423"
                          CONTENT="quibus"/>
                  <SP HEIGHT="36" WIDTH="16" VPOS="519" HPOS="579"/>
                  <String HEIGHT="36"
                          WIDTH="171"
                          VPOS="519"
                          HPOS="532"
                          CONTENT="soluens"/>
                  <SP HEIGHT="36" WIDTH="16" VPOS="519" HPOS="703"/>
                  <String HEIGHT="36"
                          WIDTH="78"
                          VPOS="519"
                          HPOS="641"
                          CONTENT="ob"
                          SUBS_TYPE="HypPart1"
                          SUBS_CONTENT="obtinuerit."/>
                  <HYP CONTENT="-"/>
               </TextLine>
               <TextLine ID="r2l21"
                         BASELINE="602"
                         HEIGHT="45"
                         WIDTH="502"
                         VPOS="557"
                         HPOS="222">
                  <String HEIGHT="45"
                          WIDTH="218"
                          VPOS="557"
                          HPOS="205"
                          CONTENT="tinuerit."
                          SUBS_TYPE="HypPart2"
                          SUBS_CONTENT="obtinuerit."/>
                  <SP HEIGHT="45" WIDTH="17" VPOS="557" HPOS="423"/>
                  <String HEIGHT="45" WIDTH="117" VPOS="557" HPOS="373" CONTENT="Quo"/>
                  <SP HEIGHT="45" WIDTH="17" VPOS="557" HPOS="490"/>
                  <String HEIGHT="45"
                          WIDTH="167"
                          VPOS="557"
                          HPOS="440"
                          CONTENT="igitur"/>
                  <SP HEIGHT="45" WIDTH="17" VPOS="557" HPOS="607"/>
                  <String HEIGHT="45"
                          WIDTH="134"
                          VPOS="557"
                          HPOS="557"
                          CONTENT="modo"/>
                  <SP HEIGHT="45" WIDTH="17" VPOS="557" HPOS="691"/>
                  <String HEIGHT="45"
                          WIDTH="100"
                          VPOS="557"
                          HPOS="624"
                          CONTENT="idem"/>
               </TextLine>
               <TextLine ID="r2l23"
                         BASELINE="643"
                         HEIGHT="46"
                         WIDTH="499"
                         VPOS="597"
                         HPOS="224">
                  <String HEIGHT="46"
                          WIDTH="151"
                          VPOS="597"
                          HPOS="209"
                          CONTENT="cuique"/>
                  <SP HEIGHT="46" WIDTH="15" VPOS="597" HPOS="360"/>
                  <String HEIGHT="46" WIDTH="106" VPOS="597" HPOS="315" CONTENT="est"/>
                  <SP HEIGHT="46" WIDTH="15" VPOS="597" HPOS="421"/>
                  <String HEIGHT="46"
                          WIDTH="121"
                          VPOS="597"
                          HPOS="375"
                          CONTENT="quod"/>
                  <SP HEIGHT="46" WIDTH="15" VPOS="597" HPOS="496"/>
                  <String HEIGHT="46"
                          WIDTH="121"
                          VPOS="597"
                          HPOS="451"
                          CONTENT="quid"/>
                  <SP HEIGHT="46" WIDTH="15" VPOS="597" HPOS="572"/>
                  <String HEIGHT="46"
                          WIDTH="121"
                          VPOS="597"
                          HPOS="526"
                          CONTENT="erat"/>
                  <SP HEIGHT="46" WIDTH="15" VPOS="597" HPOS="647"/>
                  <String HEIGHT="46"
                          WIDTH="136"
                          VPOS="597"
                          HPOS="602"
                          CONTENT="esse,"/>
                  <SP HEIGHT="46" WIDTH="15" VPOS="597" HPOS="738"/>
                  <String HEIGHT="46" WIDTH="45" VPOS="597" HPOS="678" CONTENT="&amp;"/>
               </TextLine>
               <TextLine ID="r2l25"
                         BASELINE="685"
                         HEIGHT="40"
                         WIDTH="478"
                         VPOS="645"
                         HPOS="221">
                  <String HEIGHT="40"
                          WIDTH="181"
                          VPOS="645"
                          HPOS="205"
                          CONTENT="quomodo"/>
                  <SP HEIGHT="40" WIDTH="16" VPOS="645" HPOS="386"/>
                  <String HEIGHT="40" WIDTH="115" VPOS="645" HPOS="336" CONTENT="non"/>
                  <SP HEIGHT="40" WIDTH="16" VPOS="645" HPOS="452"/>
                  <String HEIGHT="40"
                          WIDTH="148"
                          VPOS="645"
                          HPOS="402"
                          CONTENT="idem,"/>
                  <SP HEIGHT="40" WIDTH="16" VPOS="645" HPOS="551"/>
                  <String HEIGHT="40"
                          WIDTH="165"
                          VPOS="645"
                          HPOS="501"
                          CONTENT="dictum"/>
                  <SP HEIGHT="40" WIDTH="16" VPOS="645" HPOS="666"/>
                  <String HEIGHT="40" WIDTH="99" VPOS="645" HPOS="600" CONTENT="est,"/>
               </TextLine>
               <TextLine ID="r2l27"
                         BASELINE="738"
                         HEIGHT="60"
                         WIDTH="442"
                         VPOS="678"
                         HPOS="273">
                  <String HEIGHT="60" WIDTH="76" VPOS="678" HPOS="260" CONTENT="Et"/>
                  <SP HEIGHT="60" WIDTH="13" VPOS="678" HPOS="336"/>
                  <String HEIGHT="60"
                          WIDTH="126"
                          VPOS="678"
                          HPOS="298"
                          CONTENT="formae"/>
                  <SP HEIGHT="60" WIDTH="13" VPOS="678" HPOS="425"/>
                  <String HEIGHT="60" WIDTH="76" VPOS="678" HPOS="387" CONTENT="si"/>
                  <SP HEIGHT="60" WIDTH="13" VPOS="678" HPOS="462"/>
                  <String HEIGHT="60"
                          WIDTH="114"
                          VPOS="678"
                          HPOS="425"
                          CONTENT="sint,"/>
                  <SP HEIGHT="60" WIDTH="13" VPOS="678" HPOS="538"/>
                  <String HEIGHT="60"
                          WIDTH="114"
                          VPOS="678"
                          HPOS="500"
                          CONTENT="sicut"/>
                  <SP HEIGHT="60" WIDTH="13" VPOS="678" HPOS="614"/>
                  <String HEIGHT="60"
                          WIDTH="126"
                          VPOS="678"
                          HPOS="576"
                          CONTENT="dicunt"/>
                  <SP HEIGHT="60" WIDTH="13" VPOS="678" HPOS="702"/>
                  <String HEIGHT="60" WIDTH="63" VPOS="678" HPOS="652" CONTENT="qui"/>
               </TextLine>
               <TextLine ID="r2l29"
                         BASELINE="783"
                         HEIGHT="58"
                         WIDTH="500"
                         VPOS="725"
                         HPOS="218">
                  <String HEIGHT="58"
                          WIDTH="121"
                          VPOS="725"
                          HPOS="203"
                          CONTENT="dam,"/>
                  <SP HEIGHT="58" WIDTH="15" VPOS="725" HPOS="324"/>
                  <String HEIGHT="58"
                          WIDTH="121"
                          VPOS="725"
                          HPOS="279"
                          CONTENT="tunc"/>
                  <SP HEIGHT="58" WIDTH="15" VPOS="725" HPOS="400"/>
                  <String HEIGHT="58"
                          WIDTH="197"
                          VPOS="725"
                          HPOS="354"
                          CONTENT="subiectum"/>
                  <SP HEIGHT="58" WIDTH="15" VPOS="725" HPOS="551"/>
                  <String HEIGHT="58" WIDTH="106" VPOS="725" HPOS="506" CONTENT="non"/>
                  <SP HEIGHT="58" WIDTH="15" VPOS="725" HPOS="612"/>
                  <String HEIGHT="58"
                          WIDTH="121"
                          VPOS="725"
                          HPOS="566"
                          CONTENT="erit"/>
                  <SP HEIGHT="58" WIDTH="15" VPOS="725" HPOS="688"/>
                  <String HEIGHT="58"
                          WIDTH="91"
                          VPOS="725"
                          HPOS="627"
                          CONTENT="sub"
                          SUBS_TYPE="HypPart1"
                          SUBS_CONTENT="substantia,"/>
                  <HYP CONTENT="-"/>
               </TextLine>
               <TextLine ID="r2l31"
                         BASELINE="834"
                         HEIGHT="61"
                         WIDTH="494"
                         VPOS="773"
                         HPOS="219">
                  <String HEIGHT="61"
                          WIDTH="165"
                          VPOS="773"
                          HPOS="205"
                          CONTENT="stantia,"
                          SUBS_TYPE="HypPart2"
                          SUBS_CONTENT="substantia,"/>
                  <SP HEIGHT="61" WIDTH="14" VPOS="773" HPOS="370"/>
                  <String HEIGHT="61"
                          WIDTH="151"
                          VPOS="773"
                          HPOS="329"
                          CONTENT="quoniam"/>
                  <SP HEIGHT="61" WIDTH="14" VPOS="773" HPOS="480"/>
                  <String HEIGHT="61"
                          WIDTH="151"
                          VPOS="773"
                          HPOS="439"
                          CONTENT="necesse"/>
                  <SP HEIGHT="61" WIDTH="14" VPOS="773" HPOS="590"/>
                  <String HEIGHT="61"
                          WIDTH="110"
                          VPOS="773"
                          HPOS="548"
                          CONTENT="est,"/>
                  <SP HEIGHT="61" WIDTH="14" VPOS="773" HPOS="658"/>
                  <String HEIGHT="61" WIDTH="82" VPOS="773" HPOS="617" CONTENT="vt"/>
                  <SP HEIGHT="61" WIDTH="14" VPOS="773" HPOS="699"/>
                  <String HEIGHT="61"
                          WIDTH="69"
                          VPOS="773"
                          HPOS="644"
                          CONTENT="il"
                          SUBS_TYPE="HypPart1"
                          SUBS_CONTENT="illae"/>
                  <HYP CONTENT="-"/>
               </TextLine>
               <TextLine ID="r2l33"
                         BASELINE="867"
                         HEIGHT="47"
                         WIDTH="500"
                         VPOS="820"
                         HPOS="212">
                  <String HEIGHT="47"
                          WIDTH="97"
                          VPOS="820"
                          HPOS="198"
                          CONTENT="lae"
                          SUBS_TYPE="HypPart2"
                          SUBS_CONTENT="illae"/>
                  <SP HEIGHT="47" WIDTH="14" VPOS="820" HPOS="295"/>
                  <String HEIGHT="47"
                          WIDTH="208"
                          VPOS="820"
                          HPOS="254"
                          CONTENT="substantiae"/>
                  <SP HEIGHT="47" WIDTH="14" VPOS="820" HPOS="462"/>
                  <String HEIGHT="47" WIDTH="97" VPOS="820" HPOS="420" CONTENT="non"/>
                  <SP HEIGHT="47" WIDTH="14" VPOS="820" HPOS="518"/>
                  <String HEIGHT="47"
                          WIDTH="111"
                          VPOS="820"
                          HPOS="476"
                          CONTENT="sint"/>
                  <SP HEIGHT="47" WIDTH="14" VPOS="820" HPOS="587"/>
                  <String HEIGHT="47" WIDTH="83" VPOS="820" HPOS="545" CONTENT="de"/>
                  <SP HEIGHT="47" WIDTH="14" VPOS="820" HPOS="629"/>
                  <String HEIGHT="47"
                          WIDTH="139"
                          VPOS="820"
                          HPOS="573"
                          CONTENT="subiecto"/>
               </TextLine>
               <TextLine ID="r2l35"
                         BASELINE="930"
                         HEIGHT="53"
                         WIDTH="498"
                         VPOS="877"
                         HPOS="223">
                  <String HEIGHT="53" WIDTH="80" VPOS="877" HPOS="207" CONTENT="&amp;"/>
                  <SP HEIGHT="53" WIDTH="16" VPOS="877" HPOS="287"/>
                  <String HEIGHT="53" WIDTH="96" VPOS="877" HPOS="239" CONTENT="si"/>
                  <SP HEIGHT="53" WIDTH="16" VPOS="877" HPOS="335"/>
                  <String HEIGHT="53" WIDTH="112" VPOS="877" HPOS="287" CONTENT="non"/>
                  <SP HEIGHT="53" WIDTH="16" VPOS="877" HPOS="400"/>
                  <String HEIGHT="53"
                          WIDTH="129"
                          VPOS="877"
                          HPOS="352"
                          CONTENT="sint"/>
                  <SP HEIGHT="53" WIDTH="16" VPOS="877" HPOS="480"/>
                  <String HEIGHT="53"
                          WIDTH="129"
                          VPOS="877"
                          HPOS="432"
                          CONTENT="modo"/>
                  <SP HEIGHT="53" WIDTH="16" VPOS="877" HPOS="560"/>
                  <String HEIGHT="53"
                          WIDTH="225"
                          VPOS="877"
                          HPOS="496"
                          CONTENT="communicatio"/>
               </TextLine>
               <TextLine ID="r2l37"
                         BASELINE="978"
                         HEIGHT="64"
                         WIDTH="502"
                         VPOS="914"
                         HPOS="212">
                  <String HEIGHT="64"
                          WIDTH="118"
                          VPOS="914"
                          HPOS="197"
                          CONTENT="nis."/>
                  <SP HEIGHT="64" WIDTH="15" VPOS="914" HPOS="315"/>
                  <String HEIGHT="64" WIDTH="89" VPOS="914" HPOS="271" CONTENT="Ex"/>
                  <SP HEIGHT="64" WIDTH="15" VPOS="914" HPOS="360"/>
                  <String HEIGHT="64" WIDTH="103" VPOS="914" HPOS="315" CONTENT="hoc"/>
                  <SP HEIGHT="64" WIDTH="15" VPOS="914" HPOS="419"/>
                  <String HEIGHT="64"
                          WIDTH="148"
                          VPOS="914"
                          HPOS="374"
                          CONTENT="igitur"/>
                  <SP HEIGHT="64" WIDTH="15" VPOS="914" HPOS="522"/>
                  <String HEIGHT="64"
                          WIDTH="162"
                          VPOS="914"
                          HPOS="478"
                          CONTENT="sermone"/>
                  <SP HEIGHT="64" WIDTH="15" VPOS="914" HPOS="640"/>
                  <String HEIGHT="64"
                          WIDTH="133"
                          VPOS="914"
                          HPOS="581"
                          CONTENT="quodli"
                          SUBS_TYPE="HypPart1"
                          SUBS_CONTENT="quodlibet"/>
                  <HYP CONTENT="-"/>
               </TextLine>
               <TextLine ID="r2l39"
                         BASELINE="1025"
                         HEIGHT="61"
                         WIDTH="496"
                         VPOS="964"
                         HPOS="217">
                  <String HEIGHT="61"
                          WIDTH="99"
                          VPOS="964"
                          HPOS="203"
                          CONTENT="bet"
                          SUBS_TYPE="HypPart2"
                          SUBS_CONTENT="quodlibet"/>
                  <SP HEIGHT="61" WIDTH="14" VPOS="964" HPOS="302"/>
                  <String HEIGHT="61" WIDTH="71" VPOS="964" HPOS="260" CONTENT="&amp;"/>
                  <SP HEIGHT="61" WIDTH="14" VPOS="964" HPOS="330"/>
                  <String HEIGHT="61"
                          WIDTH="128"
                          VPOS="964"
                          HPOS="288"
                          CONTENT="quid,"/>
                  <SP HEIGHT="61" WIDTH="14" VPOS="964" HPOS="415"/>
                  <String HEIGHT="61" WIDTH="99" VPOS="964" HPOS="373" CONTENT="est"/>
                  <SP HEIGHT="61" WIDTH="14" VPOS="964" HPOS="472"/>
                  <String HEIGHT="61" WIDTH="99" VPOS="964" HPOS="430" CONTENT="per"/>
                  <SP HEIGHT="61" WIDTH="14" VPOS="964" HPOS="529"/>
                  <String HEIGHT="61"
                          WIDTH="184"
                          VPOS="964"
                          HPOS="486"
                          CONTENT="essentiam"/>
                  <SP HEIGHT="61" WIDTH="14" VPOS="964" HPOS="670"/>
                  <String HEIGHT="61"
                          WIDTH="99"
                          VPOS="964"
                          HPOS="614"
                          CONTENT="idem,"/>
               </TextLine>
               <TextLine ID="r2l41"
                         BASELINE="1069"
                         HEIGHT="52"
                         WIDTH="502"
                         VPOS="1017"
                         HPOS="220">
                  <String HEIGHT="52" WIDTH="81" VPOS="1017" HPOS="204" CONTENT="&amp;"/>
                  <SP HEIGHT="52" WIDTH="16" VPOS="1017" HPOS="285"/>
                  <String HEIGHT="52"
                          WIDTH="113"
                          VPOS="1017"
                          HPOS="236"
                          CONTENT="non"/>
                  <SP HEIGHT="52" WIDTH="16" VPOS="1017" HPOS="350"/>
                  <String HEIGHT="52"
                          WIDTH="130"
                          VPOS="1017"
                          HPOS="301"
                          CONTENT="modo"/>
                  <SP HEIGHT="52" WIDTH="16" VPOS="1017" HPOS="431"/>
                  <String HEIGHT="52"
                          WIDTH="259"
                          VPOS="1017"
                          HPOS="382"
                          CONTENT="accidentali."/>
                  <SP HEIGHT="52" WIDTH="16" VPOS="1017" HPOS="641"/>
                  <String HEIGHT="52" WIDTH="81" VPOS="1017" HPOS="592" CONTENT="&amp;"/>
                  <SP HEIGHT="52" WIDTH="16" VPOS="1017" HPOS="673"/>
                  <String HEIGHT="52"
                          WIDTH="130"
                          VPOS="1017"
                          HPOS="625"
                          CONTENT="quod"/>
                  <SP HEIGHT="52" WIDTH="16" VPOS="1017" HPOS="754"/>
                  <String HEIGHT="52" WIDTH="32" VPOS="1017" HPOS="690" CONTENT=""/>
               </TextLine>
               <TextLine ID="r2l43"
                         BASELINE="1119"
                         HEIGHT="62"
                         WIDTH="496"
                         VPOS="1057"
                         HPOS="218">
                  <String HEIGHT="62"
                          WIDTH="132"
                          VPOS="1057"
                          HPOS="207"
                          CONTENT="scientia"/>
                  <SP HEIGHT="62" WIDTH="11" VPOS="1057" HPOS="339"/>
                  <String HEIGHT="62"
                          WIDTH="154"
                          VPOS="1057"
                          HPOS="306"
                          CONTENT="cuiuslibet"/>
                  <SP HEIGHT="62" WIDTH="11" VPOS="1057" HPOS="460"/>
                  <String HEIGHT="62" WIDTH="77" VPOS="1057" HPOS="427" CONTENT="rei"/>
                  <SP HEIGHT="62" WIDTH="11" VPOS="1057" HPOS="505"/>
                  <String HEIGHT="62" WIDTH="77" VPOS="1057" HPOS="472" CONTENT="est"/>
                  <SP HEIGHT="62" WIDTH="11" VPOS="1057" HPOS="549"/>
                  <String HEIGHT="62"
                          WIDTH="99"
                          VPOS="1057"
                          HPOS="516"
                          CONTENT="ista,"/>
                  <SP HEIGHT="62" WIDTH="11" VPOS="1057" HPOS="615"/>
                  <String HEIGHT="62"
                          WIDTH="132"
                          VPOS="1057"
                          HPOS="582"
                          CONTENT="scilicet"/>
                  <SP HEIGHT="62" WIDTH="11" VPOS="1057" HPOS="714"/>
                  <String HEIGHT="62" WIDTH="44" VPOS="1057" HPOS="670" CONTENT="se"/>
               </TextLine>
               <TextLine ID="r2l45"
                         BASELINE="1170"
                         HEIGHT="62"
                         WIDTH="503"
                         VPOS="1108"
                         HPOS="214">
                  <String HEIGHT="62" WIDTH="86" VPOS="1108" HPOS="200" CONTENT="re"/>
                  <SP HEIGHT="62" WIDTH="14" VPOS="1108" HPOS="286"/>
                  <String HEIGHT="62"
                          WIDTH="115"
                          VPOS="1108"
                          HPOS="243"
                          CONTENT="quid"/>
                  <SP HEIGHT="62" WIDTH="14" VPOS="1108" HPOS="358"/>
                  <String HEIGHT="62"
                          WIDTH="101"
                          VPOS="1108"
                          HPOS="315"
                          CONTENT="est"/>
                  <SP HEIGHT="62" WIDTH="14" VPOS="1108" HPOS="415"/>
                  <String HEIGHT="62"
                          WIDTH="101"
                          VPOS="1108"
                          HPOS="372"
                          CONTENT="per"/>
                  <SP HEIGHT="62" WIDTH="14" VPOS="1108" HPOS="473"/>
                  <String HEIGHT="62"
                          WIDTH="201"
                          VPOS="1108"
                          HPOS="430"
                          CONTENT="essentiam."/>
                  <SP HEIGHT="62" WIDTH="14" VPOS="1108" HPOS="631"/>
                  <String HEIGHT="62"
                          WIDTH="101"
                          VPOS="1108"
                          HPOS="588"
                          CONTENT="per"/>
                  <SP HEIGHT="62" WIDTH="14" VPOS="1108" HPOS="688"/>
                  <String HEIGHT="62"
                          WIDTH="86"
                          VPOS="1108"
                          HPOS="631"
                          CONTENT="hanc"/>
               </TextLine>
               <TextLine ID="r2l47"
                         BASELINE="1223"
                         HEIGHT="67"
                         WIDTH="495"
                         VPOS="1156"
                         HPOS="216">
                  <String HEIGHT="67"
                          WIDTH="141"
                          VPOS="1156"
                          HPOS="202"
                          CONTENT="igitur"/>
                  <SP HEIGHT="67" WIDTH="14" VPOS="1156" HPOS="343"/>
                  <String HEIGHT="67"
                          WIDTH="198"
                          VPOS="1156"
                          HPOS="301"
                          CONTENT="positionem"/>
                  <SP HEIGHT="67" WIDTH="14" VPOS="1156" HPOS="499"/>
                  <String HEIGHT="67"
                          WIDTH="156"
                          VPOS="1156"
                          HPOS="456"
                          CONTENT="necesse"/>
                  <SP HEIGHT="67" WIDTH="14" VPOS="1156" HPOS="612"/>
                  <String HEIGHT="67" WIDTH="99" VPOS="1156" HPOS="570" CONTENT="est"/>
                  <SP HEIGHT="67" WIDTH="14" VPOS="1156" HPOS="669"/>
                  <String HEIGHT="67" WIDTH="85" VPOS="1156" HPOS="626" CONTENT="ut"/>
                  <SP HEIGHT="67" WIDTH="14" VPOS="1156" HPOS="711"/>
                  <String HEIGHT="67" WIDTH="57" VPOS="1156" HPOS="654" CONTENT="an"/>
               </TextLine>
               <TextLine ID="r2l49"
                         BASELINE="1267"
                         HEIGHT="63"
                         WIDTH="491"
                         VPOS="1204"
                         HPOS="221">
                  <String HEIGHT="63" WIDTH="89" VPOS="1204" HPOS="206" CONTENT="bo"/>
                  <SP HEIGHT="63" WIDTH="15" VPOS="1204" HPOS="295"/>
                  <String HEIGHT="63"
                          WIDTH="119"
                          VPOS="1204"
                          HPOS="251"
                          CONTENT="sint"/>
                  <SP HEIGHT="63" WIDTH="15" VPOS="1204" HPOS="370"/>
                  <String HEIGHT="63"
                          WIDTH="134"
                          VPOS="1204"
                          HPOS="325"
                          CONTENT="idem."/>
                  <SP HEIGHT="63" WIDTH="15" VPOS="1204" HPOS="459"/>
                  <String HEIGHT="63"
                          WIDTH="119"
                          VPOS="1204"
                          HPOS="414"
                          CONTENT="Quae"/>
                  <SP HEIGHT="63" WIDTH="15" VPOS="1204" HPOS="533"/>
                  <String HEIGHT="63"
                          WIDTH="134"
                          VPOS="1204"
                          HPOS="489"
                          CONTENT="autem"/>
                  <SP HEIGHT="63" WIDTH="15" VPOS="1204" HPOS="623"/>
                  <String HEIGHT="63"
                          WIDTH="149"
                          VPOS="1204"
                          HPOS="563"
                          CONTENT="dicuntur"/>
               </TextLine>
               <TextLine ID="r2l51"
                         BASELINE="1315"
                         HEIGHT="63"
                         WIDTH="500"
                         VPOS="1252"
                         HPOS="214">
                  <String HEIGHT="63"
                          WIDTH="109"
                          VPOS="1252"
                          HPOS="198"
                          CONTENT="per"/>
                  <SP HEIGHT="63" WIDTH="16" VPOS="1252" HPOS="308"/>
                  <String HEIGHT="63"
                          WIDTH="188"
                          VPOS="1252"
                          HPOS="261"
                          CONTENT="accidens"/>
                  <SP HEIGHT="63" WIDTH="16" VPOS="1252" HPOS="448"/>
                  <String HEIGHT="63" WIDTH="94" VPOS="1252" HPOS="402" CONTENT="vt"/>
                  <SP HEIGHT="63" WIDTH="16" VPOS="1252" HPOS="495"/>
                  <String HEIGHT="63"
                          WIDTH="188"
                          VPOS="1252"
                          HPOS="448"
                          CONTENT="musicum,"/>
                  <SP HEIGHT="63" WIDTH="16" VPOS="1252" HPOS="636"/>
                  <String HEIGHT="63"
                          WIDTH="109"
                          VPOS="1252"
                          HPOS="589"
                          CONTENT="aut"/>
                  <SP HEIGHT="63" WIDTH="16" VPOS="1252" HPOS="698"/>
                  <String HEIGHT="63"
                          WIDTH="78"
                          VPOS="1252"
                          HPOS="636"
                          CONTENT="al"
                          SUBS_TYPE="HypPart1"
                          SUBS_CONTENT="albu,"/>
                  <HYP CONTENT="-"/>
               </TextLine>
               <TextLine ID="r2l53"
                         BASELINE="1362"
                         HEIGHT="62"
                         WIDTH="503"
                         VPOS="1300"
                         HPOS="219">
                  <String HEIGHT="62"
                          WIDTH="101"
                          VPOS="1300"
                          HPOS="205"
                          CONTENT="bu,"
                          SUBS_TYPE="HypPart2"
                          SUBS_CONTENT="albu,"/>
                  <SP HEIGHT="62" WIDTH="14" VPOS="1300" HPOS="305"/>
                  <String HEIGHT="62"
                          WIDTH="115"
                          VPOS="1300"
                          HPOS="262"
                          CONTENT="quia"/>
                  <SP HEIGHT="62" WIDTH="14" VPOS="1300" HPOS="377"/>
                  <String HEIGHT="62"
                          WIDTH="216"
                          VPOS="1300"
                          HPOS="334"
                          CONTENT="significant"/>
                  <SP HEIGHT="62" WIDTH="14" VPOS="1300" HPOS="550"/>
                  <String HEIGHT="62"
                          WIDTH="115"
                          VPOS="1300"
                          HPOS="506"
                          CONTENT="duo,"/>
                  <SP HEIGHT="62" WIDTH="14" VPOS="1300" HPOS="621"/>
                  <String HEIGHT="62"
                          WIDTH="115"
                          VPOS="1300"
                          HPOS="578"
                          CONTENT="ideo"/>
                  <SP HEIGHT="62" WIDTH="14" VPOS="1300" HPOS="693"/>
                  <String HEIGHT="62"
                          WIDTH="101"
                          VPOS="1300"
                          HPOS="650"
                          CONTENT="non"/>
                  <SP HEIGHT="62" WIDTH="14" VPOS="1300" HPOS="751"/>
                  <String HEIGHT="62" WIDTH="29" VPOS="1300" HPOS="693" CONTENT=""/>
               </TextLine>
               <TextLine ID="r2l55"
                         BASELINE="1411"
                         HEIGHT="62"
                         WIDTH="498"
                         VPOS="1349"
                         HPOS="220">
                  <String HEIGHT="62"
                          WIDTH="109"
                          VPOS="1349"
                          HPOS="204"
                          CONTENT="est"/>
                  <SP HEIGHT="62" WIDTH="16" VPOS="1349" HPOS="313"/>
                  <String HEIGHT="62"
                          WIDTH="233"
                          VPOS="1349"
                          HPOS="267"
                          CONTENT="necessarium"/>
                  <SP HEIGHT="62" WIDTH="16" VPOS="1349" HPOS="500"/>
                  <String HEIGHT="62"
                          WIDTH="156"
                          VPOS="1349"
                          HPOS="453"
                          CONTENT="dicere"/>
                  <SP HEIGHT="62" WIDTH="16" VPOS="1349" HPOS="609"/>
                  <String HEIGHT="62"
                          WIDTH="125"
                          VPOS="1349"
                          HPOS="562"
                          CONTENT="quod"/>
                  <SP HEIGHT="62" WIDTH="16" VPOS="1349" HPOS="687"/>
                  <String HEIGHT="62"
                          WIDTH="93"
                          VPOS="1349"
                          HPOS="625"
                          CONTENT="sint"/>
               </TextLine>
               <TextLine ID="r2l57"
                         BASELINE="1458"
                         HEIGHT="62"
                         WIDTH="498"
                         VPOS="1396"
                         HPOS="212">
                  <String HEIGHT="62"
                          WIDTH="125"
                          VPOS="1396"
                          HPOS="196"
                          CONTENT="idem"/>
                  <SP HEIGHT="62" WIDTH="16" VPOS="1396" HPOS="321"/>
                  <String HEIGHT="62"
                          WIDTH="109"
                          VPOS="1396"
                          HPOS="274"
                          CONTENT="per"/>
                  <SP HEIGHT="62" WIDTH="16" VPOS="1396" HPOS="383"/>
                  <String HEIGHT="62"
                          WIDTH="218"
                          VPOS="1396"
                          HPOS="337"
                          CONTENT="essentiam."/>
                  <SP HEIGHT="62" WIDTH="16" VPOS="1396" HPOS="554"/>
                  <String HEIGHT="62"
                          WIDTH="140"
                          VPOS="1396"
                          HPOS="508"
                          CONTENT="illud"/>
                  <SP HEIGHT="62" WIDTH="16" VPOS="1396" HPOS="648"/>
                  <String HEIGHT="62"
                          WIDTH="125"
                          VPOS="1396"
                          HPOS="586"
                          CONTENT="etenim"/>
               </TextLine>
               <TextLine ID="r2l59"
                         BASELINE="1498"
                         HEIGHT="53"
                         WIDTH="497"
                         VPOS="1445"
                         HPOS="221">
                  <String HEIGHT="53" WIDTH="99" VPOS="1445" HPOS="207" CONTENT="cui"/>
                  <SP HEIGHT="53" WIDTH="14" VPOS="1445" HPOS="306"/>
                  <String HEIGHT="53"
                          WIDTH="156"
                          VPOS="1445"
                          HPOS="264"
                          CONTENT="accidit"/>
                  <SP HEIGHT="53" WIDTH="14" VPOS="1445" HPOS="420"/>
                  <String HEIGHT="53"
                          WIDTH="142"
                          VPOS="1445"
                          HPOS="377"
                          CONTENT="album,"/>
                  <SP HEIGHT="53" WIDTH="14" VPOS="1445" HPOS="519"/>
                  <String HEIGHT="53" WIDTH="71" VPOS="1445" HPOS="477" CONTENT="&amp;"/>
                  <SP HEIGHT="53" WIDTH="14" VPOS="1445" HPOS="548"/>
                  <String HEIGHT="53"
                          WIDTH="170"
                          VPOS="1445"
                          HPOS="505"
                          CONTENT="accidens"/>
                  <SP HEIGHT="53" WIDTH="14" VPOS="1445" HPOS="675"/>
                  <String HEIGHT="53"
                          WIDTH="99"
                          VPOS="1445"
                          HPOS="619"
                          CONTENT="etiam"/>
               </TextLine>
               <TextLine ID="r2l61"
                         BASELINE="1554"
                         HEIGHT="58"
                         WIDTH="492"
                         VPOS="1496"
                         HPOS="220">
                  <String HEIGHT="58"
                          WIDTH="123"
                          VPOS="1496"
                          HPOS="202"
                          CONTENT="est"/>
                  <SP HEIGHT="58" WIDTH="18" VPOS="1496" HPOS="325"/>
                  <String HEIGHT="58"
                          WIDTH="211"
                          VPOS="1496"
                          HPOS="273"
                          CONTENT="secundum"/>
                  <SP HEIGHT="58" WIDTH="18" VPOS="1496" HPOS="484"/>
                  <String HEIGHT="58"
                          WIDTH="141"
                          VPOS="1496"
                          HPOS="431"
                          CONTENT="unum"/>
                  <SP HEIGHT="58" WIDTH="18" VPOS="1496" HPOS="571"/>
                  <String HEIGHT="58"
                          WIDTH="158"
                          VPOS="1496"
                          HPOS="519"
                          CONTENT="modum"/>
                  <SP HEIGHT="58" WIDTH="18" VPOS="1496" HPOS="677"/>
                  <String HEIGHT="58"
                          WIDTH="105"
                          VPOS="1496"
                          HPOS="607"
                          CONTENT="idem"/>
               </TextLine>
               <TextLine ID="r2l63"
                         BASELINE="1606"
                         HEIGHT="58"
                         WIDTH="509"
                         VPOS="1548"
                         HPOS="212">
                  <String HEIGHT="58" WIDTH="77" VPOS="1548" HPOS="197" CONTENT="&amp;"/>
                  <SP HEIGHT="58" WIDTH="15" VPOS="1548" HPOS="274"/>
                  <String HEIGHT="58"
                          WIDTH="123"
                          VPOS="1548"
                          HPOS="227"
                          CONTENT="quid"/>
                  <SP HEIGHT="58" WIDTH="15" VPOS="1548" HPOS="351"/>
                  <String HEIGHT="58"
                          WIDTH="108"
                          VPOS="1548"
                          HPOS="305"
                          CONTENT="est"/>
                  <SP HEIGHT="58" WIDTH="15" VPOS="1548" HPOS="413"/>
                  <String HEIGHT="58"
                          WIDTH="108"
                          VPOS="1548"
                          HPOS="366"
                          CONTENT="per"/>
                  <SP HEIGHT="58" WIDTH="15" VPOS="1548" HPOS="474"/>
                  <String HEIGHT="58"
                          WIDTH="216"
                          VPOS="1548"
                          HPOS="428"
                          CONTENT="essentiam,"/>
                  <SP HEIGHT="58" WIDTH="15" VPOS="1548" HPOS="644"/>
                  <String HEIGHT="58" WIDTH="77" VPOS="1548" HPOS="598" CONTENT="&amp;"/>
                  <SP HEIGHT="58" WIDTH="15" VPOS="1548" HPOS="675"/>
                  <String HEIGHT="58"
                          WIDTH="108"
                          VPOS="1548"
                          HPOS="613"
                          CONTENT="secun"/>
               </TextLine>
               <TextLine ID="r2l65"
                         BASELINE="1655"
                         HEIGHT="59"
                         WIDTH="510"
                         VPOS="1596"
                         HPOS="213">
                  <String HEIGHT="59"
                          WIDTH="112"
                          VPOS="1596"
                          HPOS="197"
                          CONTENT="dum"/>
                  <SP HEIGHT="59" WIDTH="16" VPOS="1596" HPOS="309"/>
                  <String HEIGHT="59"
                          WIDTH="143"
                          VPOS="1596"
                          HPOS="261"
                          CONTENT="alium"/>
                  <SP HEIGHT="59" WIDTH="16" VPOS="1596" HPOS="404"/>
                  <String HEIGHT="59"
                          WIDTH="112"
                          VPOS="1596"
                          HPOS="356"
                          CONTENT="non"/>
                  <SP HEIGHT="59" WIDTH="16" VPOS="1596" HPOS="468"/>
                  <String HEIGHT="59"
                          WIDTH="112"
                          VPOS="1596"
                          HPOS="420"
                          CONTENT="est"/>
                  <SP HEIGHT="59" WIDTH="16" VPOS="1596" HPOS="532"/>
                  <String HEIGHT="59"
                          WIDTH="143"
                          VPOS="1596"
                          HPOS="484"
                          CONTENT="idem,"/>
                  <SP HEIGHT="59" WIDTH="16" VPOS="1596" HPOS="627"/>
                  <String HEIGHT="59"
                          WIDTH="159"
                          VPOS="1596"
                          HPOS="564"
                          CONTENT="secundum"/>
               </TextLine>
               <TextLine ID="r2l67"
                         BASELINE="1698"
                         HEIGHT="54"
                         WIDTH="502"
                         VPOS="1644"
                         HPOS="215">
                  <String HEIGHT="54"
                          WIDTH="151"
                          VPOS="1644"
                          HPOS="198"
                          CONTENT="autem"/>
                  <SP HEIGHT="54" WIDTH="17" VPOS="1644" HPOS="349"/>
                  <String HEIGHT="54"
                          WIDTH="134"
                          VPOS="1644"
                          HPOS="299"
                          CONTENT="quod"/>
                  <SP HEIGHT="54" WIDTH="17" VPOS="1644" HPOS="433"/>
                  <String HEIGHT="54"
                          WIDTH="134"
                          VPOS="1644"
                          HPOS="382"
                          CONTENT="sunt"/>
                  <SP HEIGHT="54" WIDTH="17" VPOS="1644" HPOS="516"/>
                  <String HEIGHT="54"
                          WIDTH="201"
                          VPOS="1644"
                          HPOS="466"
                          CONTENT="hominis,"/>
                  <SP HEIGHT="54" WIDTH="17" VPOS="1644" HPOS="667"/>
                  <String HEIGHT="54" WIDTH="84" VPOS="1644" HPOS="617" CONTENT="&amp;"/>
                  <SP HEIGHT="54" WIDTH="17" VPOS="1644" HPOS="700"/>
                  <String HEIGHT="54"
                          WIDTH="84"
                          VPOS="1644"
                          HPOS="633"
                          CONTENT="ho"
                          SUBS_TYPE="HypPart1"
                          SUBS_CONTENT="hominis"/>
                  <HYP CONTENT="-"/>
               </TextLine>
               <TextLine ID="r2l69"
                         BASELINE="1747"
                         HEIGHT="55"
                         WIDTH="505"
                         VPOS="1692"
                         HPOS="216">
                  <String HEIGHT="55"
                          WIDTH="138"
                          VPOS="1692"
                          HPOS="201"
                          CONTENT="minis"
                          SUBS_TYPE="HypPart2"
                          SUBS_CONTENT="hominis"/>
                  <SP HEIGHT="55" WIDTH="15" VPOS="1692" HPOS="338"/>
                  <String HEIGHT="55"
                          WIDTH="138"
                          VPOS="1692"
                          HPOS="293"
                          CONTENT="albi,"/>
                  <SP HEIGHT="55" WIDTH="15" VPOS="1692" HPOS="430"/>
                  <String HEIGHT="55"
                          WIDTH="107"
                          VPOS="1692"
                          HPOS="384"
                          CONTENT="non"/>
                  <SP HEIGHT="55" WIDTH="15" VPOS="1692" HPOS="491"/>
                  <String HEIGHT="55"
                          WIDTH="122"
                          VPOS="1692"
                          HPOS="446"
                          CONTENT="sunt"/>
                  <SP HEIGHT="55" WIDTH="15" VPOS="1692" HPOS="568"/>
                  <String HEIGHT="55"
                          WIDTH="138"
                          VPOS="1692"
                          HPOS="522"
                          CONTENT="idem:"/>
                  <SP HEIGHT="55" WIDTH="15" VPOS="1692" HPOS="660"/>
                  <String HEIGHT="55"
                          WIDTH="122"
                          VPOS="1692"
                          HPOS="599"
                          CONTENT="secun"
                          SUBS_TYPE="HypPart1"
                          SUBS_CONTENT="secundum"/>
                  <HYP CONTENT="-"/>
               </TextLine>
               <TextLine ID="r2l71"
                         BASELINE="1802"
                         HEIGHT="61"
                         WIDTH="507"
                         VPOS="1741"
                         HPOS="212">
                  <String HEIGHT="61"
                          WIDTH="104"
                          VPOS="1741"
                          HPOS="197"
                          CONTENT="dum"
                          SUBS_TYPE="HypPart2"
                          SUBS_CONTENT="secundum"/>
                  <SP HEIGHT="61" WIDTH="15" VPOS="1741" HPOS="301"/>
                  <String HEIGHT="61"
                          WIDTH="119"
                          VPOS="1741"
                          HPOS="257"
                          CONTENT="aute"/>
                  <SP HEIGHT="61" WIDTH="15" VPOS="1741" HPOS="376"/>
                  <String HEIGHT="61"
                          WIDTH="119"
                          VPOS="1741"
                          HPOS="331"
                          CONTENT="quod"/>
                  <SP HEIGHT="61" WIDTH="15" VPOS="1741" HPOS="451"/>
                  <String HEIGHT="61"
                          WIDTH="119"
                          VPOS="1741"
                          HPOS="406"
                          CONTENT="sunt"/>
                  <SP HEIGHT="61" WIDTH="15" VPOS="1741" HPOS="525"/>
                  <String HEIGHT="61"
                          WIDTH="209"
                          VPOS="1741"
                          HPOS="480"
                          CONTENT="passiones,"/>
                  <SP HEIGHT="61" WIDTH="15" VPOS="1741" HPOS="689"/>
                  <String HEIGHT="61"
                          WIDTH="89"
                          VPOS="1741"
                          HPOS="630"
                          CONTENT="sunt"/>
               </TextLine>
               <TextLine ID="r2l73"
                         BASELINE="1851"
                         HEIGHT="62"
                         WIDTH="505"
                         VPOS="1789"
                         HPOS="212">
                  <String HEIGHT="62"
                          WIDTH="130"
                          VPOS="1789"
                          HPOS="198"
                          CONTENT="idem."/>
                  <SP HEIGHT="62" WIDTH="14" VPOS="1789" HPOS="327"/>
                  <String HEIGHT="62"
                          WIDTH="101"
                          VPOS="1789"
                          HPOS="284"
                          CONTENT="Et,"/>
                  <SP HEIGHT="62" WIDTH="14" VPOS="1789" HPOS="385"/>
                  <String HEIGHT="62" WIDTH="87" VPOS="1789" HPOS="342" CONTENT="si"/>
                  <SP HEIGHT="62" WIDTH="14" VPOS="1789" HPOS="428"/>
                  <String HEIGHT="62"
                          WIDTH="159"
                          VPOS="1789"
                          HPOS="385"
                          CONTENT="aliquis"/>
                  <SP HEIGHT="62" WIDTH="14" VPOS="1789" HPOS="544"/>
                  <String HEIGHT="62"
                          WIDTH="231"
                          VPOS="1789"
                          HPOS="486"
                          CONTENT="existimauerit,"/>
               </TextLine>
               <TextLine ID="r2l75"
                         BASELINE="1899"
                         HEIGHT="62"
                         WIDTH="507"
                         VPOS="1837"
                         HPOS="219">
                  <String HEIGHT="62"
                          WIDTH="131"
                          VPOS="1837"
                          HPOS="203"
                          CONTENT="quod"/>
                  <SP HEIGHT="62" WIDTH="16" VPOS="1837" HPOS="333"/>
                  <String HEIGHT="62"
                          WIDTH="213"
                          VPOS="1837"
                          HPOS="284"
                          CONTENT="quodlibet"/>
                  <SP HEIGHT="62" WIDTH="16" VPOS="1837" HPOS="497"/>
                  <String HEIGHT="62"
                          WIDTH="147"
                          VPOS="1837"
                          HPOS="448"
                          CONTENT="nomen"/>
                  <SP HEIGHT="62" WIDTH="16" VPOS="1837" HPOS="595"/>
                  <String HEIGHT="62"
                          WIDTH="147"
                          VPOS="1837"
                          HPOS="546"
                          CONTENT="habet"/>
                  <SP HEIGHT="62" WIDTH="16" VPOS="1837" HPOS="693"/>
                  <String HEIGHT="62"
                          WIDTH="98"
                          VPOS="1837"
                          HPOS="628"
                          CONTENT="quid"/>
               </TextLine>
            </TextBlock>
            <TextBlock ID="TextRegion_1604456812334_48"
                       HEIGHT="1799"
                       WIDTH="522"
                       VPOS="91"
                       HPOS="740">
               <Shape>
                  <Polygon POINTS="740,91 1262,91 1262,1890 740,1890"/>
               </Shape>
               <TextLine ID="line_1604456812419_51"
                         BASELINE="196"
                         HEIGHT="63"
                         WIDTH="521"
                         VPOS="133"
                         HPOS="746">
                  <String HEIGHT="63" WIDTH="114" VPOS="133" HPOS="730" CONTENT="per"/>
                  <SP HEIGHT="63" WIDTH="16" VPOS="133" HPOS="844"/>
                  <String HEIGHT="63"
                          WIDTH="228"
                          VPOS="133"
                          HPOS="795"
                          CONTENT="essentiam,"/>
                  <SP HEIGHT="63" WIDTH="16" VPOS="133" HPOS="1023"/>
                  <String HEIGHT="63"
                          WIDTH="212"
                          VPOS="133"
                          HPOS="974"
                          CONTENT="apparebit"/>
                  <SP HEIGHT="63" WIDTH="16" VPOS="133" HPOS="1186"/>
                  <String HEIGHT="63"
                          WIDTH="147"
                          VPOS="133"
                          HPOS="1120"
                          CONTENT="contra"
                          SUBS_TYPE="HypPart1"
                          SUBS_CONTENT="contrarium."/>
                  <HYP CONTENT="-"/>
               </TextLine>
               <TextLine ID="r2l5"
                         BASELINE="243"
                         HEIGHT="58"
                         WIDTH="506"
                         VPOS="185"
                         HPOS="746">
                  <String HEIGHT="58"
                          WIDTH="147"
                          VPOS="185"
                          HPOS="730"
                          CONTENT="rium."
                          SUBS_TYPE="HypPart2"
                          SUBS_CONTENT="contrarium."/>
                  <SP HEIGHT="58" WIDTH="16" VPOS="185" HPOS="877"/>
                  <String HEIGHT="58"
                          WIDTH="131"
                          VPOS="185"
                          HPOS="828"
                          CONTENT="erit"/>
                  <SP HEIGHT="58" WIDTH="16" VPOS="185" HPOS="958"/>
                  <String HEIGHT="58"
                          WIDTH="131"
                          VPOS="185"
                          HPOS="909"
                          CONTENT="enim"/>
                  <SP HEIGHT="58" WIDTH="16" VPOS="185" HPOS="1040"/>
                  <String HEIGHT="58"
                          WIDTH="131"
                          VPOS="185"
                          HPOS="991"
                          CONTENT="apud"/>
                  <SP HEIGHT="58" WIDTH="16" VPOS="185" HPOS="1121"/>
                  <String HEIGHT="58"
                          WIDTH="147"
                          VPOS="185"
                          HPOS="1072"
                          CONTENT="ipsum"/>
                  <SP HEIGHT="58" WIDTH="16" VPOS="185" HPOS="1219"/>
                  <String HEIGHT="58"
                          WIDTH="98"
                          VPOS="185"
                          HPOS="1154"
                          CONTENT="quid"/>
               </TextLine>
               <TextLine ID="r2l7"
                         BASELINE="290"
                         HEIGHT="61"
                         WIDTH="500"
                         VPOS="229"
                         HPOS="757">
                  <String HEIGHT="61" WIDTH="103" VPOS="229" HPOS="742" CONTENT="est"/>
                  <SP HEIGHT="61" WIDTH="15" VPOS="229" HPOS="845"/>
                  <String HEIGHT="61" WIDTH="103" VPOS="229" HPOS="801" CONTENT="per"/>
                  <SP HEIGHT="61" WIDTH="15" VPOS="229" HPOS="904"/>
                  <String HEIGHT="61"
                          WIDTH="191"
                          VPOS="229"
                          HPOS="860"
                          CONTENT="essentiam"/>
                  <SP HEIGHT="61" WIDTH="15" VPOS="229" HPOS="1051"/>
                  <String HEIGHT="61"
                          WIDTH="132"
                          VPOS="229"
                          HPOS="1007"
                          CONTENT="aliud"/>
                  <SP HEIGHT="61" WIDTH="15" VPOS="229" HPOS="1139"/>
                  <String HEIGHT="61"
                          WIDTH="147"
                          VPOS="229"
                          HPOS="1095"
                          CONTENT="etiam,"/>
                  <SP HEIGHT="61" WIDTH="15" VPOS="229" HPOS="1242"/>
                  <String HEIGHT="61" WIDTH="74" VPOS="229" HPOS="1183" CONTENT="ver"/>
               </TextLine>
               <TextLine ID="r2l9"
                         BASELINE="345"
                         HEIGHT="69"
                         WIDTH="501"
                         VPOS="276"
                         HPOS="746">
                  <String HEIGHT="69" WIDTH="79" VPOS="276" HPOS="733" CONTENT="bi"/>
                  <SP HEIGHT="69" WIDTH="13" VPOS="276" HPOS="812"/>
                  <String HEIGHT="69" WIDTH="79" VPOS="276" HPOS="772" CONTENT="g."/>
                  <SP HEIGHT="69" WIDTH="13" VPOS="276" HPOS="851"/>
                  <String HEIGHT="69"
                          WIDTH="119"
                          VPOS="276"
                          HPOS="812"
                          CONTENT="equus"/>
                  <SP HEIGHT="69" WIDTH="13" VPOS="276" HPOS="931"/>
                  <String HEIGHT="69" WIDTH="92" VPOS="276" HPOS="891" CONTENT="est"/>
                  <SP HEIGHT="69" WIDTH="13" VPOS="276" HPOS="983"/>
                  <String HEIGHT="69"
                          WIDTH="132"
                          VPOS="276"
                          HPOS="944"
                          CONTENT="aliud,"/>
                  <SP HEIGHT="69" WIDTH="13" VPOS="276" HPOS="1076"/>
                  <String HEIGHT="69" WIDTH="66" VPOS="276" HPOS="1036" CONTENT="&amp;"/>
                  <SP HEIGHT="69" WIDTH="13" VPOS="276" HPOS="1102"/>
                  <String HEIGHT="69"
                          WIDTH="105"
                          VPOS="276"
                          HPOS="1062"
                          CONTENT="quid"/>
                  <SP HEIGHT="69" WIDTH="13" VPOS="276" HPOS="1168"/>
                  <String HEIGHT="69" WIDTH="92" VPOS="276" HPOS="1128" CONTENT="est"/>
                  <SP HEIGHT="69" WIDTH="13" VPOS="276" HPOS="1221"/>
                  <String HEIGHT="69" WIDTH="92" VPOS="276" HPOS="1181" CONTENT="per"/>
                  <SP HEIGHT="69" WIDTH="13" VPOS="276" HPOS="1273"/>
                  <String HEIGHT="69" WIDTH="26" VPOS="276" HPOS="1221" CONTENT=""/>
               </TextLine>
               <TextLine ID="r2l11"
                         BASELINE="386"
                         HEIGHT="61"
                         WIDTH="501"
                         VPOS="325"
                         HPOS="748">
                  <String HEIGHT="61"
                          WIDTH="197"
                          VPOS="325"
                          HPOS="733"
                          CONTENT="essentiam"/>
                  <SP HEIGHT="61" WIDTH="15" VPOS="325" HPOS="930"/>
                  <String HEIGHT="61"
                          WIDTH="121"
                          VPOS="325"
                          HPOS="885"
                          CONTENT="equi"/>
                  <SP HEIGHT="61" WIDTH="15" VPOS="325" HPOS="1006"/>
                  <String HEIGHT="61" WIDTH="106" VPOS="325" HPOS="961" CONTENT="est"/>
                  <SP HEIGHT="61" WIDTH="15" VPOS="325" HPOS="1067"/>
                  <String HEIGHT="61"
                          WIDTH="152"
                          VPOS="325"
                          HPOS="1021"
                          CONTENT="aliud."/>
                  <SP HEIGHT="61" WIDTH="15" VPOS="325" HPOS="1173"/>
                  <String HEIGHT="61" WIDTH="91" VPOS="325" HPOS="1128" CONTENT="Et"/>
                  <SP HEIGHT="61" WIDTH="15" VPOS="325" HPOS="1219"/>
                  <String HEIGHT="61"
                          WIDTH="91"
                          VPOS="325"
                          HPOS="1158"
                          CONTENT="quid"/>
               </TextLine>
               <TextLine ID="r2l13"
                         BASELINE="442"
                         HEIGHT="70"
                         WIDTH="501"
                         VPOS="372"
                         HPOS="752">
                  <String HEIGHT="70"
                          WIDTH="182"
                          VPOS="372"
                          HPOS="737"
                          CONTENT="prohibet"/>
                  <SP HEIGHT="70" WIDTH="15" VPOS="372" HPOS="919"/>
                  <String HEIGHT="70"
                          WIDTH="213"
                          VPOS="372"
                          HPOS="873"
                          CONTENT="iquibusdam"/>
                  <SP HEIGHT="70" WIDTH="15" VPOS="372" HPOS="1086"/>
                  <String HEIGHT="70"
                          WIDTH="152"
                          VPOS="372"
                          HPOS="1040"
                          CONTENT="rebus,"/>
                  <SP HEIGHT="70" WIDTH="15" VPOS="372" HPOS="1192"/>
                  <String HEIGHT="70" WIDTH="91" VPOS="372" HPOS="1147" CONTENT="vt"/>
                  <SP HEIGHT="70" WIDTH="15" VPOS="372" HPOS="1238"/>
                  <String HEIGHT="70" WIDTH="76" VPOS="372" HPOS="1177" CONTENT="sit"/>
               </TextLine>
               <TextLine ID="r2l15"
                         BASELINE="487"
                         HEIGHT="66"
                         WIDTH="499"
                         VPOS="421"
                         HPOS="748">
                  <String HEIGHT="66"
                          WIDTH="166"
                          VPOS="421"
                          HPOS="731"
                          CONTENT="quidem"/>
                  <SP HEIGHT="66" WIDTH="17" VPOS="421" HPOS="898"/>
                  <String HEIGHT="66" WIDTH="116" VPOS="421" HPOS="848" CONTENT="per"/>
                  <SP HEIGHT="66" WIDTH="17" VPOS="421" HPOS="964"/>
                  <String HEIGHT="66"
                          WIDTH="216"
                          VPOS="421"
                          HPOS="914"
                          CONTENT="essentiam"/>
                  <SP HEIGHT="66" WIDTH="17" VPOS="421" HPOS="1131"/>
                  <String HEIGHT="66"
                          WIDTH="166"
                          VPOS="421"
                          HPOS="1081"
                          CONTENT="statim"/>
                  <SP HEIGHT="66" WIDTH="17" VPOS="421" HPOS="1247"/>
                  <String HEIGHT="66" WIDTH="67" VPOS="421" HPOS="1180" CONTENT="vt"/>
               </TextLine>
               <TextLine ID="r2l18"
                         BASELINE="532"
                         HEIGHT="63"
                         WIDTH="499"
                         VPOS="469"
                         HPOS="752">
                  <String HEIGHT="63"
                          WIDTH="121"
                          VPOS="469"
                          HPOS="737"
                          CONTENT="modo"/>
                  <SP HEIGHT="63" WIDTH="15" VPOS="469" HPOS="858"/>
                  <String HEIGHT="63"
                          WIDTH="121"
                          VPOS="469"
                          HPOS="812"
                          CONTENT="sit,"/>
                  <SP HEIGHT="63" WIDTH="15" VPOS="469" HPOS="933"/>
                  <String HEIGHT="63" WIDTH="91" VPOS="469" HPOS="888" CONTENT="si"/>
                  <SP HEIGHT="63" WIDTH="15" VPOS="469" HPOS="979"/>
                  <String HEIGHT="63"
                          WIDTH="151"
                          VPOS="469"
                          HPOS="933"
                          CONTENT="quidem"/>
                  <SP HEIGHT="63" WIDTH="15" VPOS="469" HPOS="1085"/>
                  <String HEIGHT="63"
                          WIDTH="106"
                          VPOS="469"
                          HPOS="1039"
                          CONTENT="per"/>
                  <SP HEIGHT="63" WIDTH="15" VPOS="469" HPOS="1145"/>
                  <String HEIGHT="63"
                          WIDTH="166"
                          VPOS="469"
                          HPOS="1085"
                          CONTENT="essentiam"/>
               </TextLine>
               <TextLine ID="r2l20"
                         BASELINE="569"
                         HEIGHT="52"
                         WIDTH="504"
                         VPOS="517"
                         HPOS="746">
                  <String HEIGHT="52" WIDTH="95" VPOS="517" HPOS="732" CONTENT="est"/>
                  <SP HEIGHT="52" WIDTH="14" VPOS="517" HPOS="828"/>
                  <String HEIGHT="52"
                          WIDTH="218"
                          VPOS="517"
                          HPOS="787"
                          CONTENT="substantiaem"/>
                  <SP HEIGHT="52" WIDTH="14" VPOS="517" HPOS="1005"/>
                  <String HEIGHT="52" WIDTH="68" VPOS="517" HPOS="964" CONTENT="&amp;"/>
                  <SP HEIGHT="52" WIDTH="14" VPOS="517" HPOS="1032"/>
                  <String HEIGHT="52"
                          WIDTH="109"
                          VPOS="517"
                          HPOS="991"
                          CONTENT="etia"/>
                  <SP HEIGHT="52" WIDTH="14" VPOS="517" HPOS="1100"/>
                  <String HEIGHT="52" WIDTH="95" VPOS="517" HPOS="1059" CONTENT="non"/>
                  <SP HEIGHT="52" WIDTH="14" VPOS="517" HPOS="1155"/>
                  <String HEIGHT="52"
                          WIDTH="109"
                          VPOS="517"
                          HPOS="1114"
                          CONTENT="erit"/>
                  <SP HEIGHT="52" WIDTH="14" VPOS="517" HPOS="1223"/>
                  <String HEIGHT="52"
                          WIDTH="82"
                          VPOS="517"
                          HPOS="1168"
                          CONTENT="idem"/>
               </TextLine>
               <TextLine ID="r2l22"
                         BASELINE="626"
                         HEIGHT="61"
                         WIDTH="503"
                         VPOS="565"
                         HPOS="748">
                  <String HEIGHT="61"
                          WIDTH="140"
                          VPOS="565"
                          HPOS="734"
                          CONTENT="solum,"/>
                  <SP HEIGHT="61" WIDTH="14" VPOS="565" HPOS="874"/>
                  <String HEIGHT="61" WIDTH="98" VPOS="565" HPOS="832" CONTENT="sed"/>
                  <SP HEIGHT="61" WIDTH="14" VPOS="565" HPOS="930"/>
                  <String HEIGHT="61"
                          WIDTH="182"
                          VPOS="565"
                          HPOS="888"
                          CONTENT="definitio"/>
                  <SP HEIGHT="61" WIDTH="14" VPOS="565" HPOS="1069"/>
                  <String HEIGHT="61"
                          WIDTH="112"
                          VPOS="565"
                          HPOS="1027"
                          CONTENT="eius"/>
                  <SP HEIGHT="61" WIDTH="14" VPOS="565" HPOS="1139"/>
                  <String HEIGHT="61"
                          WIDTH="112"
                          VPOS="565"
                          HPOS="1097"
                          CONTENT="erit"/>
                  <SP HEIGHT="61" WIDTH="14" VPOS="565" HPOS="1209"/>
                  <String HEIGHT="61"
                          WIDTH="98"
                          VPOS="565"
                          HPOS="1153"
                          CONTENT="etiam"/>
               </TextLine>
               <TextLine ID="r2l24"
                         BASELINE="674"
                         HEIGHT="62"
                         WIDTH="509"
                         VPOS="612"
                         HPOS="744">
                  <String HEIGHT="62"
                          WIDTH="139"
                          VPOS="612"
                          HPOS="729"
                          CONTENT="idem,"/>
                  <SP HEIGHT="62" WIDTH="15" VPOS="612" HPOS="867"/>
                  <String HEIGHT="62"
                          WIDTH="139"
                          VPOS="612"
                          HPOS="821"
                          CONTENT="sicut"/>
                  <SP HEIGHT="62" WIDTH="15" VPOS="612" HPOS="960"/>
                  <String HEIGHT="62"
                          WIDTH="216"
                          VPOS="612"
                          HPOS="914"
                          CONTENT="manifestum"/>
                  <SP HEIGHT="62" WIDTH="15" VPOS="612" HPOS="1130"/>
                  <String HEIGHT="62"
                          WIDTH="108"
                          VPOS="612"
                          HPOS="1083"
                          CONTENT="est"/>
                  <SP HEIGHT="62" WIDTH="15" VPOS="612" HPOS="1191"/>
                  <String HEIGHT="62" WIDTH="93" VPOS="612" HPOS="1145" CONTENT="de"/>
                  <SP HEIGHT="62" WIDTH="15" VPOS="612" HPOS="1238"/>
                  <String HEIGHT="62"
                          WIDTH="77"
                          VPOS="612"
                          HPOS="1176"
                          CONTENT="di"
                          SUBS_TYPE="HypPart1"
                          SUBS_CONTENT="dictis"/>
                  <HYP CONTENT="-"/>
               </TextLine>
               <TextLine ID="r2l26"
                         BASELINE="719"
                         HEIGHT="59"
                         WIDTH="483"
                         VPOS="660"
                         HPOS="752">
                  <String HEIGHT="59"
                          WIDTH="114"
                          VPOS="660"
                          HPOS="738"
                          CONTENT="ctis"
                          SUBS_TYPE="HypPart2"
                          SUBS_CONTENT="dictis"/>
                  <SP HEIGHT="59" WIDTH="14" VPOS="660" HPOS="851"/>
                  <String HEIGHT="59"
                          WIDTH="142"
                          VPOS="660"
                          HPOS="809"
                          CONTENT="etiam."/>
                  <SP HEIGHT="59" WIDTH="14" VPOS="660" HPOS="951"/>
                  <String HEIGHT="59"
                          WIDTH="170"
                          VPOS="660"
                          HPOS="908"
                          CONTENT="essentia"/>
                  <SP HEIGHT="59" WIDTH="14" VPOS="660" HPOS="1079"/>
                  <String HEIGHT="59"
                          WIDTH="114"
                          VPOS="660"
                          HPOS="1036"
                          CONTENT="enim"/>
                  <SP HEIGHT="59" WIDTH="14" VPOS="660" HPOS="1150"/>
                  <String HEIGHT="59"
                          WIDTH="128"
                          VPOS="660"
                          HPOS="1107"
                          CONTENT="vnius"/>
                  <SP HEIGHT="59" WIDTH="14" VPOS="660" HPOS="1235"/>
                  <String HEIGHT="59" WIDTH="71" VPOS="660" HPOS="1192" CONTENT="&amp;"/>
                  <SP HEIGHT="59" WIDTH="14" VPOS="660" HPOS="1263"/>
                  <String HEIGHT="59" WIDTH="28" VPOS="660" HPOS="1207" CONTENT=""/>
               </TextLine>
               <TextLine ID="line_1604456812423_53"
                         BASELINE="762"
                         HEIGHT="49"
                         WIDTH="513"
                         VPOS="713"
                         HPOS="754">
                  <String HEIGHT="49"
                          WIDTH="128"
                          VPOS="713"
                          HPOS="738"
                          CONTENT="vnum"/>
                  <SP HEIGHT="49" WIDTH="16" VPOS="713" HPOS="866"/>
                  <String HEIGHT="49" WIDTH="112" VPOS="713" HPOS="818" CONTENT="non"/>
                  <SP HEIGHT="49" WIDTH="16" VPOS="713" HPOS="930"/>
                  <String HEIGHT="49"
                          WIDTH="128"
                          VPOS="713"
                          HPOS="882"
                          CONTENT="sunt"/>
                  <SP HEIGHT="49" WIDTH="16" VPOS="713" HPOS="1011"/>
                  <String HEIGHT="49"
                          WIDTH="128"
                          VPOS="713"
                          HPOS="962"
                          CONTENT="idem"/>
                  <SP HEIGHT="49" WIDTH="16" VPOS="713" HPOS="1091"/>
                  <String HEIGHT="49"
                          WIDTH="128"
                          VPOS="713"
                          HPOS="1043"
                          CONTENT="modo"/>
                  <SP HEIGHT="49" WIDTH="16" VPOS="713" HPOS="1171"/>
                  <String HEIGHT="49"
                          WIDTH="160"
                          VPOS="713"
                          HPOS="1107"
                          CONTENT="acciden"
                          SUBS_TYPE="HypPart1"
                          SUBS_CONTENT="accidentali."/>
                  <HYP CONTENT="-"/>
               </TextLine>
               <TextLine ID="r2l30"
                         BASELINE="821"
                         HEIGHT="64"
                         WIDTH="505"
                         VPOS="757"
                         HPOS="748">
                  <String HEIGHT="64"
                          WIDTH="123"
                          VPOS="757"
                          HPOS="734"
                          CONTENT="tali."
                          SUBS_TYPE="HypPart2"
                          SUBS_CONTENT="accidentali."/>
                  <SP HEIGHT="64" WIDTH="14" VPOS="757" HPOS="857"/>
                  <String HEIGHT="64" WIDTH="82" VPOS="757" HPOS="816" CONTENT="Et"/>
                  <SP HEIGHT="64" WIDTH="14" VPOS="757" HPOS="898"/>
                  <String HEIGHT="64" WIDTH="82" VPOS="757" HPOS="857" CONTENT="si"/>
                  <SP HEIGHT="64" WIDTH="14" VPOS="757" HPOS="939"/>
                  <String HEIGHT="64"
                          WIDTH="136"
                          VPOS="757"
                          HPOS="898"
                          CONTENT="fuerit"/>
                  <SP HEIGHT="64" WIDTH="14" VPOS="757" HPOS="1035"/>
                  <String HEIGHT="64"
                          WIDTH="123"
                          VPOS="757"
                          HPOS="994"
                          CONTENT="etiam"/>
                  <SP HEIGHT="64" WIDTH="14" VPOS="757" HPOS="1117"/>
                  <String HEIGHT="64"
                          WIDTH="136"
                          VPOS="757"
                          HPOS="1076"
                          CONTENT="aliud,"/>
                  <SP HEIGHT="64" WIDTH="14" VPOS="757" HPOS="1212"/>
                  <String HEIGHT="64"
                          WIDTH="96"
                          VPOS="757"
                          HPOS="1157"
                          CONTENT="proce"/>
               </TextLine>
               <TextLine ID="r2l32"
                         BASELINE="866"
                         HEIGHT="61"
                         WIDTH="505"
                         VPOS="805"
                         HPOS="750">
                  <String HEIGHT="61"
                          WIDTH="142"
                          VPOS="805"
                          HPOS="734"
                          CONTENT="detur"/>
                  <SP HEIGHT="61" WIDTH="16" VPOS="805" HPOS="876"/>
                  <String HEIGHT="61" WIDTH="95" VPOS="805" HPOS="829" CONTENT="in"/>
                  <SP HEIGHT="61" WIDTH="16" VPOS="805" HPOS="924"/>
                  <String HEIGHT="61"
                          WIDTH="221"
                          VPOS="805"
                          HPOS="876"
                          CONTENT="infinitum."/>
                  <SP HEIGHT="61" WIDTH="16" VPOS="805" HPOS="1097"/>
                  <String HEIGHT="61"
                          WIDTH="174"
                          VPOS="805"
                          HPOS="1050"
                          CONTENT="quoddam"/>
                  <SP HEIGHT="61" WIDTH="16" VPOS="805" HPOS="1223"/>
                  <String HEIGHT="61"
                          WIDTH="95"
                          VPOS="805"
                          HPOS="1160"
                          CONTENT="enim"/>
               </TextLine>
               <TextLine ID="r2l34"
                         BASELINE="914"
                         HEIGHT="61"
                         WIDTH="498"
                         VPOS="853"
                         HPOS="752">
                  <String HEIGHT="61"
                          WIDTH="121"
                          VPOS="853"
                          HPOS="737"
                          CONTENT="quid"/>
                  <SP HEIGHT="61" WIDTH="15" VPOS="853" HPOS="858"/>
                  <String HEIGHT="61" WIDTH="106" VPOS="853" HPOS="812" CONTENT="est"/>
                  <SP HEIGHT="61" WIDTH="15" VPOS="853" HPOS="918"/>
                  <String HEIGHT="61"
                          WIDTH="121"
                          VPOS="853"
                          HPOS="873"
                          CONTENT="erit"/>
                  <SP HEIGHT="61" WIDTH="15" VPOS="853" HPOS="993"/>
                  <String HEIGHT="61" WIDTH="106" VPOS="853" HPOS="948" CONTENT="per"/>
                  <SP HEIGHT="61" WIDTH="15" VPOS="853" HPOS="1054"/>
                  <String HEIGHT="61"
                          WIDTH="196"
                          VPOS="853"
                          HPOS="1009"
                          CONTENT="essentiam"/>
                  <SP HEIGHT="61" WIDTH="15" VPOS="853" HPOS="1205"/>
                  <String HEIGHT="61"
                          WIDTH="106"
                          VPOS="853"
                          HPOS="1144"
                          CONTENT="vnum,"/>
               </TextLine>
               <TextLine ID="r2l36"
                         BASELINE="970"
                         HEIGHT="70"
                         WIDTH="497"
                         VPOS="900"
                         HPOS="756">
                  <String HEIGHT="70" WIDTH="86" VPOS="900" HPOS="739" CONTENT="&amp;"/>
                  <SP HEIGHT="70" WIDTH="17" VPOS="900" HPOS="825"/>
                  <String HEIGHT="70"
                          WIDTH="189"
                          VPOS="900"
                          HPOS="773"
                          CONTENT="quoddam"/>
                  <SP HEIGHT="70" WIDTH="17" VPOS="900" HPOS="962"/>
                  <String HEIGHT="70"
                          WIDTH="137"
                          VPOS="900"
                          HPOS="910"
                          CONTENT="quod"/>
                  <SP HEIGHT="70" WIDTH="17" VPOS="900" HPOS="1047"/>
                  <String HEIGHT="70" WIDTH="120" VPOS="900" HPOS="996" CONTENT="est"/>
                  <SP HEIGHT="70" WIDTH="17" VPOS="900" HPOS="1116"/>
                  <String HEIGHT="70"
                          WIDTH="154"
                          VPOS="900"
                          HPOS="1064"
                          CONTENT="vnum."/>
                  <SP HEIGHT="70" WIDTH="17" VPOS="900" HPOS="1219"/>
                  <String HEIGHT="70"
                          WIDTH="103"
                          VPOS="900"
                          HPOS="1150"
                          CONTENT="iste"/>
               </TextLine>
               <TextLine ID="r2l38"
                         BASELINE="1011"
                         HEIGHT="59"
                         WIDTH="503"
                         VPOS="952"
                         HPOS="748">
                  <String HEIGHT="59"
                          WIDTH="140"
                          VPOS="952"
                          HPOS="734"
                          CONTENT="igitur"/>
                  <SP HEIGHT="59" WIDTH="14" VPOS="952" HPOS="874"/>
                  <String HEIGHT="59"
                          WIDTH="126"
                          VPOS="952"
                          HPOS="832"
                          CONTENT="sermo"/>
                  <SP HEIGHT="59" WIDTH="14" VPOS="952" HPOS="958"/>
                  <String HEIGHT="59"
                          WIDTH="154"
                          VPOS="952"
                          HPOS="916"
                          CONTENT="dicitur"/>
                  <SP HEIGHT="59" WIDTH="14" VPOS="952" HPOS="1069"/>
                  <String HEIGHT="59" WIDTH="84" VPOS="952" HPOS="1027" CONTENT="de"/>
                  <SP HEIGHT="59" WIDTH="14" VPOS="952" HPOS="1111"/>
                  <String HEIGHT="59"
                          WIDTH="126"
                          VPOS="952"
                          HPOS="1069"
                          CONTENT="illis"/>
                  <SP HEIGHT="59" WIDTH="14" VPOS="952" HPOS="1195"/>
                  <String HEIGHT="59"
                          WIDTH="112"
                          VPOS="952"
                          HPOS="1139"
                          CONTENT="etiam."/>
               </TextLine>
               <TextLine ID="r2l40"
                         BASELINE="1060"
                         HEIGHT="63"
                         WIDTH="500"
                         VPOS="997"
                         HPOS="752">
                  <String HEIGHT="63"
                          WIDTH="214"
                          VPOS="997"
                          HPOS="738"
                          CONTENT="AManifestum"/>
                  <SP HEIGHT="63" WIDTH="14" VPOS="997" HPOS="952"/>
                  <String HEIGHT="63" WIDTH="100" VPOS="997" HPOS="909" CONTENT="est"/>
                  <SP HEIGHT="63" WIDTH="14" VPOS="997" HPOS="1009"/>
                  <String HEIGHT="63"
                          WIDTH="157"
                          VPOS="997"
                          HPOS="966"
                          CONTENT="igitur,"/>
                  <SP HEIGHT="63" WIDTH="14" VPOS="997" HPOS="1123"/>
                  <String HEIGHT="63"
                          WIDTH="114"
                          VPOS="997"
                          HPOS="1081"
                          CONTENT="quod"/>
                  <SP HEIGHT="63" WIDTH="14" VPOS="997" HPOS="1195"/>
                  <String HEIGHT="63" WIDTH="86" VPOS="997" HPOS="1152" CONTENT="in"/>
                  <SP HEIGHT="63" WIDTH="14" VPOS="997" HPOS="1238"/>
                  <String HEIGHT="63"
                          WIDTH="71"
                          VPOS="997"
                          HPOS="1181"
                          CONTENT="re"
                          SUBS_TYPE="HypPart1"
                          SUBS_CONTENT="rebus"/>
                  <HYP CONTENT="-"/>
               </TextLine>
               <TextLine ID="r2l42"
                         BASELINE="1109"
                         HEIGHT="64"
                         WIDTH="499"
                         VPOS="1045"
                         HPOS="750">
                  <String HEIGHT="64"
                          WIDTH="106"
                          VPOS="1045"
                          HPOS="735"
                          CONTENT="bus"
                          SUBS_TYPE="HypPart2"
                          SUBS_CONTENT="rebus"/>
                  <SP HEIGHT="64" WIDTH="15" VPOS="1045" HPOS="841"/>
                  <String HEIGHT="64"
                          WIDTH="166"
                          VPOS="1045"
                          HPOS="795"
                          CONTENT="primis,"/>
                  <SP HEIGHT="64" WIDTH="15" VPOS="1045" HPOS="962"/>
                  <String HEIGHT="64"
                          WIDTH="121"
                          VPOS="1045"
                          HPOS="916"
                          CONTENT="quae"/>
                  <SP HEIGHT="64" WIDTH="15" VPOS="1045" HPOS="1037"/>
                  <String HEIGHT="64"
                          WIDTH="181"
                          VPOS="1045"
                          HPOS="992"
                          CONTENT="dicuntur"/>
                  <SP HEIGHT="64" WIDTH="15" VPOS="1045" HPOS="1173"/>
                  <String HEIGHT="64"
                          WIDTH="106"
                          VPOS="1045"
                          HPOS="1128"
                          CONTENT="per"/>
                  <SP HEIGHT="64" WIDTH="15" VPOS="1045" HPOS="1234"/>
                  <String HEIGHT="64"
                          WIDTH="76"
                          VPOS="1045"
                          HPOS="1173"
                          CONTENT="se,"/>
               </TextLine>
               <TextLine ID="r2l44"
                         BASELINE="1154"
                         HEIGHT="62"
                         WIDTH="494"
                         VPOS="1092"
                         HPOS="753">
                  <String HEIGHT="62"
                          WIDTH="124"
                          VPOS="1092"
                          HPOS="739"
                          CONTENT="etiam"/>
                  <SP HEIGHT="62" WIDTH="14" VPOS="1092" HPOS="863"/>
                  <String HEIGHT="62"
                          WIDTH="165"
                          VPOS="1092"
                          HPOS="822"
                          CONTENT="essentia"/>
                  <SP HEIGHT="62" WIDTH="14" VPOS="1092" HPOS="986"/>
                  <String HEIGHT="62"
                          WIDTH="192"
                          VPOS="1092"
                          HPOS="945"
                          CONTENT="cuiuslibet"/>
                  <SP HEIGHT="62" WIDTH="14" VPOS="1092" HPOS="1137"/>
                  <String HEIGHT="62"
                          WIDTH="124"
                          VPOS="1092"
                          HPOS="1096"
                          CONTENT="rerum"/>
                  <SP HEIGHT="62" WIDTH="14" VPOS="1092" HPOS="1220"/>
                  <String HEIGHT="62"
                          WIDTH="82"
                          VPOS="1092"
                          HPOS="1165"
                          CONTENT="sin"
                          SUBS_TYPE="HypPart1"
                          SUBS_CONTENT="singularium,"/>
                  <HYP CONTENT="-"/>
               </TextLine>
               <TextLine ID="r2l46"
                         BASELINE="1210"
                         HEIGHT="66"
                         WIDTH="499"
                         VPOS="1144"
                         HPOS="748">
                  <String HEIGHT="66"
                          WIDTH="209"
                          VPOS="1144"
                          HPOS="732"
                          CONTENT="gularium,"
                          SUBS_TYPE="HypPart2"
                          SUBS_CONTENT="singularium,"/>
                  <SP HEIGHT="66" WIDTH="16" VPOS="1144" HPOS="941"/>
                  <String HEIGHT="66" WIDTH="80" VPOS="1144" HPOS="893" CONTENT="&amp;"/>
                  <SP HEIGHT="66" WIDTH="16" VPOS="1144" HPOS="973"/>
                  <String HEIGHT="66"
                          WIDTH="209"
                          VPOS="1144"
                          HPOS="925"
                          CONTENT="quodlibet"/>
                  <SP HEIGHT="66" WIDTH="16" VPOS="1144" HPOS="1134"/>
                  <String HEIGHT="66"
                          WIDTH="177"
                          VPOS="1144"
                          HPOS="1070"
                          CONTENT="singulare"/>
               </TextLine>
               <TextLine ID="r2l48"
                         BASELINE="1249"
                         HEIGHT="57"
                         WIDTH="509"
                         VPOS="1192"
                         HPOS="746">
                  <String HEIGHT="57"
                          WIDTH="131"
                          VPOS="1192"
                          HPOS="730"
                          CONTENT="sunt"/>
                  <SP HEIGHT="57" WIDTH="16" VPOS="1192" HPOS="861"/>
                  <String HEIGHT="57"
                          WIDTH="148"
                          VPOS="1192"
                          HPOS="812"
                          CONTENT="idem,"/>
                  <SP HEIGHT="57" WIDTH="16" VPOS="1192" HPOS="959"/>
                  <String HEIGHT="57" WIDTH="82" VPOS="1192" HPOS="910" CONTENT="&amp;"/>
                  <SP HEIGHT="57" WIDTH="16" VPOS="1192" HPOS="992"/>
                  <String HEIGHT="57"
                          WIDTH="131"
                          VPOS="1192"
                          HPOS="943"
                          CONTENT="vnu."/>
                  <SP HEIGHT="57" WIDTH="16" VPOS="1192" HPOS="1074"/>
                  <String HEIGHT="57" WIDTH="99" VPOS="1192" HPOS="1025" CONTENT="Et"/>
                  <SP HEIGHT="57" WIDTH="16" VPOS="1192" HPOS="1124"/>
                  <String HEIGHT="57"
                          WIDTH="197"
                          VPOS="1192"
                          HPOS="1058"
                          CONTENT="manifestum"/>
               </TextLine>
               <TextLine ID="r2l50"
                         BASELINE="1302"
                         HEIGHT="61"
                         WIDTH="500"
                         VPOS="1241"
                         HPOS="751">
                  <String HEIGHT="61"
                          WIDTH="125"
                          VPOS="1241"
                          HPOS="735"
                          CONTENT="est,"/>
                  <SP HEIGHT="61" WIDTH="16" VPOS="1241" HPOS="860"/>
                  <String HEIGHT="61"
                          WIDTH="125"
                          VPOS="1241"
                          HPOS="814"
                          CONTENT="quod"/>
                  <SP HEIGHT="61" WIDTH="16" VPOS="1241" HPOS="939"/>
                  <String HEIGHT="61"
                          WIDTH="219"
                          VPOS="1241"
                          HPOS="892"
                          CONTENT="redargutio"/>
                  <SP HEIGHT="61" WIDTH="16" VPOS="1241" HPOS="1110"/>
                  <String HEIGHT="61"
                          WIDTH="203"
                          VPOS="1241"
                          HPOS="1048"
                          CONTENT="Sophistarum"/>
               </TextLine>
               <TextLine ID="r2l52"
                         BASELINE="1346"
                         HEIGHT="57"
                         WIDTH="500"
                         VPOS="1289"
                         HPOS="749">
                  <String HEIGHT="57"
                          WIDTH="221"
                          VPOS="1289"
                          HPOS="734"
                          CONTENT="dissoluitur"/>
                  <SP HEIGHT="57" WIDTH="15" VPOS="1289" HPOS="955"/>
                  <String HEIGHT="57"
                          WIDTH="103"
                          VPOS="1289"
                          HPOS="911"
                          CONTENT="hac"/>
                  <SP HEIGHT="57" WIDTH="15" VPOS="1289" HPOS="1014"/>
                  <String HEIGHT="57"
                          WIDTH="206"
                          VPOS="1289"
                          HPOS="970"
                          CONTENT="solutione,"/>
                  <SP HEIGHT="57" WIDTH="15" VPOS="1289" HPOS="1175"/>
                  <String HEIGHT="57" WIDTH="74" VPOS="1289" HPOS="1131" CONTENT="&amp;"/>
                  <SP HEIGHT="57" WIDTH="15" VPOS="1289" HPOS="1205"/>
                  <String HEIGHT="57"
                          WIDTH="118"
                          VPOS="1289"
                          HPOS="1161"
                          CONTENT="quod"/>
                  <SP HEIGHT="57" WIDTH="15" VPOS="1289" HPOS="1278"/>
                  <String HEIGHT="57" WIDTH="29" VPOS="1289" HPOS="1220" CONTENT=""/>
               </TextLine>
               <TextLine ID="r2l54"
                         BASELINE="1401"
                         HEIGHT="63"
                         WIDTH="499"
                         VPOS="1338"
                         HPOS="748">
                  <String HEIGHT="63"
                          WIDTH="181"
                          VPOS="1338"
                          HPOS="733"
                          CONTENT="Socrates"/>
                  <SP HEIGHT="63" WIDTH="15" VPOS="1338" HPOS="914"/>
                  <String HEIGHT="63" WIDTH="76" VPOS="1338" HPOS="869" CONTENT="&amp;"/>
                  <SP HEIGHT="63" WIDTH="15" VPOS="1338" HPOS="945"/>
                  <String HEIGHT="63"
                          WIDTH="181"
                          VPOS="1338"
                          HPOS="899"
                          CONTENT="essentia"/>
                  <SP HEIGHT="63" WIDTH="15" VPOS="1338" HPOS="1081"/>
                  <String HEIGHT="63"
                          WIDTH="181"
                          VPOS="1338"
                          HPOS="1035"
                          CONTENT="Socratis"/>
                  <SP HEIGHT="63" WIDTH="15" VPOS="1338" HPOS="1217"/>
                  <String HEIGHT="63"
                          WIDTH="91"
                          VPOS="1338"
                          HPOS="1156"
                          CONTENT="sunt"/>
               </TextLine>
               <TextLine ID="r2l56"
                         BASELINE="1442"
                         HEIGHT="57"
                         WIDTH="498"
                         VPOS="1385"
                         HPOS="753">
                  <String HEIGHT="57"
                          WIDTH="132"
                          VPOS="1385"
                          HPOS="738"
                          CONTENT="idem."/>
                  <SP HEIGHT="57" WIDTH="15" VPOS="1385" HPOS="870"/>
                  <String HEIGHT="57"
                          WIDTH="103"
                          VPOS="1385"
                          HPOS="826"
                          CONTENT="non"/>
                  <SP HEIGHT="57" WIDTH="15" VPOS="1385" HPOS="929"/>
                  <String HEIGHT="57"
                          WIDTH="117"
                          VPOS="1385"
                          HPOS="885"
                          CONTENT="enim"/>
                  <SP HEIGHT="57" WIDTH="15" VPOS="1385" HPOS="1002"/>
                  <String HEIGHT="57"
                          WIDTH="103"
                          VPOS="1385"
                          HPOS="958"
                          CONTENT="est"/>
                  <SP HEIGHT="57" WIDTH="15" VPOS="1385" HPOS="1061"/>
                  <String HEIGHT="57"
                          WIDTH="220"
                          VPOS="1385"
                          HPOS="1017"
                          CONTENT="differentia"/>
                  <SP HEIGHT="57" WIDTH="15" VPOS="1385" HPOS="1236"/>
                  <String HEIGHT="57"
                          WIDTH="73"
                          VPOS="1385"
                          HPOS="1178"
                          CONTENT="in"
                          SUBS_TYPE="HypPart1"
                          SUBS_CONTENT="inter"/>
                  <HYP CONTENT="-"/>
               </TextLine>
               <TextLine ID="r2l58"
                         BASELINE="1491"
                         HEIGHT="56"
                         WIDTH="487"
                         VPOS="1435"
                         HPOS="753">
                  <String HEIGHT="56"
                          WIDTH="97"
                          VPOS="1435"
                          HPOS="739"
                          CONTENT="ter"
                          SUBS_TYPE="HypPart2"
                          SUBS_CONTENT="inter"/>
                  <SP HEIGHT="56" WIDTH="14" VPOS="1435" HPOS="836"/>
                  <String HEIGHT="56" WIDTH="97" VPOS="1435" HPOS="795" CONTENT="ea,"/>
                  <SP HEIGHT="56" WIDTH="14" VPOS="1435" HPOS="892"/>
                  <String HEIGHT="56"
                          WIDTH="125"
                          VPOS="1435"
                          HPOS="850"
                          CONTENT="neque"/>
                  <SP HEIGHT="56" WIDTH="14" VPOS="1435" HPOS="976"/>
                  <String HEIGHT="56" WIDTH="83" VPOS="1435" HPOS="934" CONTENT="ex"/>
                  <SP HEIGHT="56" WIDTH="14" VPOS="1435" HPOS="1017"/>
                  <String HEIGHT="56"
                          WIDTH="125"
                          VPOS="1435"
                          HPOS="976"
                          CONTENT="illo,"/>
                  <SP HEIGHT="56" WIDTH="14" VPOS="1435" HPOS="1101"/>
                  <String HEIGHT="56"
                          WIDTH="111"
                          VPOS="1435"
                          HPOS="1059"
                          CONTENT="quod"/>
                  <SP HEIGHT="56" WIDTH="14" VPOS="1435" HPOS="1170"/>
                  <String HEIGHT="56"
                          WIDTH="97"
                          VPOS="1435"
                          HPOS="1129"
                          CONTENT="est"/>
                  <SP HEIGHT="56" WIDTH="14" VPOS="1435" HPOS="1226"/>
                  <String HEIGHT="56"
                          WIDTH="70"
                          VPOS="1435"
                          HPOS="1170"
                          CONTENT="re"
                          SUBS_TYPE="HypPart1"
                          SUBS_CONTENT="rectum"/>
                  <HYP CONTENT="-"/>
               </TextLine>
               <TextLine ID="r2l60"
                         BASELINE="1531"
                         HEIGHT="49"
                         WIDTH="484"
                         VPOS="1482"
                         HPOS="750">
                  <String HEIGHT="49"
                          WIDTH="114"
                          VPOS="1482"
                          HPOS="736"
                          CONTENT="ctum"
                          SUBS_TYPE="HypPart2"
                          SUBS_CONTENT="rectum"/>
                  <SP HEIGHT="49" WIDTH="14" VPOS="1482" HPOS="850"/>
                  <String HEIGHT="49"
                          WIDTH="142"
                          VPOS="1482"
                          HPOS="807"
                          CONTENT="quaeri"/>
                  <SP HEIGHT="49" WIDTH="14" VPOS="1482" HPOS="949"/>
                  <String HEIGHT="49" WIDTH="85" VPOS="1482" HPOS="907" CONTENT="ab"/>
                  <SP HEIGHT="49" WIDTH="14" VPOS="1482" HPOS="992"/>
                  <String HEIGHT="49"
                          WIDTH="157"
                          VPOS="1482"
                          HPOS="949"
                          CONTENT="aliquo,"/>
                  <SP HEIGHT="49" WIDTH="14" VPOS="1482" HPOS="1106"/>
                  <String HEIGHT="49"
                          WIDTH="100"
                          VPOS="1482"
                          HPOS="1063"
                          CONTENT="nec"/>
                  <SP HEIGHT="49" WIDTH="14" VPOS="1482" HPOS="1163"/>
                  <String HEIGHT="49" WIDTH="85" VPOS="1482" HPOS="1120" CONTENT="ex"/>
                  <SP HEIGHT="49" WIDTH="14" VPOS="1482" HPOS="1206"/>
                  <String HEIGHT="49"
                          WIDTH="85"
                          VPOS="1482"
                          HPOS="1149"
                          CONTENT="illo"/>
               </TextLine>
               <TextLine ID="r2l62"
                         BASELINE="1579"
                         HEIGHT="50"
                         WIDTH="503"
                         VPOS="1529"
                         HPOS="746">
                  <String HEIGHT="50"
                          WIDTH="119"
                          VPOS="1529"
                          HPOS="733"
                          CONTENT="cuius"/>
                  <SP HEIGHT="50" WIDTH="13" VPOS="1529" HPOS="852"/>
                  <String HEIGHT="50"
                          WIDTH="185"
                          VPOS="1529"
                          HPOS="812"
                          CONTENT="dissolutio"/>
                  <SP HEIGHT="50" WIDTH="13" VPOS="1529" HPOS="998"/>
                  <String HEIGHT="50" WIDTH="93" VPOS="1529" HPOS="958" CONTENT="est"/>
                  <SP HEIGHT="50" WIDTH="13" VPOS="1529" HPOS="1050"/>
                  <String HEIGHT="50"
                          WIDTH="199"
                          VPOS="1529"
                          HPOS="1011"
                          CONTENT="difficilis."/>
                  <SP HEIGHT="50" WIDTH="13" VPOS="1529" HPOS="1209"/>
                  <String HEIGHT="50"
                          WIDTH="93"
                          VPOS="1529"
                          HPOS="1156"
                          CONTENT="Dictu"/>
               </TextLine>
               <TextLine ID="r2l64"
                         BASELINE="1642"
                         HEIGHT="61"
                         WIDTH="498"
                         VPOS="1581"
                         HPOS="748">
                  <String HEIGHT="61"
                          WIDTH="103"
                          VPOS="1581"
                          HPOS="733"
                          CONTENT="est"/>
                  <SP HEIGHT="61" WIDTH="15" VPOS="1581" HPOS="836"/>
                  <String HEIGHT="61"
                          WIDTH="161"
                          VPOS="1581"
                          HPOS="792"
                          CONTENT="igitur,"/>
                  <SP HEIGHT="61" WIDTH="15" VPOS="1581" HPOS="953"/>
                  <String HEIGHT="61"
                          WIDTH="161"
                          VPOS="1581"
                          HPOS="909"
                          CONTENT="quomodo"/>
                  <SP HEIGHT="61" WIDTH="15" VPOS="1581" HPOS="1070"/>
                  <String HEIGHT="61"
                          WIDTH="117"
                          VPOS="1581"
                          HPOS="1026"
                          CONTENT="quid"/>
                  <SP HEIGHT="61" WIDTH="15" VPOS="1581" HPOS="1143"/>
                  <String HEIGHT="61"
                          WIDTH="117"
                          VPOS="1581"
                          HPOS="1100"
                          CONTENT="est,"/>
                  <SP HEIGHT="61" WIDTH="15" VPOS="1581" HPOS="1217"/>
                  <String HEIGHT="61"
                          WIDTH="103"
                          VPOS="1581"
                          HPOS="1173"
                          CONTENT="per"/>
                  <SP HEIGHT="61" WIDTH="15" VPOS="1581" HPOS="1275"/>
                  <String HEIGHT="61" WIDTH="29" VPOS="1581" HPOS="1217" CONTENT=""/>
               </TextLine>
               <TextLine ID="r2l66"
                         BASELINE="1690"
                         HEIGHT="61"
                         WIDTH="487"
                         VPOS="1629"
                         HPOS="757">
                  <String HEIGHT="61"
                          WIDTH="172"
                          VPOS="1629"
                          HPOS="743"
                          CONTENT="essentia"/>
                  <SP HEIGHT="61" WIDTH="14" VPOS="1629" HPOS="915"/>
                  <String HEIGHT="61"
                          WIDTH="100"
                          VPOS="1629"
                          HPOS="872"
                          CONTENT="est"/>
                  <SP HEIGHT="61" WIDTH="14" VPOS="1629" HPOS="972"/>
                  <String HEIGHT="61"
                          WIDTH="201"
                          VPOS="1629"
                          HPOS="929"
                          CONTENT="singulare,"/>
                  <SP HEIGHT="61" WIDTH="14" VPOS="1629" HPOS="1129"/>
                  <String HEIGHT="61" WIDTH="72" VPOS="1629" HPOS="1086" CONTENT="&amp;"/>
                  <SP HEIGHT="61" WIDTH="14" VPOS="1629" HPOS="1158"/>
                  <String HEIGHT="61"
                          WIDTH="100"
                          VPOS="1629"
                          HPOS="1115"
                          CONTENT="quo"/>
                  <SP HEIGHT="61" WIDTH="14" VPOS="1629" HPOS="1215"/>
                  <String HEIGHT="61"
                          WIDTH="100"
                          VPOS="1629"
                          HPOS="1172"
                          CONTENT="non"/>
                  <SP HEIGHT="61" WIDTH="14" VPOS="1629" HPOS="1273"/>
                  <String HEIGHT="61" WIDTH="29" VPOS="1629" HPOS="1215" CONTENT=""/>
               </TextLine>
               <TextLine ID="r2l68"
                         BASELINE="1733"
                         HEIGHT="41"
                         WIDTH="456"
                         VPOS="1692"
                         HPOS="789">
                  <String HEIGHT="41"
                          WIDTH="127"
                          VPOS="1692"
                          HPOS="776"
                          CONTENT="Idest."/>
                  <SP HEIGHT="41" WIDTH="13" VPOS="1692" HPOS="903"/>
                  <String HEIGHT="41" WIDTH="76" VPOS="1692" HPOS="865" CONTENT="Et"/>
                  <SP HEIGHT="41" WIDTH="13" VPOS="1692" HPOS="941"/>
                  <String HEIGHT="41" WIDTH="76" VPOS="1692" HPOS="903" CONTENT="si"/>
                  <SP HEIGHT="41" WIDTH="13" VPOS="1692" HPOS="979"/>
                  <String HEIGHT="41"
                          WIDTH="127"
                          VPOS="1692"
                          HPOS="941"
                          CONTENT="formae"/>
                  <SP HEIGHT="41" WIDTH="13" VPOS="1692" HPOS="1068"/>
                  <String HEIGHT="41"
                          WIDTH="114"
                          VPOS="1692"
                          HPOS="1030"
                          CONTENT="sunt,"/>
                  <SP HEIGHT="41" WIDTH="13" VPOS="1692" HPOS="1144"/>
                  <String HEIGHT="41" WIDTH="76" VPOS="1692" HPOS="1106" CONTENT="vt"/>
                  <SP HEIGHT="41" WIDTH="13" VPOS="1692" HPOS="1182"/>
                  <String HEIGHT="41"
                          WIDTH="114"
                          VPOS="1692"
                          HPOS="1131"
                          CONTENT="dicunt,"/>
               </TextLine>
               <TextLine ID="r2l70"
                         BASELINE="1771"
                         HEIGHT="38"
                         WIDTH="503"
                         VPOS="1733"
                         HPOS="754">
                  <String HEIGHT="38"
                          WIDTH="158"
                          VPOS="1733"
                          HPOS="740"
                          CONTENT="necesse"/>
                  <SP HEIGHT="38" WIDTH="14" VPOS="1733" HPOS="898"/>
                  <String HEIGHT="38"
                          WIDTH="101"
                          VPOS="1733"
                          HPOS="855"
                          CONTENT="est"/>
                  <SP HEIGHT="38" WIDTH="14" VPOS="1733" HPOS="955"/>
                  <String HEIGHT="38" WIDTH="86" VPOS="1733" HPOS="912" CONTENT="vt"/>
                  <SP HEIGHT="38" WIDTH="14" VPOS="1733" HPOS="998"/>
                  <String HEIGHT="38"
                          WIDTH="187"
                          VPOS="1733"
                          HPOS="955"
                          CONTENT="indiuidua"/>
                  <SP HEIGHT="38" WIDTH="14" VPOS="1733" HPOS="1142"/>
                  <String HEIGHT="38"
                          WIDTH="172"
                          VPOS="1733"
                          HPOS="1085"
                          CONTENT="substantia"/>
               </TextLine>
               <TextLine ID="r2l72"
                         BASELINE="1813"
                         HEIGHT="46"
                         WIDTH="506"
                         VPOS="1767"
                         HPOS="745">
                  <String HEIGHT="46" WIDTH="77" VPOS="1767" HPOS="734" CONTENT="rum"/>
                  <SP HEIGHT="46" WIDTH="11" VPOS="1767" HPOS="811"/>
                  <String HEIGHT="46" WIDTH="77" VPOS="1767" HPOS="778" CONTENT="non"/>
                  <SP HEIGHT="46" WIDTH="11" VPOS="1767" HPOS="855"/>
                  <String HEIGHT="46"
                          WIDTH="88"
                          VPOS="1767"
                          HPOS="822"
                          CONTENT="sunt"/>
                  <SP HEIGHT="46" WIDTH="11" VPOS="1767" HPOS="910"/>
                  <String HEIGHT="46" WIDTH="66" VPOS="1767" HPOS="877" CONTENT="i."/>
                  <SP HEIGHT="46" WIDTH="11" VPOS="1767" HPOS="943"/>
                  <String HEIGHT="46"
                          WIDTH="88"
                          VPOS="1767"
                          HPOS="910"
                          CONTENT="lem."/>
                  <SP HEIGHT="46" WIDTH="11" VPOS="1767" HPOS="998"/>
                  <String HEIGHT="46"
                          WIDTH="88"
                          VPOS="1767"
                          HPOS="965"
                          CONTENT="Ista"/>
                  <SP HEIGHT="46" WIDTH="11" VPOS="1767" HPOS="1053"/>
                  <String HEIGHT="46"
                          WIDTH="88"
                          VPOS="1767"
                          HPOS="1020"
                          CONTENT="enim"/>
                  <SP HEIGHT="46" WIDTH="11" VPOS="1767" HPOS="1108"/>
                  <String HEIGHT="46"
                          WIDTH="77"
                          VPOS="1767"
                          HPOS="1075"
                          CONTENT="non"/>
                  <SP HEIGHT="46" WIDTH="11" VPOS="1767" HPOS="1152"/>
                  <String HEIGHT="46"
                          WIDTH="88"
                          VPOS="1767"
                          HPOS="1119"
                          CONTENT="sunt"/>
                  <SP HEIGHT="46" WIDTH="11" VPOS="1767" HPOS="1207"/>
                  <String HEIGHT="46"
                          WIDTH="88"
                          VPOS="1767"
                          HPOS="1163"
                          CONTENT="subae,"/>
               </TextLine>
               <TextLine ID="r2l74"
                         BASELINE="1858"
                         HEIGHT="54"
                         WIDTH="500"
                         VPOS="1804"
                         HPOS="754">
                  <String HEIGHT="54"
                          WIDTH="103"
                          VPOS="1804"
                          HPOS="741"
                          CONTENT="nisi"/>
                  <SP HEIGHT="54" WIDTH="13" VPOS="1804" HPOS="844"/>
                  <String HEIGHT="54" WIDTH="90" VPOS="1804" HPOS="805" CONTENT="per"/>
                  <SP HEIGHT="54" WIDTH="13" VPOS="1804" HPOS="895"/>
                  <String HEIGHT="54"
                          WIDTH="141"
                          VPOS="1804"
                          HPOS="857"
                          CONTENT="formas."/>
                  <SP HEIGHT="54" WIDTH="13" VPOS="1804" HPOS="998"/>
                  <String HEIGHT="54" WIDTH="64" VPOS="1804" HPOS="959" CONTENT="&amp;"/>
                  <SP HEIGHT="54" WIDTH="13" VPOS="1804" HPOS="1023"/>
                  <String HEIGHT="54"
                          WIDTH="128"
                          VPOS="1804"
                          HPOS="985"
                          CONTENT="formae"/>
                  <SP HEIGHT="54" WIDTH="13" VPOS="1804" HPOS="1113"/>
                  <String HEIGHT="54"
                          WIDTH="167"
                          VPOS="1804"
                          HPOS="1075"
                          CONTENT="separatae"/>
                  <SP HEIGHT="54" WIDTH="13" VPOS="1804" HPOS="1241"/>
                  <String HEIGHT="54"
                          WIDTH="64"
                          VPOS="1804"
                          HPOS="1190"
                          CONTENT="non"/>
               </TextLine>
            </TextBlock>
         </PrintSpace>
      </Page>
   </Layout>
</alto>
