1475 2066
202 140 75 48 tes
245 140 64 48 in
277 140 107 48 anima,
352 140 128 48 scilicet
448 140 64 48 in
480 140 96 48 prima
544 140 160 48 substantia.
672 140 53 48 &
682 140 43 48 il

213 182 108 44 lae
274 182 154 44 formae
382 182 123 44 sunt
459 182 215 44 quodammodo
612 182 108 44 eadem

211 220 135 47 forma.
306 220 189 47 Multotiens
455 220 122 47 etiam
536 220 135 47 scimus
617 220 108 47 formam

217 268 80 47 per
262 268 80 47 non
308 268 102 47 esse,
376 268 57 47 &
399 268 80 47 non
444 268 91 47 esse
501 268 80 47 per
547 268 125 47 formam:
627 268 102 47 quoniam

212 301 99 44 non
268 301 169 44 existunt
395 301 169 44 insimul,
522 301 85 44 vt
564 301 169 44 sanitas,
677 301 42 44 &

208 341 195 38 infirmitas,
364 341 91 38 sed
416 341 169 38 corruptio
545 341 156 38 alterius
662 341 91 38 est

208 389 161 45 generatio
332 389 149 45 reliqui.
443 389 74 45 Et
480 389 136 45 sanitas
579 389 136 45 dicitur
666 389 62 45 duo

220 416 77 42 bus
264 416 110 42 modis.
341 416 121 42 dicitur
429 416 88 42 enim
483 416 66 42 de
516 416 110 42 forma,
593 416 88 42 quae
648 416 77 42 est
681 416 44 42 in

215 456 125 44 anima,
303 456 63 44 &
328 456 75 44 de
366 456 138 44 habitu,
466 456 88 44 qui
516 456 88 44 est
567 456 75 44 in
592 456 125 44 corpore.

214 500 72 39 &
242 500 115 39 ambo
314 500 115 39 sunt
385 500 129 39 idem:
471 500 100 39 sed
529 500 157 39 sanitas
629 500 100 39 secun

209 535 66 50 do
242 535 88 50 modo
297 535 143 50 inuenitur
407 535 66 50 ab
440 535 77 50 ea,
484 535 88 50 quae
539 535 77 50 est
583 535 132 50 secundum
671 535 55 50 pri

209 572 100 49 mum
266 572 143 49 modum.
366 572 100 49 Et,
423 572 100 49 cum
481 572 100 49 ita
538 572 115 49 sit,
609 572 86 49 et
638 572 86 49 post

212 610 124 52 istam,
298 610 87 52 aut
348 610 99 52 ista
410 610 87 52 est
460 610 149 52 sanitas.
571 610 62 52 &
596 610 99 52 post
646 610 74 52 hunc

207 649 185 41 sermonem
345 649 200 41 inuenimus
499 649 185 41 sermonem
622 649 108 41 Aris.

219 688 85 52 Et
261 688 171 52 Nicolaus
390 688 171 52 intendit
518 688 100 52 per
574 688 114 52 hoc,
646 688 114 52 quod

208 733 133 47 dicit:
301 733 66 47 &
327 733 199 47 generabilia
486 733 80 47 ab
526 733 186 47 artificio,
659 733 66 47 &c.

208 766 75 44 i.
245 766 62 44 &
270 766 87 44 res
320 766 174 44 existentes
456 766 75 44 ab
494 766 174 44 artificio,
630 766 100 44 sunt
680 766 50 44 il

206 805 99 42 la,
262 805 141 42 quorum
361 805 155 42 formae,
474 805 71 42 &
502 805 198 42 quiditates
643 805 85 42 sunt

212 845 76 38 in
250 845 127 38 anima:
339 845 63 38 &
364 845 127 38 formae
453 845 177 38 contrariae
579 845 152 38 existentes

212 885 83 49 in
254 885 139 49 anima,
351 885 111 49 sunt
420 885 139 49 quodam
517 885 111 49 modo
586 885 125 49 eadem
656 885 69 49 for

212 932 87 41 ma:
261 932 62 41 &
286 932 100 41 ideo
349 932 137 41 recipit
449 932 112 41 anima
524 932 175 41 contrarias
649 932 62 41 for

212 964 100 39 mas.
274 964 100 39 D.d.
337 964 125 39 causam
424 964 75 39 in
462 964 100 39 hoc,
524 964 63 39 &
549 964 75 39 d.
574 964 150 39 multotiens

212 1004 94 52 enim
271 1004 82 52 &c.
318 1004 71 52 i.
353 1004 59 52 &
377 1004 118 52 signum
459 1004 106 52 huius
530 1004 94 52 est,
589 1004 129 52 quoniam
671 1004 59 52 mul

217 1039 153 45 totiens
329 1039 139 45 scimus
426 1039 139 45 formas
524 1039 98 45 per
580 1039 112 45 suas
635 1039 84 45 for-

206 1079 100 50 mas
263 1079 215 50 contrarias,
435 1079 72 50 &
463 1079 186 50 contraria
606 1079 100 50 per
649 1079 72 50 sua

213 1119 129 49 formas.
307 1119 58 49 &
330 1119 82 49 hoc
377 1119 94 49 erit
436 1119 140 49 secundum
541 1119 117 49 illud,
623 1119 94 49 quod
670 1119 58 49 est

205 1156 240 57 manifestius,
400 1156 105 57 non
460 1156 120 57 quia
519 1156 210 57 congregantur

211 1198 78 45 in
250 1198 117 45 anima
328 1198 104 45 duae
393 1198 130 45 formae
483 1198 182 45 contrariae
613 1198 117 45 insimul

212 1238 126 51 sicut
296 1238 98 51 non
352 1238 224 51 congregantur
535 1238 126 51 extra
605 1238 126 51 animam:

210 1277 129 51 quoniam
304 1277 94 51 esse
362 1277 140 51 alterius
468 1277 82 51 est
515 1277 152 51 corruptio
620 1277 117 51 reliqui,

206 1317 74 51 &
236 1317 192 51 corruptio
384 1317 178 51 alterius
517 1317 104 51 est
561 1317 163 51 generatio

216 1354 148 40 reliqui.
326 1354 86 40 D.d
376 1354 62 40 &
400 1354 135 40 sanitas
499 1354 135 40 dicitur
597 1354 123 40 duobus
671 1354 49 40 mo

213 1389 108 45 dis,
280 1389 94 45 &c.
334 1389 81 45 i.
374 1389 67 45 &
401 1389 94 45 cum
455 1389 94 45 ita
509 1389 108 45 sit,
563 1389 162 45 manifestum

217 1431 92 44 est,
274 1431 92 44 quod
331 1431 103 44 forma
400 1431 103 44 artis
469 1431 126 44 dicitur
561 1431 115 44 duobus
630 1431 92 44 modis:

209 1473 134 46 quorum
302 1473 107 46 vnus
369 1473 94 46 est
423 1473 134 46 forma,
516 1473 107 46 quae
583 1473 94 46 est
636 1473 80 46 in
663 1473 67 46 ani

209 1513 80 41 ma,
254 1513 57 41 &
277 1513 103 41 alius
346 1513 80 41 est
391 1513 103 41 illa,
460 1513 91 41 quae
517 1513 80 41 est
563 1513 103 41 extra
620 1513 103 41 animam,

217 1556 57 38 &
239 1556 91 38 sunt
296 1556 102 38 idem:
364 1556 57 38 &
387 1556 91 38 quod
444 1556 102 38 illa,
512 1556 91 38 quae
569 1556 80 38 est
614 1556 102 38 extra
671 1556 57 38 ani

209 1590 96 47 mam.
269 1590 84 47 est
317 1590 72 47 ab
354 1590 108 47 illa,
426 1590 96 47 quae
486 1590 84 47 est
534 1590 72 47 in
570 1590 120 47 anima.
655 1590 72 47 v.
679 1590 48 47 g.

216 1639 122 40 quoniam
304 1639 122 40 sanitas
393 1639 122 40 dicitur
482 1639 111 40 duobus
559 1639 111 40 modis.
625 1639 100 40 dicitur

210 1669 109 45 enim
278 1669 81 45 de
319 1669 190 45 intellectu
468 1669 190 45 sanitatis,
617 1669 95 45 qui
658 1669 68 45 est

213 1710 74 41 in
250 1710 123 41 anima,
336 1710 62 41 &
361 1710 136 41 dicitur
459 1710 74 41 de
497 1710 148 41 sanitate
595 1710 136 41 existente

211 1749 76 49 in
249 1749 153 49 corpore:
364 1749 64 49 &
390 1749 102 49 quod
453 1749 153 49 sanitas,
568 1749 102 49 quae
632 1749 89 49 est
670 1749 51 49 in

213 1786 146 52 corpore,
322 1786 85 52 est
371 1786 61 52 a
395 1786 158 52 sanitate,
517 1786 97 52 quae
578 1786 85 52 est
627 1786 73 52 in
651 1786 73 52 ani-

208 1831 101 51 ma.
265 1831 72 51 &
294 1831 101 51 hoc
352 1831 202 51 intendebat
511 1831 87 51 in
554 1831 101 51 hoc
612 1831 115 51 cap.
669 1831 58 51 de

741 140 117 46 clarare,
829 140 117 46 scilicet
916 140 78 46 quod
965 140 136 46 artificium
1071 140 58 46 in
1101 140 68 46 hoc
1139 140 68 46 est
1178 140 97 46 simile

746 183 114 46 naturae.
832 183 114 46 scilicet
918 183 76 46 quod
966 183 57 46 in
994 183 76 46 hoc,
1042 183 76 46 quod
1090 183 95 46 illud,
1157 183 76 46 quod
1195 183 57 46 fit,

744 223 95 41 sit
799 223 82 41 ab
840 223 123 41 eodem
922 223 82 41 in
963 223 136 41 forma,
1058 223 95 41 aut
1113 223 68 41 a
1126 223 123 41 simili.

745 261 56 37 &
767 261 90 37 ideo
824 261 113 37 dicit,
903 261 90 37 quod
959 261 124 37 sanitas
1050 261 68 37 in
1084 261 102 37 anima
1151 261 79 37 est
1185 261 68 37 sani

740 303 97 37 tas
796 303 125 37 prima
879 303 209 37 intentione.
1046 303 111 37 D.d.
1116 303 70 37 &
1144 303 97 37 cum
1185 303 70 37 ita

738 342 85 51 sit,
792 342 74 51 &c.
834 342 64 51 i.
866 342 117 51 sanitas
951 342 117 51 igitur,
1036 342 85 51 quae
1089 342 74 51 est
1132 342 96 51 extra
1185 342 64 51 ani-

749 380 98 47 mam,
810 380 86 47 est
859 380 86 47 per
908 380 172 47 sanitatem,
1043 380 98 47 quae
1104 380 86 47 est
1153 380 74 47 in
1178 380 74 47 ani-

742 413 90 55 ma:
794 413 90 55 aut
845 413 154 55 sanitas,
961 413 103 55 quae
1025 413 90 55 est
1077 413 77 55 in
1115 413 129 55 anima,
1193 413 64 55 est

745 456 133 42 sanitas
842 456 194 42 simpliciter,
999 456 60 42 &
1023 456 97 42 quae
1084 456 85 42 est
1132 456 109 42 extra
1193 456 60 42 ani

737 494 133 55 maest
826 494 207 55 posterior.
989 494 89 55 D.
1034 494 178 55 incoepit
1152 494 89 55 dice

739 541 86 41 re
782 541 100 41 quo
839 541 115 41 modo
911 541 187 41 inuenitur
1054 541 172 41 sanitas,
1169 541 72 41 qui

747 572 90 50 est
798 572 115 50 extra
875 572 141 50 animam,
977 572 64 50 a
1003 572 166 50 sanitate,
1131 572 102 50 quae
1182 572 64 50 est

746 611 83 39 in
788 611 138 39 anima.
884 611 69 39 &
911 611 96 39 hoc
966 611 96 39 est
1021 611 83 39 de
1063 611 138 39 verbis
1145 611 110 39 Arist.

746 653 91 40 cum
798 653 130 40 dixit.
889 653 143 40 Sanitas
993 653 104 40 vero
1057 653 91 40 est
1096 653 156 40 definitio,

749 693 98 50 quae
810 693 86 50 est
859 693 74 50 in
896 693 123 50 anima,
982 693 62 50 &
1007 693 148 50 scientia
1118 693 123 50 etiam,
1192 693 62 50 &c.

746 729 73 42 i.
782 729 134 42 sanitas
880 729 97 42 vero
941 729 73 42 in
977 729 85 42 rei
1026 729 146 42 veritate
1135 729 85 42 est
1172 729 73 42 defi

741 765 105 45 nitio
811 765 163 45 sanitatis,
940 765 93 45 quae
998 765 82 45 est
1045 765 70 45 in
1080 765 117 45 anima.
1161 765 58 45 &
1173 765 70 45 sci-

742 806 79 50 re
781 806 118 50 ipsam
860 806 92 50 non
912 806 92 50 est
965 806 157 50 sanitas,
1083 806 105 50 quae
1148 806 92 50 est
1187 806 66 50 ex-

746 845 91 45 tra
798 845 143 45 animam.
902 845 104 45 D.d.
967 845 78 45 Et
1007 845 104 45 erit
1072 845 143 45 sanitas
1163 845 78 45 eius

742 885 86 54 qui
791 885 172 54 infirmatur
926 885 148 54 secundum
1037 885 98 54 hunc
1098 885 123 54 modum,
1184 885 74 54 i.
1221 885 61 54 &

743 925 162 49 sanitas,
864 925 108 49 quae
931 925 94 49 est
985 925 121 49 extra
1066 925 148 49 animam,
1173 925 94 49 est
1214 925 40 49 a

750 964 138 52 sanitate,
856 964 85 52 quae
910 964 74 52 est
952 964 64 52 in
984 964 106 52 anima,
1058 964 127 52 secundum
1154 964 85 52 quod
1196 964 53 52 di-

750 1004 90 38 cam
802 1004 103 38 D.d.
866 1004 90 38 cum
917 1004 116 38 illud
994 1004 128 38 fuerit
1084 1004 154 38 sanitas,
1187 1004 64 38 ne-

746 1044 110 39 cesse
819 1044 98 39 est,
881 1044 86 39 &c.
930 1044 74 39 i.
967 1044 61 39 &
991 1044 86 39 cum
1040 1044 98 39 iste
1102 1044 147 39 infirmus
1200 1044 61 39 est

745 1080 111 42 modo
814 1080 138 42 sanus,
911 1080 152 42 necesse
1022 1080 97 42 est
1077 1080 83 42 vt
1119 1080 138 42 fluxus
1202 1080 55 42 na

747 1118 116 44 turae
824 1118 142 44 fuerit:
927 1118 64 44 &
953 1118 77 44 si
992 1118 129 44 fiuxus
1082 1118 142 44 naturae
1172 1118 77 44 fue-

747 1163 100 39 rit,
809 1163 138 39 necesse
909 1163 88 39 est
959 1163 138 39 calorem
1059 1163 138 39 fuisse:
1159 1163 63 39 &
1184 1163 75 39 si
1209 1163 50 39 ca

742 1195 89 54 lor
793 1195 102 54 est,
857 1195 140 54 necesse
958 1195 89 54 est
1009 1195 140 54 potasse
1098 1195 153 54 laxatiuum,

745 1237 66 37 &
771 1237 92 37 hoc
824 1237 197 37 intendebat,
981 1237 92 37 cum
1034 1237 131 37 dixit:
1126 1237 79 37 &,
1165 1237 79 37 si
1191 1237 66 37 hoc

744 1284 111 32 est,
813 1284 97 32 iam
869 1284 111 32 fuit
938 1284 139 32 calor.
1035 1284 111 32 D.d.
1105 1284 69 32 &
1118 1284 139 32 secundum

738 1314 142 50 hunc
827 1314 160 50 modum
934 1314 195 50 dicemus
1076 1314 142 50 vnum
1147 1314 107 50 post

741 1353 134 49 aliud,
835 1353 94 49 &c.
888 1353 81 49 i.
929 1353 67 49 &
955 1353 94 49 sic
1009 1353 148 49 dicemus
1117 1353 107 49 vnum
1170 1353 81 49 post

739 1392 114 43 aliud
815 1392 152 43 secundum
929 1392 215 43 dissolutionem
1106 1392 152 43 scilicet
1207 1392 51 43 in

746 1430 173 52 cipiendo
876 1430 72 52 a
904 1430 217 52 posteriori,
1078 1430 72 52 &
1092 1430 159 52 peruenien

743 1476 89 52 do
788 1476 89 52 ad
833 1476 149 52 primum
937 1476 209 52 principium
1101 1476 89 52 in
1131 1476 119 52 cogni-

742 1516 136 38 tione.
838 1516 109 38 D.d.
906 1516 136 38 Deinde
1001 1516 136 38 motus,
1096 1516 95 38 qui
1151 1516 95 38 est
1192 1516 54 38 ex

744 1549 98 50 hoc,
805 1549 86 50 est
854 1549 122 50 actio,
939 1549 86 50 &c.
988 1549 73 50 i.
1025 1549 122 50 deinde
1111 1549 122 50 motus,
1184 1549 61 50 qui

744 1592 171 51 incoepit
872 1592 86 51 ab
915 1592 143 51 vltimo
1015 1592 86 51 in
1043 1592 214 51 dissolutione,

740 1629 69 54 &
768 1629 97 54 est
823 1629 208 54 compositio,
989 1629 152 54 dicitur
1100 1629 125 54 actio
1169 1629 83 54 pro-

746 1676 116 46 cedens
828 1676 70 46 ad
862 1676 162 46 sanitatem,
990 1676 81 46 ita
1037 1676 93 46 quod
1095 1676 139 46 accidat,
1187 1676 70 46 quod

740 1707 161 52 sanitas,
860 1707 107 52 quae
927 1707 94 52 est
981 1707 121 52 extra
1062 1707 148 52 animam,
1169 1707 94 52 sit
1209 1707 54 52 ad

746 1748 176 50 sanitatem,
885 1748 101 50 quae
948 1748 88 50 est
998 1748 76 50 in
1036 1748 126 50 anima.
1124 1748 76 50 Et
1150 1748 113 50 intende

747 1789 78 52 bat,
796 1789 78 52 quod
845 1789 78 52 esse
894 1789 137 52 sanitatis,
1001 1789 78 52 quae
1050 1789 68 52 est
1089 1789 59 52 in
1118 1789 98 52 anima,
1187 1789 68 52 est
1226 1789 59 52 in

736 1836 226 46 compositione
919 1836 85 46 ad
962 1836 113 46 esse
1032 1836 198 46 sanitatis,
1173 1836 85 46 quae
