1475 2066
181 149 218 54 Manifestum
353 149 156 54 igitur
462 149 125 54 est,
540 149 125 54 quod
602 149 109 54 neque

189 197 175 45 species
317 197 128 45 fit,
396 197 112 45 aut
460 197 223 45 quodcunque
619 197 96 45 nomi

185 237 124 45 nare
262 237 170 45 oportet
385 237 170 45 formam,
509 237 124 45 quae
586 237 93 45 in
617 237 93 45 sen-

195 279 145 55 sibili
296 279 116 55 est,
368 279 101 55 nec
426 279 101 55 est
484 279 116 55 eius
542 279 159 55 generatio

192 324 105 46 nec
252 324 105 46 est
312 324 120 46 haec
386 324 134 46 ipsum
476 324 120 46 quid
551 324 120 46 erat
610 324 105 46 esse.

191 365 101 46 Hoc
248 365 116 46 enim
321 365 116 46 est:
393 365 116 46 quod
466 365 87 46 in
509 365 116 46 alio
582 365 116 46 fit,
640 365 72 46 aut

193 413 92 37 ab
239 413 138 37 arte,
330 413 107 37 aut
392 413 77 37 a
422 413 168 37 natura,
545 413 107 37 aut
591 413 122 37 poten-

188 449 120 55 tia.
263 449 151 55 aeneam
369 449 120 55 vero
444 449 181 55 sphaeram
579 449 120 55 esse
640 449 75 55 fa-

191 501 103 47 cit
250 501 133 47 facit
339 501 148 47 nanque
442 501 89 47 ex
487 501 118 47 aere
560 501 74 47 &
575 501 133 47 sphaera

187 539 93 41 in
233 539 108 41 hoc
295 539 124 41 enim
372 539 124 41 hanc
450 539 155 41 formam
558 539 155 41 facit:
667 539 77 41 &

192 580 106 50 hoc
253 580 106 50 est
313 580 167 50 sphaera
435 580 152 50 aenea.
542 580 106 50 hoc
603 580 137 50 autem

185 620 181 46 sphaerae
321 620 136 46 esse.
411 620 121 46 Fius
487 620 136 46 vero,
577 620 121 46 quod
638 620 75 46 est

186 668 164 53 sphaerae
310 668 110 53 esse
378 668 137 53 omnino
474 668 82 53 si
515 668 178 53 generatio
638 668 69 53 est

191 707 92 40 ex
237 707 153 40 aliquo
344 707 169 40 aliquid
467 707 138 40 erit.
543 707 169 40 oportebit

182 744 145 59 nanque
284 744 203 59 diuisibile
444 744 145 59 semper
545 744 116 59 esse
618 744 116 59 quod

191 789 119 56 fit,
266 789 74 56 &
295 789 134 56 esse,
385 789 104 56 hoc
444 789 149 56 quidem
548 789 119 56 hoc,
608 789 104 56 illud

186 829 113 59 vero
256 829 113 59 hoc.
327 829 113 59 dico
398 829 127 59 autem
482 829 113 59 quod
553 829 99 59 hoc
595 829 113 59 quidem

186 877 216 45 materiam,
352 877 149 45 illud
452 877 133 45 vero
535 877 182 45 formam.
651 877 66 45 Si

187 922 143 48 itaque
287 922 157 48 sphaera
401 922 100 48 est
458 922 157 48 sigura,
572 922 114 48 quae
643 922 71 48 a
657 922 57 48 me

187 959 104 57 dio
247 959 179 57 aequalis
381 959 119 57 est:
455 959 134 57 huius
544 959 104 57 hoc
589 959 119 57 quidem

193 1004 118 51 est:
267 1004 89 51 in
311 1004 103 51 quo
370 1004 118 51 erit
444 1004 118 51 quod
518 1004 148 51 facit:
607 1004 103 51 illud

199 1040 125 50 autem
283 1040 83 50 in
324 1040 125 50 illo:
408 1040 125 50 totum
491 1040 125 50 vero,
575 1040 111 50 quod
630 1040 70 50 fal

191 1084 109 54 ctum
260 1084 109 54 est:
328 1084 82 54 vt
369 1084 109 54 puta
437 1084 109 54 ipsa
506 1084 123 54 aenea
574 1084 137 54 sphaera.

194 1124 173 46 Manifestum
329 1124 123 46 igitur
416 1124 74 46 ex
453 1124 123 46 dictis
539 1124 99 46 est,
601 1124 99 46 quod
650 1124 62 46 il-

190 1173 117 47 lud
257 1173 184 47 quidem,
391 1173 134 47 quod
475 1173 100 47 vt
525 1173 167 47 forma,
625 1173 84 47 aut

196 1212 183 46 substantia
340 1212 157 46 dicitur,
458 1212 92 46 non
510 1212 105 46 fit:
562 1212 144 46 copulatio

199 1251 93 57 vero,
261 1251 83 57 quae
313 1251 125 57 secundum
406 1251 83 57 hanc
458 1251 114 57 dicitur
541 1251 83 57 fit.
593 1251 62 57 et
624 1251 83 57 quod
666 1251 42 57 in

192 1294 127 52 omni,
276 1294 112 52 quod
347 1294 112 52 fit,
417 1294 155 52 materia
529 1294 141 52 inest:
628 1294 70 52 &
642 1294 70 52 est

181 1341 111 53 hoc
245 1341 159 53 quidem
356 1341 127 53 hoc,
436 1341 143 53 illud
531 1341 127 53 vero
595 1341 95 53 hoc.

243 1397 200 67 Declaratum
400 1397 100 67 est
457 1397 157 67 igitur,
571 1397 114 67 quod
628 1397 86 67 for-

191 1445 101 62 ma,
248 1445 72 62 &
277 1445 173 62 crcaetio
407 1445 130 62 debet
493 1445 115 62 dici
551 1445 158 62 exemplar.

191 1492 70 62 &
219 1492 112 62 quod
289 1492 98 62 est
346 1492 84 62 in
388 1492 155 62 sensato
500 1492 98 62 non
556 1492 112 62 erit
613 1492 98 62 etia,

197 1540 103 72 nec
256 1540 132 72 habet
344 1540 235 72 generatione,
535 1540 132 72 neque
608 1540 103 72 habet

197 1588 127 63 istud,
286 1588 102 63 quod
350 1588 89 63 est
401 1588 89 63 per
452 1588 178 63 essentiam.
592 1588 89 63 Hoc
631 1588 76 63 enim

196 1637 93 62 est
249 1637 133 62 illud,
342 1637 66 62 &
368 1637 93 62 est
421 1637 80 62 in
461 1637 119 62 alio,
541 1637 93 62 aut
594 1637 93 62 per
633 1637 80 62 arti

199 1687 133 59 ficiu,
292 1687 93 59 aut
345 1687 93 59 per
399 1687 160 59 naturam,
518 1687 93 59 aut
572 1687 93 59 per
612 1687 93 59 poten

194 1733 136 63 tiam.
284 1733 75 63 &
315 1733 121 63 ipse
390 1733 136 63 facit
481 1733 166 63 sphaera
586 1733 121 63 cupri.

193 1783 182 64 faciendo
329 1783 91 64 ex
375 1783 137 64 cupro
466 1783 182 64 sphaera.
603 1783 76 64 &
618 1783 91 64 ipse

193 1835 138 56 ponit
285 1835 138 56 istam
377 1835 138 56 forma
469 1835 92 56 in
515 1835 123 56 hoc:
592 1835 92 56 &.
623 1835 92 56 haec

730 148 93 69 est
783 148 146 69 sphaera
889 148 133 69 cupri.
983 148 80 69 Si
1022 148 120 69 autem
1102 148 93 69 est
1142 148 120 69 genera-

727 205 101 61 tio
784 205 188 61 essentiae
929 205 174 61 sphaerae
1060 205 116 61 modo
1118 205 130 61 vniuer-

722 252 122 54 sali,
804 252 109 54 tunc
872 252 149 54 aliquid
980 252 109 54 erit
1048 252 81 54 ex
1089 252 149 54 nihilo,
1197 252 68 54 &

730 300 105 58 tunc
795 300 144 58 necesse
900 300 92 58 est
953 300 79 58 vt
992 300 92 58 sit
1044 300 197 58 diuisibile,
1202 300 66 58 &

728 348 173 62 quoddam
854 348 126 62 erit
932 348 126 62 hoc,
1011 348 78 62 &
1042 348 173 62 quoddam
1152 348 94 62 hoc.

726 395 120 64 dico
801 395 165 64 quoddam
921 395 120 64 erit
997 395 150 64 forma,
1102 395 75 64 &
1132 395 135 64 quod

729 446 115 58 dam
794 446 197 58 materia.
942 446 98 58 Et
991 446 164 58 forma,
1106 446 131 58 quae
1171 446 82 58 est

728 492 151 62 sphera,
838 492 83 62 si
880 492 138 62 fuerit
976 492 151 62 sigura,
1086 492 110 62 quae
1155 492 96 62 est
1196 492 55 62 ex

723 540 154 54 medio,
830 540 92 54 in
876 540 108 54 quo
938 540 108 54 est
999 540 169 54 quoddam
1107 540 138 54 istius,

721 588 74 64 &
751 588 103 64 est
810 588 148 64 illud,
913 588 118 64 quod
987 588 133 64 facit
1076 588 89 64 ex
1120 588 118 64 hoc:
1194 588 74 64 &

724 637 176 54 quoddam
852 637 96 54 in
900 637 144 54 illo:
996 637 80 54 &
1028 637 176 54 quoddam
1140 637 112 54 totum

724 682 199 66 generatu,
876 682 122 66 v.g.
953 682 168 66 sphaera
1075 682 153 66 cupri.
1167 682 76 66 Ma-

728 732 170 63 nifestum
856 732 99 63 est
912 732 142 63 igitur
1012 732 85 63 ex
1054 732 156 63 dictis,
1168 732 114 63 quod

729 781 213 53 substantia,
899 781 113 53 quae
970 781 99 53 est
1026 781 156 53 tanquam
1126 781 113 53 forma.

722 828 99 64 non
778 828 113 64 fit:
849 828 212 64 congregatio
1019 828 127 64 vero,
1104 828 99 64 per
1160 828 113 64 quod

723 875 173 67 dicitur
849 875 221 67 generatur.
1023 875 79 67 &
1054 875 126 67 quod
1133 875 95 67 in
1164 875 79 67 om-

724 933 99 53 ni,
780 933 113 53 quod
851 933 197 53 generatur,
1006 933 70 53 e
1034 933 169 53 materia,
1161 933 113 53 quae

729 971 105 56 est
789 971 90 56 in
834 971 105 56 eo,
895 971 75 56 &
925 971 166 56 quoddam
1045 971 105 56 est
1091 971 90 56 hoc.

773 1021 124 49 Idest.
860 1021 174 49 Declaratum
996 1021 87 49 est
1046 1021 124 49 igitur
1133 1021 112 49 etiam
1195 1021 50 49 ex

725 1053 97 45 hoc
781 1053 166 45 sermone,
905 1053 111 45 quod
974 1053 152 45 formae.
1085 1053 69 45 &
1099 1053 138 45 exempla-

727 1093 92 54 ria.
784 1093 137 54 scilicet
887 1093 126 54 formae,
979 1093 92 54 quae
1036 1093 115 54 debent
1116 1093 92 54 dici
1162 1093 80 54 exem-

726 1134 136 53 plaria,
825 1134 136 53 quoniam
923 1134 87 53 non
973 1134 136 53 apparet
1072 1134 124 53 quibus
1158 1134 74 53 in
1183 1134 62 53 sen

731 1177 186 41 sibilibus
874 1177 115 41 sunt
945 1177 215 41 exemplaria,
1117 1177 100 41 nec
1160 1177 86 41 gene

730 1212 128 46 rantur,
823 1212 81 46 nec
870 1212 116 46 habent
951 1212 186 46 vniversalter
1091 1212 151 46 quiditatem.

749 1252 116 46 D.d.
822 1252 102 46 Hoc
880 1252 116 46 enim
953 1252 102 46 est
1011 1252 145 46 illud,
1112 1252 73 46 &
1141 1252 102 46 est
1185 1252 58 46 in

723 1301 116 45 alio,
800 1301 90 45 &c.
852 1301 77 45 i.
890 1301 206 45 artificiatum
1057 1301 103 45 enim
1121 1301 64 45 &
1134 1301 103 45 genera

727 1333 98 37 tum
783 1333 223 37 constituitur
964 1333 84 37 ex
1006 1333 153 37 actione
1104 1333 139 37 alicuius

733 1373 71 54 ab
769 1373 130 54 agente,
863 1373 59 54 &
886 1373 83 54 est
934 1373 118 54 illud,
1016 1373 94 54 quod
1075 1373 130 54 dicitur
1158 1373 83 54 forma

730 1411 74 49 in
767 1411 136 49 aliquo,
866 1411 62 49 &
891 1411 87 49 est
940 1411 124 49 illud,
1027 1411 99 49 quod
1089 1411 136 49 dicitur
1175 1411 62 49 mam

728 1453 78 49 Si
767 1453 129 49 igitur
857 1453 116 49 forma
935 1453 116 49 esset
1012 1453 207 49 artificiata,
1167 1453 78 49 tunc

731 1492 238 38 constitueretur
929 1492 79 38 ex
969 1492 146 38 actione
1075 1492 159 38 alicuius
1181 1492 53 38 ab

718 1533 160 49 agente:
835 1533 73 49 &
864 1533 102 49 sic
922 1533 145 49 formae
1024 1533 131 49 esset
1111 1533 145 49 forma,
1198 1533 44 49 &

727 1564 76 46 sic
771 1564 65 46 in
803 1564 152 46 infinitum.
922 1564 54 46 &
944 1564 141 46 similiter
1053 1564 130 46 quiditas
1150 1564 76 46 est
1183 1564 65 46 ali-

725 1607 139 53 cuius:
822 1607 125 53 ergo,
906 1607 83 53 si
947 1607 125 53 forma
1031 1607 153 53 haberet
1128 1607 111 53 quidi-

727 1645 128 53 tatem,
817 1645 102 53 tunc
881 1645 230 53 constitueretur
1073 1645 77 53 ex
1111 1645 141 53 aliquo,
1201 1645 38 53 &

729 1685 81 52 in
769 1685 148 52 aliquo.
877 1685 108 52 D.d.
944 1685 67 52 &
971 1685 108 52 ipse
1038 1685 121 52 facit
1105 1685 135 52 sphaeram

724 1725 123 52 cupri,
810 1725 86 52 &c.
859 1725 74 52 i.
896 1725 62 52 &
921 1725 86 52 cum
970 1725 148 52 dicitur,
1081 1725 99 52 quod
1130 1725 111 52 artifex

726 1765 104 37 facit
796 1765 138 37 sphaeram
899 1765 115 37 cupri,
980 1765 81 37 non
1026 1765 127 37 dicitur
1119 1765 92 37 hoc,
1165 1765 69 37 nisi

728 1813 112 42 quia
798 1813 127 42 facit
883 1813 84 42 ex
925 1813 98 42 hoc
981 1813 127 42 cupro
1051 1813 183 42 demonstrato

722 1845 187 46 sphaetam,
865 1845 158 46 facendo
980 1845 115 46 hanc
1052 1845 144 46 formam
1138 1845 101 46 demon
