1475 2066
189 172 69 54 &
217 172 152 54 numeri,
327 172 97 54 qui
383 172 111 54 sunt
452 172 83 54 ex
493 172 138 54 coelo,
590 172 97 54 &c.
645 172 83 54 i.
687 172 69 54 &

200 214 155 53 numeri,
312 214 84 53 ex
355 214 141 53 quibus
453 214 98 53 fit
509 214 155 53 coelum,
622 214 84 53 in
650 214 70 53 quo

204 254 185 44 differunt
346 254 71 44 a
374 254 170 44 numeris,
502 254 85 44 ex
544 254 142 44 quibus
630 254 99 44 fiunt

203 300 98 39 alia,
268 300 87 39 quae
323 300 87 39 sunt
377 300 76 39 sub
420 300 109 39 coelo:
496 300 109 39 Coelum
572 300 87 39 enim
626 300 98 39 habet
681 300 43 39 na

204 332 127 50 turam
288 332 197 50 existentem
443 332 113 50 sibi
514 332 169 50 propriam
626 332 99 50 aliam

202 381 83 42 ab
244 381 96 42 ea,
299 381 110 42 quae
368 381 96 42 est
423 381 221 42 generabilium
602 381 69 42 &
616 381 110 42 corru-

206 410 198 48 ptibilium,
362 410 99 48 cum
418 410 142 48 coelum
518 410 142 48 semper
617 410 99 48 est
673 410 85 48 in

205 455 166 42 praesenti
333 455 64 42 &
358 455 179 42 praeterito
499 455 64 42 &
524 455 140 42 futuro,
626 455 64 42 &
639 455 89 42 omnia

205 485 115 53 gener
282 485 128 53 abilia
371 485 64 53 &
397 485 217 53 corruptibilia
575 485 102 53 sunt
626 485 102 53 trans-

201 532 234 38 mutabilia
381 532 90 38 &
417 532 180 38 natura
526 532 198 38 numerorum

200 565 127 50 apud
279 565 127 50 eos,
359 565 95 50 ex
406 565 158 50 quibus
501 565 222 50 constituitur

203 602 173 40 mundus,
329 602 110 40 est
392 602 142 40 eadem
471 602 142 40 natura.

236 661 122 45 Cum
305 661 139 45 enim
392 661 104 45 in
444 661 122 45 hac
514 661 174 45 quidem
618 661 104 45 par-

196 703 94 58 te
243 703 156 58 opinio
353 703 125 58 eis,
431 703 78 58 &
462 703 156 58 tempus
572 703 125 58 sit,
634 703 94 58 pau-

196 749 154 53 lulum
299 749 137 53 vero
384 749 188 53 desuper
521 749 120 53 aut
573 749 154 53 deorsum

203 788 195 46 iniunria,
353 788 75 46 &
383 788 225 46 disiunctio,
564 788 105 46 aut
609 788 120 46 mistio

204 831 241 56 probationem
397 831 145 56 autem
494 831 209 56 afferant,
639 831 80 56 quo

185 877 196 53 horum
316 877 218 53 quidem
446 877 283 53 vnumquodque

193 919 182 44 numerus
326 919 133 44 est,
409 919 216 44 contingit
575 919 149 44 autem
658 919 66 44 in

198 964 150 45 hunc
292 964 169 45 locum
405 964 300 45 multitudinem
630 964 94 45 iam

189 1003 333 48 constitutarum
444 1003 275 48 magnitudinem

202 1043 130 56 esse,
288 1043 87 56 eo
332 1043 116 56 quod
404 1043 188 56 passiones
549 1043 101 56 hae
593 1043 130 56 sequunt

198 1086 170 45 singula
321 1086 139 45 loca,
414 1086 139 45 vtrum
507 1086 124 45 iste
585 1086 108 45 est
631 1086 93 45 idem

190 1132 193 57 numerus,
335 1132 113 57 qui
399 1132 97 57 in
447 1132 161 57 coelo,
560 1132 129 57 quem
624 1132 97 57 opor

200 1176 119 42 tet
268 1176 220 42 accipere:
437 1176 135 42 quod
522 1176 152 42 horum
606 1176 119 42 vnum-

199 1220 152 55 quodque
309 1220 110 55 est,
378 1220 83 55 an
420 1220 152 55 praeter
530 1220 124 55 istum
613 1220 124 55 alter
682 1220 41 55 a

242 1265 111 50 Et,
305 1265 111 50 cum
369 1265 284 50 existimauerunt
605 1265 95 50 in
637 1265 79 50 al-

193 1314 110 65 quo
256 1314 235 65 particulari
444 1314 157 65 aliqua
538 1314 172 65 existima,

188 1364 150 47 tione,
293 1364 120 47 erit
368 1364 180 47 secundum
503 1364 135 47 illam
578 1364 135 47 existi-

192 1412 191 58 mationem.
339 1412 73 58 &
369 1412 162 58 dicunt,
486 1412 117 58 quod
559 1412 117 58 hoc,
633 1412 117 58 quod

190 1460 119 66 est
258 1460 204 66 superius
411 1460 85 66 &
445 1460 221 66 inferius,
616 1460 85 66 &
633 1460 85 66 mi-

188 1508 139 55 xtio,
280 1508 77 55 &
311 1508 232 55 distinctio,
497 1508 108 55 est
544 1508 170 55 demonstra

188 1557 107 53 tio
249 1557 122 53 quod
325 1557 184 53 quilibet
463 1557 168 53 istorum
586 1557 107 53 est
631 1557 77 53 mu-

198 1622 151 53 merus.
304 1622 211 53 quapropter
470 1622 196 53 contingit
620 1622 91 53 vt
651 1622 60 53 ma

187 1658 224 63 gnitudines
363 1658 192 63 secundum
508 1658 128 63 hunc
588 1658 160 63 vnodum

189 1705 235 64 constituantur
383 1705 83 64 ex
424 1705 152 64 multis.
535 1705 138 64 passio
632 1705 111 64 enim

187 1753 231 61 cuiuslibet
368 1753 148 61 eorum
466 1753 198 61 sequitur
598 1753 99 61 vnum

199 1808 178 43 quenque
328 1808 194 43 locorum.
474 1808 210 43 quandoque
619 1808 97 43 igi-

197 1853 95 61 tur
252 1853 109 61 erit
320 1853 109 61 iste
387 1853 163 61 numerus,
509 1853 95 61 qui
564 1853 95 61 est
618 1853 81 61 in
645 1853 68 61 coe

743 165 107 64 lo.
804 165 77 64 &
835 165 107 64 hoc
896 165 107 64 est
957 165 215 64 opinandum,
1126 165 123 64 quod
1187 165 77 64 est

744 229 226 56 vnuquodque
921 229 194 56 istorum,
1066 229 113 56 aut
1115 229 145 56 proprie

775 265 145 56 Idest,
877 265 73 56 &
906 265 189 56 contingit
1051 265 116 56 huic
1109 265 160 56 opinioni,

743 309 85 45 vt
785 309 171 45 scientia
913 309 242 45 particularium
1113 309 100 45 sit
1155 309 114 45 neces-

748 345 123 41 saria
830 345 96 41 non
885 345 259 41 transmutabilis,
1103 345 109 41 quia
1171 345 96 41 est
1212 345 55 41 ex

736 386 111 50 non
799 386 284 50 transmutabili:
1036 386 221 50 quapropter
1194 386 79 50 ne-

747 422 111 44 cesse
821 422 99 44 est,
882 422 74 44 vt
919 422 173 44 sensibilia
1055 422 99 44 sint
1117 422 86 44 non
1154 422 111 44 transe-

744 469 179 37 mutabilia
882 469 83 37 in
923 469 110 37 suis
992 469 193 37 subiectis.
1143 469 96 37 cum
1184 469 83 37 sint

747 509 169 37 numerus.
874 509 113 37 D.d.
944 509 85 37 Et
986 509 155 37 dicunt,
1099 509 99 37 &c.
1155 509 85 37 i.
1184 509 85 37 quia

742 544 128 47 entia
827 544 86 47 in
870 544 143 47 maiori
970 544 128 47 parte
1055 544 114 47 sunt
1127 544 143 47 paria,
1212 544 57 47 v.

747 581 69 47 g
775 581 165 47 superius
899 581 69 47 &
926 581 179 47 inferius,
1064 581 69 47 &
1092 581 110 47 alia
1147 581 124 47 contra-

740 620 102 50 ria,
804 620 141 50 signant
907 620 102 50 quod
971 620 115 50 entia
1047 620 102 50 sunt
1111 620 141 50 numeri.
1201 620 64 50 Com

747 661 117 37 tigit
825 661 104 37 ergo
891 661 104 37 huic
956 661 183 37 positioni,
1099 661 78 37 vt
1138 661 117 37 omnia
1204 661 65 37 con

741 700 120 44 pora
816 700 120 44 sint
890 700 194 44 composita
1040 700 90 44 ex
1070 700 194 44 multitudine

743 741 181 37 numerali.
883 741 181 37 quaproper
1022 741 139 37 natura
1120 741 126 37 eorum
1189 741 70 37 om-

744 773 128 45 nium
824 773 159 45 entium
935 773 128 45 erit
1015 773 143 45 eadem
1111 773 175 45 natura,
1222 773 48 45 &

750 809 197 41 definitiones
910 809 135 41 eaedem,
1008 809 99 41 quae
1070 809 99 41 sunt
1132 809 74 41 in
1168 809 99 41 eis:
1230 809 62 41 &

748 853 169 45 passiones,
881 853 133 45 propter
978 853 97 45 quod
1038 853 181 45 diuersantur
1183 853 73 45 in
1208 853 60 45 no-

741 887 158 51 minibus
856 887 72 51 &
885 887 274 51 definitionibus,
1115 887 115 51 adeo
1173 887 86 51 quod

742 928 177 42 quoddam
871 928 194 42 corporum
1016 928 177 42 dicatur
1129 928 129 42 coelum

746 971 71 48 &
774 971 157 48 quoddam
888 971 114 48 aer,
959 971 71 48 &
988 971 157 48 quoddam
1101 971 142 48 ignis,
1187 971 71 48 non

744 1006 206 52 acquiruntur
909 1006 82 52 ab
950 1006 124 52 istis
1033 1006 206 52 corporibus,
1184 1006 82 52 nisi

745 1045 123 50 propter
834 1045 100 50 loca:
901 1045 78 50 non
946 1045 89 50 quia
1001 1045 112 50 habent
1079 1045 178 50 differentias
1213 1045 56 50 sub

746 1085 169 45 stantiales
879 1085 121 45 dantes
963 1085 85 45 eis
1011 1085 97 45 ista
1072 1085 109 45 loca.
1144 1085 85 45 sed
1181 1085 85 45 econ-

744 1124 117 55 uerso,
826 1124 94 55 quod
885 1124 82 55 est
931 1124 187 55 impossibile.
1084 1124 152 55 Contingit
1189 1124 70 55 enim

743 1165 102 55 huic
807 1165 179 55 positioni,
948 1165 102 55 quod
1011 1165 102 55 idem
1075 1165 128 55 corpus
1165 1165 64 55 &
1177 1165 77 55 eius

735 1203 88 52 dem
786 1203 150 52 naturae,
898 1203 125 52 quando
986 1203 125 52 fuerit
1073 1203 163 52 superius,
1186 1203 75 52 erit

736 1249 124 57 coelum
823 1249 62 57 &
848 1249 149 57 aeternum
959 1249 137 57 propter
1059 1249 124 57 locum:
1146 1249 62 57 &
1158 1249 100 57 quando

742 1287 104 46 infer
812 1287 93 46 ius,
870 1287 93 46 erit
928 1287 116 46 ignis,
1009 1287 81 46 aut
1056 1287 116 46 terra,
1137 1287 81 46 aut
1183 1287 93 46 aque

737 1325 98 60 aut
793 1325 112 60 aer,
863 1325 98 60 aut
920 1325 197 60 generabile
1074 1325 70 60 &
1088 1325 169 60 corruptibi

731 1367 75 50 le
769 1367 138 50 propter
870 1367 126 50 locum.
957 1367 75 50 Et
995 1367 100 50 quia
1058 1367 100 50 ista
1108 1367 138 50 impossibs

727 1405 99 45 lia
784 1405 99 45 non
840 1405 142 45 aperte
940 1405 156 45 fuerunt
1053 1405 128 45 dicta
1139 1405 85 45 ab
1167 1405 71 45 eis

729 1445 136 45 dixit:
824 1445 68 45 &
852 1445 95 45 hoc
906 1445 95 45 est
960 1445 190 45 opinandum,
1109 1445 95 45 &c.
1164 1445 81 45 i.
1204 1445 68 45 &

731 1485 106 54 hoc,
797 1485 106 54 quod
863 1485 172 54 contingit
996 1485 106 54 eis,
1062 1485 93 54 est
1101 1485 146 54 opinandum

730 1524 79 46 in
769 1524 171 46 vnoquoque
901 1524 158 46 corporum
1020 1524 158 46 secundum
1125 1524 119 46 opinio-

722 1572 138 39 nem
782 1572 138 39 eorum

767 1604 144 43 Plato
863 1604 160 43 etenim
975 1604 144 43 alium
1070 1604 128 43 esse
1134 1604 96 43 ait,

725 1648 92 50 at
771 1648 123 50 ille
848 1648 169 50 quoqued
971 1648 169 50 numeros
1094 1648 154 50 putat,
1202 1648 77 50 &

730 1693 111 37 illa
800 1693 125 37 esse,
883 1693 70 37 &
911 1693 125 37 horum
995 1693 167 37 causas.,
1120 1693 97 37 sed
1175 1693 97 37 in

729 1733 257 46 telligibiles
938 1733 161 46 quidem
1050 1733 177 46 causas,
1163 1733 80 46 hos

724 1773 134 52 vero
808 1773 251 52 sensibiles.
1009 1773 100 52 De
1042 1773 201 52 Pythagori-

732 1812 92 46 cis
784 1812 132 46 itaque
877 1812 250 46 praetermittamus
1087 1812 105 46 modo
1140 1812 105 46 suffi-

726 1854 98 52 cit
782 1854 112 52 enim
852 1854 84 52 in
895 1854 141 52 tantum
993 1854 98 52 eos
1035 1854 169 52 attigisse.
