1475 2066
190 149 160 51 poribus
307 149 232 51 coelestibus.
495 149 87 51 Et
539 149 116 51 ideo
597 149 116 51 Aristo

205 188 187 54 magnificat
352 188 107 54 hanc
419 188 174 54 virtutem,
552 188 67 54 &
566 188 147 54 attribuit

203 229 114 37 illam
280 229 178 37 principiis
419 229 153 37 diuinis,
534 229 89 37 non
572 229 140 37 naturali-

207 265 93 54 bus.
266 265 82 54 sed
312 265 105 54 istam
382 265 140 54 virtutem
487 265 58 54 *
511 265 105 54 sesse
569 265 140 54 intelligen

210 308 96 49 tiam
270 308 157 49 separatam
391 308 96 49 lest
451 308 193 49 impossibile.
608 308 72 49 Et
632 308 84 49 demon

209 344 130 42 stratio
304 344 119 42 Arist.
387 344 71 42 in
423 344 83 42 hoc
470 344 95 42 est,
529 344 95 42 quod
589 344 119 42 formae
660 344 59 42 non

203 381 150 50 generartur
321 381 75 50 per
364 381 75 50 se.
407 381 96 50 quam,
471 381 64 50 si
503 381 75 50 sic
546 381 107 50 esset,
620 381 86 50 tunc
663 381 43 50 ge

207 429 160 30 neratio
324 429 131 30 esset
412 429 102 30 non
470 429 73 30 a
499 429 175 30 materia.
630 429 73 30 &
645 429 73 30 cum

208 461 97 52 ita
264 461 111 52 sit,
333 461 180 52 generatum
472 461 97 52 est
527 461 166 52 formans.
638 461 83 52 gene

205 508 103 43 rans
270 508 129 43 igitur
360 508 90 43 est
411 508 129 43 illud,
502 508 103 43 quod
566 508 116 43 mouet
631 508 77 43 mate

209 538 119 40 riam,
288 538 119 40 donec
367 538 158 40 recipiat
486 538 145 40 formam,
591 538 79 40 i.
618 538 92 40 illud

203 576 116 42 quod
276 576 174 42 extrahit
407 576 131 42 ipsam
494 576 87 42 de
538 576 174 42 potentia
654 576 58 42 ac

200 621 158 37 actum:
311 621 79 37 &
343 621 158 37 illud,
454 621 127 37 quod
533 621 143 37 mouet
612 621 95 37 mate

199 651 129 51 riam,
285 651 201 51 necessario
442 651 100 51 est
500 651 158 51 corpus,
600 651 115 51 habens

203 693 159 49 qualitatem
328 693 137 49 actiuam,
430 693 80 49 aut
476 693 159 49 potentiam,
601 693 91 49 quae
647 693 68 49 agit

212 732 93 43 per
265 732 134 43 corpus
359 732 134 43 habens
452 732 187 43 qualitatem
585 732 134 43 actiuam.

209 767 83 43 Et,
257 767 71 43 si
292 767 119 43 illud,
375 767 95 43 quod
435 767 131 43 generat
530 767 154 43 subiectum
637 767 71 43 for-

202 812 113 39 mae,
272 812 127 39 esset
357 812 127 39 aliud
442 812 71 39 a
470 812 183 39 generante
597 812 113 39 formam

200 846 108 43 tunc
268 846 176 43 subiectum
404 846 68 43 &
431 846 95 43 sua
485 846 122 43 forma
566 846 135 43 essent
647 846 68 43 duo

204 884 69 50 in
239 884 104 50 actu:
308 884 92 50 quod
366 884 81 50 est
412 884 185 50 impossibile.
563 884 58 50 &
586 884 92 50 quia
632 884 81 50 subie

204 926 104 49 ctum,
274 926 115 49 formae
354 926 81 49 non
401 926 104 49 habet
470 926 92 49 esse
527 926 92 49 nisi
585 926 81 49 per
620 926 92 49 formam

204 965 112 53 ideo
274 965 126 53 actio
358 965 154 53 agentis
470 965 98 53 non
526 965 140 53 pendet
624 965 84 53 ab
652 965 56 53 il

199 1005 73 48 so,
240 1005 83 48 nisi
292 1005 125 48 secundum
386 1005 83 48 quod
438 1005 104 48 pendet
511 1005 62 48 de
542 1005 94 48 forma
605 1005 104 48 estam:
667 1005 52 48 cum

197 1041 134 53 actio
287 1041 179 53 agentis,
421 1041 104 53 non
480 1041 149 53 pendet
585 1041 75 53 a
600 1041 104 53 forma

200 1079 125 44 neque
283 1079 83 44 de
325 1079 167 44 subiecto
450 1079 111 44 sine
520 1079 139 44 forma.
617 1079 83 44 Et
645 1079 69 44 cum

208 1118 81 53 ita
255 1118 92 53 sit,
312 1118 162 53 manifestum
440 1118 92 53 est,
497 1118 92 53 quod
555 1118 104 53 actio
613 1118 104 53 agentis

211 1158 121 50 pendet
296 1158 73 50 ex
332 1158 146 50 subiecto
442 1158 134 50 propter
539 1158 97 50 hoc,
600 1158 97 50 quod
648 1158 73 50 pen-

204 1197 88 53 det
255 1197 75 53 de
292 1197 126 53 forma.
380 1197 113 53 Illud
455 1197 138 53 igitur,
556 1197 100 53 quod
606 1197 113 53 generat

204 1237 177 51 subiectum
341 1237 150 51 formae,
450 1237 95 51 est
504 1237 136 51 illud,
600 1237 109 51 quod
654 1237 55 51 ge

203 1276 129 51 nerat
288 1276 157 51 formam:
403 1276 114 51 inmo
474 1276 100 51 non
531 1276 157 51 generat
631 1276 86 51 sub-

200 1316 116 51 iectum
282 1316 93 51 nisi
340 1316 93 51 quid
398 1316 128 51 generat
491 1316 128 51 formam.
584 1316 70 51 Et
607 1316 105 51 scilice

198 1357 181 39 subiectum
337 1357 139 39 formae
434 1357 208 39 generaretur
601 1357 83 39 ab
629 1357 83 39 ali-

203 1389 95 45 quo
258 1389 136 45 agente
353 1389 68 45 &
380 1389 122 45 forma
461 1389 81 45 ex
502 1389 122 45 alio,
583 1389 109 45 tunc
638 1389 81 45 vnum

198 1429 117 52 actum,
280 1429 141 52 secundum
386 1429 94 52 quod
445 1429 82 52 est
492 1429 106 52 actum
562 1429 106 52 vnum,
621 1429 94 52 genera

202 1474 94 47 retur
264 1474 52 47 a
285 1474 104 47 duobus
358 1474 146 47 agentibus:
473 1474 84 47 quod
525 1474 73 47 est
567 1474 167 47 inmpossibile

199 1508 160 55 Secundum
318 1508 93 55 hoc
372 1508 133 55 igitur
465 1508 120 55 debet
544 1508 106 55 homo
598 1508 106 55 susten

210 1547 101 40 tari
273 1547 76 40 in
311 1547 88 40 hoc
362 1547 114 40 loco.
437 1547 76 40 Et
475 1547 139 40 homines
564 1547 151 40 errauerunt

210 1589 81 38 in
250 1589 108 38 hoc,
317 1589 94 38 qui
371 1589 67 38 a
398 1589 94 38 non
452 1589 229 38 intellexerunt
627 1589 94 38 demon

207 1622 224 44 strantionem
386 1622 134 44 Aris.
475 1622 75 44 &
505 1622 104 44 non
565 1622 104 44 est
610 1622 104 44 mirum

206 1662 83 44 de
248 1662 153 44 Auicem.
359 1662 97 44 sed
414 1662 83 44 de
456 1662 194 44 Alfarabio.
609 1662 83 44 vt
637 1662 83 44 enim

206 1699 86 43 in
249 1699 100 43 suo
306 1699 128 43 libro
391 1699 86 43 de
434 1699 143 43 duabus
519 1699 200 43 Philosophijs

207 1741 167 37 dubitare
332 1741 84 37 de
374 1741 111 37 hoc.
444 1741 84 37 Et
485 1741 125 37 omnes
569 1741 153 37 homines
666 1741 56 37 de

206 1781 152 49 clinant
317 1781 124 49 magis
399 1781 83 49 ad
441 1781 179 49 opinionem
565 1781 152 49 Platonis,

203 1821 103 37 quia
267 1821 90 37 est
319 1821 141 37 similis
421 1821 90 37 ei,
472 1821 103 37 quod
537 1821 167 37 loquentes
652 1821 64 37 non

731 148 101 54 strae
798 148 101 54 legis
865 148 146 54 opinantur
977 148 135 54 scilicet
1078 148 90 54 quod
1134 148 101 54 agens
1191 148 78 54 omnia

734 189 89 51 est
785 189 114 51 vnum,
861 189 63 51 &
887 189 102 51 quod
950 189 89 51 non
1001 189 165 51 operantur
1128 189 76 51 in
1166 189 76 51 se
1191 189 51 51 ad

724 228 163 55 inuicem.
846 228 149 55 Videtur
955 228 122 55 enim,
1036 228 108 55 quod
1090 228 163 55 contingit,

734 269 91 38 eis
786 269 78 38 ex
825 269 170 38 creatione
956 269 117 38 eorum
1034 269 183 38 adinuicem,
1165 269 78 38 pro-

736 304 138 51 cedere
833 304 83 51 in
874 304 180 51 infinitum
1013 304 83 51 in
1054 304 138 51 causis
1137 304 111 51 agenti

738 345 124 49 bus:
815 345 77 49 &
846 345 124 49 ideo
923 345 201 49 posuerunt
1077 345 124 49 vnum
1139 345 108 49 agens

726 383 96 44 non
781 383 151 44 corpus.
891 383 96 44 Sed
946 383 123 44 illud
1028 383 206 44 impossibile
1178 383 69 44 est

734 421 82 37 vt
775 421 191 37 transmutet
925 421 177 37 materiam,
1062 421 109 37 nisi
1116 421 123 37 mediams

735 461 90 37 te
780 461 164 37 corpore
899 461 120 37 alio
974 461 105 37 non
1019 461 224 37 transmutabili

730 501 148 45 scilicet
841 501 160 45 orporibus
964 501 197 45 coelestibus.
1125 501 62 45 &
1149 501 99 45 ideo
1199 501 49 45 im

735 536 143 49 possibile
845 536 77 49 est
889 536 66 49 vt
922 536 198 49 intelligentiae
1088 536 143 49 separatae
1187 536 66 49 dent

728 574 195 44 aliquam
870 574 178 44 formam
995 574 213 44 formarum
1137 574 107 44 mix-

735 615 132 43 tarum
823 615 88 43 in
867 615 176 43 materia.
999 615 103 43 Sed
1058 615 132 43 mouit
1131 615 117 43 Arist.

737 653 98 48 ad
786 653 196 48 ponendum
932 653 163 48 mouens
1046 653 212 48 separatum
1193 653 49 48 a

736 692 146 38 materia
842 692 80 38 in
882 692 160 38 factione
1002 692 160 38 virtutum
1108 692 133 38 intelli-

730 733 173 43 gentium,
859 733 115 43 quia
932 733 173 43 virtutes
1047 733 202 43 intellectua-

733 764 104 46 les
792 764 118 46 apud
866 764 133 46 ipsum
955 764 118 46 sunt
1029 764 104 46 non
1088 764 148 46 mixtae
1177 764 74 46 cum

736 807 174 44 materia.
866 807 116 44 Vnde
938 807 159 44 necesse
1054 807 101 44 est
1112 807 87 44 vt
1141 807 101 44 illud

736 848 123 44 quod
813 848 108 44 est
874 848 108 44 non
936 848 154 44 mixtum
1043 848 108 44 cum
1089 848 154 44 materia,

729 893 200 43 generetur
882 893 108 43 quo
944 893 108 43 quo
1005 893 123 43 modo
1082 893 77 43 a
1113 893 108 43 non
1159 893 77 43 mix

734 924 85 47 to
776 924 100 47 cum
833 924 157 47 materia
947 924 228 47 simpliciter:
1118 924 114 47 quemad

731 964 125 39 modum
814 964 97 39 est
870 964 153 39 necesse
981 964 83 39 vt
1023 964 111 39 omne
1092 964 139 39 mixtum
1176 964 69 39 cum

736 999 83 46 ma
778 999 208 46 genereretur
944 999 69 46 a
972 999 125 46 mixto
1055 999 97 46 cum
1096 999 125 46 materia

738 1036 128 46 Formam
828 1036 89 46 non
879 1036 166 46 geuerari,
1006 1036 89 46 non
1057 1036 128 46 tantum
1147 1036 77 46 in
1172 1036 77 46 sub-

770 1079 138 52 stantia,
873 1079 80 52 sed
919 1079 57 52 &
942 1079 69 52 in
976 1079 138 52 caeteris
1068 1079 149 52 praedicamen

816 1117 103 49 tis
875 1117 133 49 verum
964 1117 133 49 esse.
1052 1117 118 49 Cap.
1111 1117 59 49 22

848 1153 86 50 On
891 1153 100 50 ant
948 1153 86 50 de
991 1153 114 50 suba
1062 1153 129 50 solum
1148 1153 143 50 ondit,

852 1199 113 52 ratio
928 1199 88 52 non
978 1199 113 52 fieri
1054 1199 138 52 formam,
1154 1199 88 52 sed
1192 1199 63 52 de-

852 1239 109 51 omnibus
931 1239 99 51 primis
1000 1239 128 51 similiter
1099 1239 118 51 communis
1178 1239 69 51 ratio

733 1277 109 53 est:
802 1277 82 53 vt
843 1277 109 53 puta
911 1277 191 53 quatitate,
1061 1277 191 53 qualitate,
1211 1277 68 53 &

733 1332 112 41 aliis
807 1332 236 41 praedicamentis.
1005 1332 87 41 Fit
1055 1332 99 41 enim
1117 1332 124 41 vtputa
1191 1332 50 41 ae

735 1373 103 46 nea
794 1373 176 46 sphaera,
926 1373 103 46 sed
985 1373 103 46 non
1044 1373 176 46 sphaera,
1162 1373 88 46 neoc

739 1406 91 52 aes.
795 1406 57 52 &
818 1406 68 52 in
852 1406 91 52 aere
908 1406 91 52 fit:
965 1406 91 52 sper
1022 1406 113 52 namque
1101 1406 125 52 oportet
1180 1406 68 52 prae

733 1448 174 43 existere
863 1448 188 43 materiam,
1008 1448 72 43 &
1037 1448 159 43 formam.
1153 1448 101 43 ita
1211 1448 72 43 &

735 1492 66 39 in
768 1492 88 39 ipso
823 1492 88 39 quod
878 1492 88 39 est,
933 1492 55 39 &
955 1492 66 39 in
988 1492 165 39 quaelitate,
1121 1492 55 39 &
1132 1492 121 39 quantita-

737 1533 78 53 te,
781 1533 56 53 &
804 1533 100 53 aliis
870 1533 200 53 praedicamentis
1037 1533 145 53 similiter
1149 1533 78 53 non
1182 1533 67 53 enim

734 1579 80 47 sit
779 1579 160 47 quaelitas,
905 1579 80 47 sed
950 1579 103 47 quale
1019 1579 126 47 lignum:
1110 1579 80 47 nec
1144 1579 103 47 quanti-

737 1613 95 45 tas,
796 1613 83 45 sed
844 1613 130 45 quantum
939 1613 130 45 lignum,
1034 1613 83 45 aut
1081 1613 130 45 animal.
1164 1613 83 45 Caete

735 1661 88 45 rum
785 1661 75 45 ex
822 1661 100 45 his,
885 1661 150 45 proprium
997 1661 113 45 subae
1072 1661 150 45 accipere
1172 1661 75 45 est,

743 1704 86 50 quod
797 1704 118 50 necesse
883 1704 75 50 est
926 1704 183 50 praeexistetur
1076 1704 86 50 sper
1130 1704 97 50 aliam
1184 1704 64 50 suba

739 1743 95 43 actu
798 1743 177 43 existentem,
940 1743 95 43 quae
999 1743 118 43 facit,
1082 1743 71 43 vt
1117 1743 95 43 puta
1164 1743 95 43 animal

732 1780 71 46 si
768 1780 119 46 animal
851 1780 95 46 fit:
910 1780 107 46 quale
981 1780 107 46 vero,
1052 1780 83 46 aut
1100 1780 130 46 quantum
1195 1780 83 46 non

730 1824 109 58 est
793 1824 187 58 necesse,
933 1824 125 58 nisi
1011 1824 187 58 potentia
1135 1824 125 58 solum.
