1475 2066
191 132 159 46 circuli,
310 132 106 46 quae
377 132 93 46 non
430 132 186 46 clauduntur
576 132 80 46 in
603 132 106 46 defini

202 181 124 37 tione
285 181 165 37 circuli.
409 181 110 37 quia
478 181 152 37 tertia,
588 181 69 37 &
602 181 110 37 quarta

210 214 101 50 pars
273 214 139 50 circuli
374 214 88 50 non
425 214 189 50 collocantur
576 214 76 50 in
601 214 101 50 defini

211 252 111 47 tione
285 252 148 47 circuli:
396 252 86 47 nec
445 252 161 47 definitio
569 252 136 47 circuli
655 252 62 47 dif

208 293 153 45 soluitur
323 293 76 45 in
361 293 203 45 definitiones
526 293 127 45 earum:
615 293 89 45 sed
653 293 64 45 cir

211 333 117 52 culus
289 333 169 52 accipitur
419 333 78 52 in
458 333 195 52 definitione
600 333 104 52 partis

205 373 81 53 in
245 373 243 53 definitionibus
447 373 108 53 vero
515 373 189 53 syllabarum
650 373 67 53 est

208 412 161 39 definitio
331 412 173 39 literarum:
468 412 136 39 quoniam
567 412 136 39 syllaba
653 412 62 39 est

206 445 144 45 illud,
306 445 115 45 quod
378 445 172 45 componit
507 445 86 45 ex
550 445 144 45 duabus
636 445 72 45 li-

200 487 104 55 teris
270 487 139 55 scilicet
374 487 162 55 consonante
501 487 58 55 &
524 487 127 55 vocali.
617 487 69 55 Si
640 487 69 55 igit

209 529 129 50 syllaba
303 529 117 50 fuerit
385 529 129 50 breuis,
478 529 152 50 definitur
595 529 94 50 ita,
642 529 70 50 quod

203 570 95 40 est
258 570 136 40 illud,
353 570 109 40 quod
421 570 190 40 componitur
570 570 81 40 ex
597 570 122 40 duabus,

202 609 140 36 literis.
308 609 58 36 &
331 609 82 36 sic
378 609 152 36 accipitur
495 609 70 36 in
530 609 82 36 sua
565 609 152 36 definitione

206 651 141 39 definitio
314 651 130 39 literae,
412 651 162 39 consonantis
542 651 130 39 scilicet
628 651 87 39 breuis

201 684 56 52 &
223 684 135 52 vocalis.
325 684 68 52 Et
358 684 146 52 similiter
471 684 124 52 syllaba
561 684 113 52 longa.
628 684 79 52 acci-

198 722 122 48 pitur
280 722 109 48 enim
348 722 82 48 in
389 722 95 48 sua
443 722 204 48 definitione
592 722 109 48 defini

205 760 90 47 tio
257 760 142 47 literae
360 760 193 47 consonantis
515 760 168 47 productae
644 760 64 47 &
656 760 52 47 vo

203 800 133 42 calis.
296 800 93 42 Sed
349 800 80 42 in
389 800 200 42 definitione
549 800 147 42 circuli
642 800 67 42 non

202 843 179 39 accipitur
340 843 179 39 definitio
478 843 207 39 medietatis,
630 843 83 39 neoc

202 879 169 52 quartae.
329 879 70 52 &
357 879 99 52 hoc
413 879 197 52 manifestum
568 879 113 52 est,
624 879 85 52 immo

201 916 165 47 facimus
321 916 225 47 econtrario.
501 916 165 47 Dicimus
606 916 105 47 enim,

208 956 97 47 quod
269 956 146 47 medietas
378 956 134 47 circuli
475 956 85 47 est
524 956 109 47 arcus
585 956 122 47 circuli-

200 996 107 50 quem
266 996 187 50 distinguit
413 996 174 50 diameter:
547 996 67 50 &
573 996 93 50 sic
614 996 93 50 circu

202 1035 93 38 lus
255 1035 93 38 est
308 1035 159 38 acceptus
427 1035 79 38 in
467 1035 199 38 definitione
612 1035 93 38 semi-

201 1074 167 40 circuli,
327 1074 70 40 &
354 1074 98 40 non
410 1074 209 40 econtrario.
578 1074 112 40 D.d.
647 1074 70 40 &
661 1074 42 40 s

203 1116 143 38 circulus
310 1116 167 38 diuiditur,
442 1116 84 38 &c.
489 1116 72 38 i.
525 1116 95 38 quod
585 1116 84 38 cum
633 1116 72 38 in
656 1116 60 38 hac

199 1157 205 44 diuersitate,
366 1157 103 44 quae
430 1157 141 44 apparet
532 1157 77 44 in
571 1157 115 44 istis
635 1157 64 44 par

197 1189 132 51 tibus,
289 1189 146 51 videmus
395 1189 119 51 totum
475 1189 172 51 vtriusque
594 1189 119 51 istorum

195 1225 165 55 duorum
311 1225 182 55 modorum
443 1225 165 55 diuidi
559 1225 99 55 in
592 1225 116 55 parte

202 1275 130 39 eodem
288 1275 130 39 modo:
375 1275 174 39 syllabae
505 1275 116 39 enim
563 1275 145 39 diuidunt

202 1305 169 41 inliteras,
335 1305 73 41 si
371 1305 85 41 cut
420 1305 133 41 circuli
516 1305 73 41 in
553 1305 133 41 partes.
637 1305 73 41 D.d.

209 1346 68 40 Et
243 1346 113 40 etiam,
322 1346 68 40 si
356 1346 91 40 pars
413 1346 79 40 est
458 1346 91 40 ante
515 1346 113 40 totum,
595 1346 79 40 &c.
640 1346 68 40 i.
674 1346 57 40 &

198 1384 165 42 sequitur
322 1384 83 42 ex
363 1384 96 42 hoc
418 1384 151 42 sermone
528 1384 124 42 etiam
611 1384 83 42 in
638 1384 69 42 hoc

198 1421 99 44 modo,
264 1421 132 44 scilicet
363 1421 66 44 in
396 1421 77 44 eo,
440 1421 88 44 quod
496 1421 77 44 est
540 1421 110 44 simile
606 1421 99 44 circulo

200 1461 97 47 quod
261 1461 97 47 pars
321 1461 158 47 praecedit
443 1461 121 47 totum,
528 1461 85 47 aut
576 1461 121 47 acutum
649 1461 61 47 sit

200 1501 84 53 ante
252 1501 115 53 rectum,
335 1501 52 53 &
356 1501 73 53 est
398 1501 146 53 econuerso,
513 1501 125 53 scilicet
607 1501 84 53 quod
648 1501 63 53 defi

192 1540 112 39 nitio
266 1540 112 39 recti
341 1540 162 39 accipitur
465 1540 75 39 in
503 1540 187 39 definitione
640 1540 62 39 act

197 1580 80 50 ti,
242 1580 57 50 &
265 1580 69 50 in
300 1580 172 50 definitione
438 1580 138 50 expansi.
541 1580 57 50 &
564 1580 149 50 similiter
667 1580 46 50 de

193 1620 140 38 finitio
295 1620 140 38 circuli
397 1620 165 38 praecedit
524 1620 140 38 partes,
626 1620 64 38 &
638 1620 64 38 de-

198 1654 158 60 finitio
312 1654 172 60 animalis
442 1654 187 60 praecedit
571 1654 129 60 digitum

214 1698 103 40 D.d.
279 1698 90 40 Sed
330 1698 207 40 existimatur,
498 1698 90 40 &c.
550 1698 78 40 i.
589 1698 90 40 sed
627 1698 78 40 exi-

194 1736 153 42 stimatur,
312 1736 94 42 quod
370 1736 117 42 rectus
453 1736 82 42 est
500 1736 94 42 ante
558 1736 129 42 acutum,
641 1736 70 42 quia

190 1776 185 42 definitur
332 1776 100 42 per
389 1776 157 42 rectum.
503 1776 71 42 &
518 1776 185 42 existimatur

199 1818 95 48 quod
259 1818 119 48 acutum
342 1818 83 48 est
390 1818 95 48 ante
450 1818 131 48 rectum,
545 1818 95 48 quia
605 1818 95 48 iste
652 1818 48 48 in

736 136 128 42 uenitur
830 136 93 42 sine
888 136 82 42 eo,
934 136 93 42 quod
993 136 163 42 inueniatur
1121 136 128 42 rectus.
1214 136 58 42 &

734 178 131 40 intendit
832 178 87 40 quod
887 178 131 40 secundum
985 178 87 40 quod
1039 178 87 40 sunt
1094 178 120 40 partes,
1170 178 76 40 inue-

734 217 147 52 niuntur
840 217 187 52 praecedere
987 217 80 52 in
1027 217 200 52 generatione
1174 217 67 52 to-

733 257 100 51 tum.
795 257 100 51 D.d.
857 257 87 51 Aut
907 257 149 51 dicamus,
1019 257 100 51 quod
1081 257 100 51 pars
1131 257 112 51 dicitur

728 300 142 39 multis
827 300 142 39 modis.
927 300 142 39 Quorum
1026 300 114 39 vnus
1097 300 99 39 est
1140 300 99 39 ille-

727 335 96 43 qui
782 335 179 43 numeratur
920 335 96 43 per
975 335 220 43 quantitatem.
1154 335 83 43 i.
1196 335 69 43 &

730 372 107 51 ista
797 372 161 51 quaestio
917 372 201 51 dissoluitur
1078 372 121 51 etiam
1145 372 94 51 dicen

736 412 91 50 do,
788 412 104 50 quod
853 412 130 50 partes
944 412 156 50 dicuntur
1061 412 130 50 duobus
1139 412 104 50 modis.

728 452 162 38 dicuntur
850 452 108 38 enim
918 452 81 38 de
958 452 162 38 partibus
1067 452 162 38 qualitatis

726 493 69 50 &
754 493 166 50 partibus
878 493 221 50 quantitatis.
1044 493 194 50 definitiones

731 532 123 44 igitur
817 532 135 44 partium
915 532 184 44 quantitatis
1062 532 98 44 sunt
1111 532 123 44 posterio

728 567 96 44 res
783 567 205 44 definitione
947 567 137 44 totius
1043 567 68 44 &
1071 567 123 44 toto:
1139 567 96 44 defin

730 613 129 37 tiones
820 613 103 37 vero
885 613 142 37 partium
988 613 180 37 qualitatis
1116 613 116 37 praece-

728 652 123 39 dunt
805 652 246 39 definitionem
1004 652 154 39 totius
1112 652 77 39 &
1127 652 108 39 totum

765 687 103 43 Sed
824 687 118 43 haec
898 687 148 43 quidem
987 687 251 43 praetermittatur

728 728 94 42 ex
775 728 157 42 quibus
886 728 126 42 vero
964 728 236 42 substantia,
1138 728 94 42 tan-

729 773 116 45 quam
801 773 87 45 ex
845 773 174 45 partibus
975 773 116 45 est:
1048 773 102 45 hoc
1091 773 145 45 consyde-

725 811 159 56 randum
836 811 127 56 est.
916 811 95 56 Si
963 811 159 56 igitur
1074 811 111 56 hoc
1122 811 127 56 quidem

716 855 175 48 materia
843 855 127 48 est:
923 855 111 48 hoc
986 855 127 48 vero
1065 855 159 48 forma,
1161 855 79 48 hoc

729 893 121 45 vero
805 893 91 45 ex
850 893 121 45 his:
926 893 76 45 &
956 893 212 45 substantia
1123 893 106 45 est
1168 893 76 45 ma-

722 941 164 45 teria,
836 941 82 45 &
869 941 164 45 forma,
983 941 82 45 &
1016 941 131 45 quod
1098 941 98 45 ex
1147 941 131 45 his:

723 988 190 41 quodam
856 988 152 41 modo
951 988 190 41 quidem
1065 988 171 41 materia

728 1024 130 50 etiam
814 1024 115 50 pars
886 1024 173 50 alicuius
1016 1024 173 50 dicitur,
1132 1024 115 50 quodam

720 1068 148 48 modo
812 1068 148 48 vero
904 1068 148 48 non.
978 1068 258 48 quandoquidem

726 1116 97 43 ex
774 1116 161 43 quibus
887 1116 145 43 ratio
983 1116 177 43 formae,
1112 1116 97 43 vt
1144 1116 97 43 puta

720 1150 273 52 concauitatis,
944 1150 112 52 non
1009 1150 112 52 est
1073 1150 128 52 pars
1137 1150 112 52 caro.

718 1191 120 43 haec
793 1191 120 43 enim
868 1191 180 43 materia,
1003 1191 90 43 in
1048 1191 105 43 qua
1108 1191 120 43 fit,
1168 1191 75 43 si-

727 1237 157 55 mitatis
841 1237 129 55 autem
927 1237 115 55 pars
999 1237 143 55 aliqua
1099 1237 115 55 est.
1170 1237 72 55 &
1185 1237 57 55 to

727 1277 118 45 tius
801 1277 147 45 quidem
904 1277 162 45 statuae
1021 1277 118 45 pars
1095 1277 118 45 aes:
1154 1277 88 45 eius

729 1318 124 52 autem
812 1318 110 52 quod
880 1318 82 52 vt
921 1318 124 52 forma
1004 1318 151 52 dicitur
1100 1318 137 52 statuae,

724 1365 195 37 minime.
866 1365 213 37 dicendum
1025 1365 142 37 enim
1096 1365 142 37 forma,

716 1404 88 51 &
752 1404 210 51 quatenus
909 1404 175 51 formam
1032 1404 175 51 habet,
1137 1404 105 51 vnum

720 1446 197 52 quodque:
867 1446 213 52 materiale
1031 1446 131 52 vero
1097 1446 147 52 nunquam

719 1489 173 42 secundum
848 1489 86 42 se
891 1489 187 42 dicendum.
1035 1489 130 42 Quare
1107 1489 144 42 circuli-

727 1533 153 38 quidem
834 1533 137 38 ratio
925 1533 107 38 non
986 1533 137 38 habet
1078 1533 122 38 eam,
1154 1533 122 38 quae

724 1572 174 50 sectionum
858 1572 121 50 ratio
938 1572 107 50 est:
1005 1572 94 50 sed
1058 1572 161 50 syllabae
1166 1572 80 50 eam,

726 1613 122 46 quae
802 1613 228 46 elementorum
984 1613 122 46 est.
1060 1613 122 46 quia
1121 1613 122 46 elemen

728 1654 92 52 ta
774 1654 185 52 rationis
912 1654 154 52 partes
1020 1654 123 52 sunt
1097 1654 169 52 formae,
1205 1654 46 52 &

728 1695 108 43 non
789 1695 185 43 materia:
928 1695 200 43 sectiones
1082 1695 123 43 vero
1143 1695 108 43 horum

728 1740 100 38 sic
785 1740 143 38 partes
885 1740 157 38 tanquam
999 1740 171 38 materia,
1128 1740 86 38 in
1156 1740 86 38 qui-

725 1781 127 42 bus
797 1781 254 42 adueniunt:
979 1781 272 42 propinquiores

730 1820 114 46 tamen
806 1820 101 46 ipsi
870 1820 139 46 formae,
971 1820 101 46 quam
1035 1820 101 46 aes,
1098 1820 89 46 cum
1149 1820 76 46 in
1174 1820 76 46 aere
