1475 2066
201 149 146 54 Deinde
304 149 88 54 d.
347 149 102 54 Sed
406 149 131 54 prius
493 149 219 54 reuertamur,
654 149 73 54 &c.

214 190 96 45 hoc
269 190 96 45 est
324 190 193 45 principium
476 190 261 45 perscrutationis
682 190 55 45 de

213 229 188 53 solutione
357 229 231 53 quaestionis,
545 229 116 53 quam
603 229 130 53 nititur

218 269 147 46 soluere,
328 269 61 46 &
353 269 74 46 d.
389 269 98 46 ista
451 269 98 46 enim
512 269 98 46 sunt
574 269 110 46 ante,
647 269 86 46 &c.
684 269 49 46 i.

212 312 110 42 ista
281 312 110 42 enim
350 312 110 42 sunt
419 312 110 42 ante
488 312 234 42 definitionem,
667 312 69 42 aut

219 356 135 47 omnia,
313 356 94 47 aut
367 356 162 47 quaedam.
488 356 162 47 quoniam,
610 356 81 47 si
637 356 94 47 omnia

213 386 165 40 fuerint
333 386 150 40 partes
438 386 165 40 formae,
557 386 135 40 omnia
632 386 105 40 erunt

219 424 121 50 ante.
299 424 67 50 &
326 424 80 50 si
366 424 147 50 quaedam
473 424 147 50 fuerint
581 424 134 50 partes
661 424 67 50 for

210 465 126 52 mae,
289 465 79 52 &
321 465 174 52 quaedam
447 465 205 52 materiae,
589 465 142 52 quaedam

218 509 119 46 erunt
297 509 132 46 priora
390 509 106 46 tota
456 509 211 46 definitione,
627 509 66 46 &
641 509 92 46 quae-

211 541 143 39 non.
301 541 179 39 Deinde
426 541 108 39 d.
480 541 233 39 Definitio
641 541 90 39 au-

214 580 100 53 tem
271 580 143 53 recti,
371 580 100 53 &c.
428 580 86 53 i.
471 580 71 53 &
499 580 186 53 definitio
628 580 100 53 angul

217 621 119 38 acuti
296 621 93 38 non
349 621 93 38 est
402 621 106 38 pars
468 621 212 38 definitionis
627 621 106 38 recti,

217 656 74 54 sed
260 656 138 54 econuerso
366 656 128 54 scilicet
462 656 85 54 quod
515 656 138 54 definitio
622 656 96 54 recti
675 656 53 54 est

217 697 107 49 pars
283 697 134 49 acuti.
377 697 67 49 &
404 697 174 49 similiter
537 697 93 49 est
590 697 80 49 de
617 697 107 49 defini

216 745 127 34 tione
300 745 141 34 partis
399 745 155 34 circuli
511 745 98 34 cum
567 745 169 34 circulo,
680 745 56 34 vt

217 773 90 45 de
262 773 150 45 homine
367 773 105 45 cum
427 773 105 45 sua
486 773 150 45 parte,
591 773 120 45 v.g.
651 773 75 45 cum

213 811 166 55 digito.
333 811 120 55 homo
409 811 120 55 enim
484 811 196 55 accipitur
635 811 90 55 in
665 811 60 55 de

211 858 178 43 finitione
348 858 150 43 partis,
457 858 68 43 &
485 858 96 43 non
540 858 109 43 pars
608 858 82 43 in
635 858 96 43 defi-

219 892 153 38 nitione
330 892 167 38 hominis.
455 892 83 38 Et
497 892 125 38 istae
566 892 167 38 definitio-

218 932 112 38 nes,
288 932 84 38 in
330 932 140 38 quibus
428 932 126 38 totum
513 932 182 38 accipitur
653 932 84 38 in
681 932 56 38 de

222 967 166 54 finitione
350 967 141 54 partis,
453 967 102 54 sunt
516 967 77 54 de
555 967 141 54 genere.
644 967 90 54 defi-

214 1009 197 52 nitionum,
366 1009 91 52 in
411 1009 152 52 quibus
518 1009 167 52 apparet
624 1009 91 52 mate

218 1053 110 37 ria,
287 1053 96 37 non
342 1053 83 37 de
383 1053 110 37 eis,
452 1053 83 37 in
493 1053 138 37 quibus
590 1053 96 37 non
631 1053 96 37 appa-

216 1093 98 38 ret
272 1093 112 38 nisi
342 1093 112 38 pars
412 1093 154 38 formae.
523 1093 140 38 Deinde
621 1093 84 38 d.
663 1093 70 38 &
677 1093 56 38 om

217 1124 103 46 nes,
281 1124 103 46 quae
345 1124 103 46 sunt
409 1124 218 46 definitionis,
589 1124 90 46 &c.
640 1124 77 46 i.
679 1124 77 46 i&

219 1165 95 50 cum
274 1165 95 50 sit
328 1165 204 50 declaratum,
492 1165 109 50 quod
546 1165 191 50 definitionum

215 1202 165 44 quaedam
335 1202 120 44 est,
410 1202 90 44 in
455 1202 105 44 qua
515 1202 165 44 apparet
620 1202 105 44 mate-

214 1247 116 47 ria,
286 1247 72 47 &
315 1247 159 47 quaedam
430 1247 116 47 non:
502 1247 116 47 ergo
575 1247 144 47 partes
661 1247 58 47 de

220 1279 207 44 finitionum,
386 1279 69 44 &
413 1279 138 44 partes
510 1279 110 44 rei,
579 1279 110 44 quam
634 1279 97 44 signi

220 1325 119 47 cant,
299 1325 106 47 sunt
366 1325 133 47 partes
459 1325 173 47 definiti,
591 1325 93 47 aut
631 1325 93 47 omnes

222 1358 133 44 scilicet
322 1358 66 44 in
355 1358 210 44 definitionibus,
532 1358 66 44 in
565 1358 111 44 quibus
643 1358 77 44 non
676 1358 44 44 af

217 1398 115 48 pareat
298 1398 138 48 materia:
402 1398 81 48 aut
448 1398 138 48 quaedam.
552 1398 138 48 scilicet
656 1398 69 48 in
679 1398 46 48 de

211 1436 243 46 finitionibus,
411 1436 86 46 in
454 1436 143 46 quibus
554 1436 157 46 apparet
654 1436 72 46 ma-

214 1477 136 37 teria.
310 1477 96 37 Et,
364 1477 96 37 cum
419 1477 136 37 voluit
515 1477 177 37 declarare
637 1477 96 37 quae-

214 1513 109 41 sunt
282 1513 122 41 illa,
364 1513 82 41 in
405 1513 136 41 quibus
500 1513 95 41 non
554 1513 150 41 apparet
649 1513 82 41 nisi

219 1553 134 49 forma,
312 1553 67 49 &
339 1553 134 49 partes
433 1553 121 49 eius,
514 1553 67 49 &
540 1553 107 49 quae
607 1553 107 49 sunt
661 1553 67 49 il-

215 1592 95 42 la,
270 1592 82 42 in
311 1592 136 42 quibus
406 1592 150 42 apparet
514 1592 177 42 vtrunque,
637 1592 95 42 dedit

217 1633 178 41 exemplum
350 1633 89 41 de
395 1633 178 41 animali,
528 1633 74 41 &
557 1633 89 41 d.
602 1633 89 41 Et
631 1633 104 41 etiam

210 1666 134 40 anima
300 1666 194 40 animalis,
449 1666 105 40 &c.
509 1666 90 40 i.
554 1666 75 40 &
584 1666 134 40 anima
658 1666 75 40 est

215 1709 168 46 existens
341 1709 196 46 substantia
494 1709 84 46 in
536 1709 168 46 corpore,
648 1709 84 46 quod

212 1746 93 48 est
265 1746 172 48 recipiens
397 1746 146 48 animam,
504 1746 66 48 &
530 1746 106 48 sunt
596 1746 119 48 illa,
663 1746 66 48 quo

210 1789 113 49 rum
274 1789 242 49 congregatum
468 1789 178 49 dicitur
582 1789 145 49 animals

212 1822 72 44 &
240 1822 230 44 definitiones
427 1822 144 44 omnes,
528 1822 115 44 quae
600 1822 115 44 sunt
657 1822 72 44 par

758 148 94 53 tes
811 148 148 53 formae,
919 148 108 53 sunt
986 148 134 53 partes
1080 148 121 53 talis
1148 148 134 53 substan-

759 192 99 43 tiae.
825 192 132 43 scilicet
924 192 110 43 animae
1001 192 55 43 &
1022 192 132 43 similis.
1121 192 66 43 Et
1143 192 121 43 intendit,

751 232 104 42 quod
816 232 169 42 definitio
946 232 143 42 animae,
1051 232 104 42 quae
1116 232 91 42 dat
1155 232 117 42 quidita

751 269 107 45 tem
812 269 138 45 eius,
904 269 169 45 videtur
1027 269 123 45 esse
1103 269 138 45 ipsum
1180 269 92 45 suum

753 311 112 47 esse:
827 311 62 47 &
852 311 100 47 quod
914 311 75 47 in
952 311 187 47 definitione
1101 311 100 47 eius
1163 311 87 47 non
1201 311 62 47 ap-

760 349 123 46 paret
842 349 151 46 materia
952 349 151 46 omnino.
1062 349 110 46 illa
1130 349 137 46 autem,
1212 349 55 46 in

747 397 157 30 quorum
857 397 235 30 definitione
1045 397 173 30 apparet
1155 397 110 30 mate-

745 425 110 41 ria,
814 425 110 41 sunt
883 425 124 41 illa,
965 425 82 41 in
1006 425 137 41 quorum
1089 425 178 41 definitione

742 470 150 44 apparet
851 470 136 44 aliud,
947 470 68 44 &
974 470 177 44 definitio
1110 470 150 44 dicitur
1206 470 54 44 in

751 502 116 44 illis
829 502 233 44 principaliter,
1022 502 65 44 &
1048 502 78 44 in
1087 502 116 44 istis
1152 502 116 44 secunda

746 539 114 40 rio,
817 539 85 40 vt
859 539 199 40 declaratum
1016 539 114 40 est.
1086 539 142 40 Deinde
1186 539 85 40 d.
1228 539 71 40 &

755 588 190 45 vnaquaeque
905 588 163 45 partium,
1027 588 95 45 &c.
1082 588 82 45 i.
1122 588 68 45 &
1150 588 150 45 vnaquae

747 628 104 43 que
807 628 164 43 partium
926 628 253 43 definitionum,
1134 628 119 43 siue
1194 628 74 43 fue

745 660 99 44 rit
802 660 85 44 de
844 660 270 44 definitionibus,
1071 660 85 44 in
1114 660 142 44 quibus
1199 660 57 44 ap

755 696 119 50 paret
834 696 119 50 aliud
913 696 66 50 a
939 696 171 50 definito,
1071 696 92 50 aut
1124 696 79 50 de
1163 696 105 50 eis,
1229 696 79 50 in

747 737 146 41 quibus
850 737 102 41 non
908 737 161 41 apparet
1025 737 117 41 nisi
1084 737 175 41 definitum,

749 774 87 44 non
798 774 162 44 definitur
923 774 100 44 nisi
985 774 75 44 eo
1022 774 100 44 quod
1085 774 75 44 in
1122 774 100 44 eius
1172 774 87 44 defi-

747 812 158 54 nitione
862 812 173 54 appareat
991 812 144 54 geneus
1092 812 72 54 &
1107 812 158 54 differen-

749 852 106 46 tia.
815 852 79 46 Et
855 852 185 46 intendebat
1000 852 185 46 notificare
1146 852 93 46 per
1186 852 79 46 hoc,

756 888 110 54 quod
825 888 96 54 hoc
880 888 165 54 sequitur
1004 888 83 54 in
1045 888 151 54 omnibus
1141 888 124 54 defini-

746 935 192 44 tionibus,
894 935 74 44 &
923 935 89 44 in
968 935 133 44 rebus
1056 935 207 44 habentibus
1204 935 59 44 de

745 969 230 41 finitiones.
928 969 153 41 Deinde
1035 969 92 41 d.
1081 969 122 41 ergo
1143 969 122 41 partes

751 1006 110 51 eius
820 1006 110 51 sunt
889 1006 124 51 ante,
971 1006 96 51 aut
1026 1006 137 51 omnes,
1122 1006 96 51 aut
1164 1006 82 51 quae

748 1048 133 42 am&c.
837 1048 89 42 i.
881 1048 74 42 &
911 1048 104 42 cum
970 1048 104 42 hoc
1029 1048 104 42 sit
1074 1048 177 42 declaratum

750 1084 139 50 partes
847 1084 195 50 cuiuslibet
1001 1084 223 50 definitionis
1168 1084 97 50 sunt,

743 1124 109 50 ante
811 1124 190 50 definitum,
961 1124 122 50 magis
1042 1124 95 50 qua
1096 1124 109 50 sint
1150 1124 109 50 partes

749 1165 154 48 definiti,
868 1165 95 48 quae
927 1165 95 48 sunt
987 1165 143 48 secundum
1082 1165 166 48 qumantitatem

750 1205 106 45 ante
816 1205 133 45 totum:
909 1205 93 45 aut
962 1205 133 45 omnes,
1056 1205 80 45 si
1095 1205 80 45 in
1122 1205 133 45 partibus

750 1240 229 44 definitionis
935 1240 100 44 non
993 1240 171 44 appareat
1121 1240 171 44 materia:

742 1278 103 44 aut
801 1278 177 44 quaedam,
934 1278 89 44 si
978 1278 192 44 appareat.
1126 1278 89 44 Et
1156 1278 103 44 dixit

751 1316 104 46 hoc:
816 1316 104 46 quia
881 1316 156 46 quaestio
998 1316 169 46 praedicta
1129 1316 117 46 fuit,
1194 1316 65 46 qua

741 1357 89 51 re
786 1357 148 51 partes
889 1357 103 51 non
948 1357 221 51 inueniuntur
1125 1357 89 51 in
1155 1357 103 51 defi-

748 1396 130 50 nitione
843 1396 118 50 totius
925 1396 141 50 scilicet
1031 1396 94 50 quae
1090 1396 94 50 sunt
1137 1396 118 50 secundum

747 1444 242 35 quantitatem,
943 1444 76 35 &
974 1444 136 35 totum
1064 1444 197 35 inuenitur
1201 1444 60 35 in

751 1477 196 37 definitione
908 1477 157 37 partium.
1026 1477 65 37 &
1052 1477 131 37 dixit:
1143 1477 105 37 quia
1196 1477 65 37 par

749 1517 91 47 tes
801 1517 207 47 definitionis
969 1517 181 47 praecedunt
1112 1517 129 47 instas
1189 1517 65 47 par

745 1558 74 36 tes
788 1558 127 36 scilicet
883 1558 85 36 quae
936 1558 85 36 sunt
988 1558 127 36 secundum
1083 1558 169 36 quantitatem:
1210 1558 53 36 aut

749 1590 127 50 omnes,
838 1590 76 50 si
876 1590 127 50 partes
965 1590 203 50 definitionis
1131 1590 102 50 sunt
1182 1590 76 50 for-

745 1637 144 42 males:
845 1637 101 42 aut
903 1637 172 42 quaedam,
1032 1637 86 42 si
1075 1637 158 42 quaedam
1176 1637 86 42 sunt

740 1669 193 45 formales,
889 1669 74 45 &
918 1669 163 45 quaedam
1037 1669 223 45 materiales.
1201 1669 59 45 Et

750 1706 168 54 intendebat,
885 1706 124 54 quoniam
974 1706 67 54 si
1008 1706 112 54 illud,
1087 1706 90 54 quod
1143 1706 79 54 est
1176 1706 79 54 prius

748 1748 121 44 debet
828 1748 135 44 accipi
923 1748 81 44 in
963 1748 202 44 definitione
1124 1748 121 44 rerum
1192 1748 67 44 po-

745 1785 161 45 steriorum,
871 1785 92 45 tunc
928 1785 103 45 recte
997 1785 149 45 accipitur
1112 1785 126 45 rectus,
1193 1785 57 45 qui

746 1822 90 53 est
797 1822 128 53 totum,
887 1822 77 53 in
926 1822 192 53 definitione
1080 1822 141 53 partis,
1182 1822 64 53 &
1195 1822 64 53 non
