1475 2066
219 151 96 48 in
267 151 160 48 quarum
379 151 240 48 definitione
571 151 176 48 apparet
683 151 64 48 ma

224 189 140 41 teria.
322 189 70 41 &
350 189 140 41 innuit
448 189 98 41 per
503 189 112 41 hoc,
573 189 112 41 quod
629 189 112 41 dixit,

231 223 115 43 sicut
308 223 128 43 dictum
398 223 103 43 est,
462 223 128 43 illud,
552 223 103 43 quod
603 223 141 43 praedixit

235 263 86 43 in
278 263 186 43 praedicto
421 263 114 43 cap.
492 263 129 43 Omnes
578 263 143 43 igitur
664 263 71 43 par

234 296 88 57 tes
285 296 213 57 definitionum,
460 296 100 57 quae
523 296 100 57 sunt
573 296 176 57 substantiae,

235 338 114 49 quae
306 338 142 49 habent
406 338 228 49 definitionm,
590 338 100 49 aut
633 338 114 49 omnes,

233 388 91 30 aut
285 388 155 30 quaedam,
401 388 78 30 i,
440 388 91 30 aut
492 388 104 30 vere
557 388 155 30 dicentur
660 388 78 30 sim-

231 415 157 50 pliciter
348 415 78 50 de
388 415 170 50 definito,
518 415 65 50 &
544 415 104 50 sunt
596 415 144 50 definitio

234 455 99 43 nes
290 455 255 43 substantiales:
503 455 99 43 aut
559 455 156 43 quaedam
658 455 85 43 vere

230 495 280 48 praedicabuntur,
466 495 74 48 &
496 495 162 48 quaedam
613 495 118 48 non,
672 495 74 48 i.-

234 541 112 35 quod
304 541 112 35 vere
373 541 223 35 praedicantur
555 541 139 35 quodam
652 541 112 35 modo

231 573 75 38 &
261 573 119 38 alio
335 573 119 38 modo
410 573 119 38 non.
485 573 75 38 &
514 573 104 38 hoc
559 573 179 38 manifestit

234 607 96 43 est
289 607 82 43 in
330 607 205 43 expositione
494 607 109 43 loci
549 607 191 43 praecedentis

239 668 97 56 Quae
299 668 85 56 nam
348 668 133 56 formae,
445 668 133 56 quaeuem
542 668 158 56 compositi
651 668 97 56 partes

270 708 102 54 sint
334 708 77 54 in
372 708 102 54 ipsa
436 708 204 54 definitione.
602 708 102 54 Cap.
653 708 51 54 22

350 765 159 45 Erito
457 765 159 45 autem
545 765 195 45 dubitatur

357 807 167 50 etiam
468 807 204 50 quaenam
597 807 148 50 formae

259 838 98 60 VA
308 838 130 60 sint
389 838 179 60 partes,
520 838 130 60 quae
601 838 130 60 vero
666 838 82 60 non

229 893 106 54 sed
289 893 136 54 eius:
380 893 121 54 quod
456 893 136 54 simul
547 893 182 54 sumitur,
668 893 76 54 cum

227 935 83 45 &
261 935 116 45 hoc
327 935 116 45 non
393 935 216 45 existente
543 935 199 45 manifesto,

227 974 126 44 non
299 974 126 44 sit
371 974 216 44 definire
515 974 234 44 vnumquodque

236 1020 239 38 Vniuersalis
427 1020 159 38 etenim
539 1020 80 38 &
571 1020 159 38 formae
666 1020 80 38 de-

236 1061 152 53 finitio
346 1061 110 53 est.
415 1061 110 53 quae
484 1061 96 53 est
539 1061 138 53 igitur
622 1061 124 53 partium

237 1101 95 53 vt
285 1101 175 53 materia
412 1101 143 53 sunt,
507 1101 79 53 &
539 1101 127 53 quae
618 1101 127 53 non,
682 1101 63 53 si

237 1142 94 44 non
290 1142 107 44 sint
357 1142 201 44 manifestae,
518 1142 94 44 nec
572 1142 121 44 ratio
652 1142 94 44 rei
692 1142 54 44 ma

232 1189 150 56 nifesta
342 1189 123 56 erit.
424 1189 191 56 Quaecunque
574 1189 137 56 igitur
656 1189 96 56 appa-

235 1237 124 45 rent
312 1237 232 45 aduenientia
498 1237 93 45 in
544 1237 186 45 diuersis
668 1237 77 45 spe

229 1273 119 49 cie,
304 1273 89 49 vt
348 1273 179 49 circulus
482 1273 89 49 in
527 1273 134 49 aere,
616 1273 149 49 ligno,
705 1273 45 49 &

217 1314 193 41 lapide,
358 1314 140 41 haec
446 1314 176 41 quidem
551 1314 193 41 manifesta

235 1356 111 45 esse
304 1356 166 45 Videntur
429 1356 152 45 quoniam
540 1356 125 45 nihil
609 1356 138 45 substan-

238 1404 107 46 tiae
304 1404 200 46 circuliaes,
465 1404 120 46 neque
545 1404 120 46 lapis
625 1404 107 46 est:
678 1404 67 46 pro

236 1439 138 51 pterea
333 1439 110 51 quod
401 1439 83 51 ab
443 1439 96 51 eis
498 1439 193 51 separetur.
649 1439 124 51 Quae¬

236 1485 127 45 vero
315 1485 111 45 non
379 1485 190 45 videntur
521 1485 206 45 separari,
664 1485 79 45 ni-

232 1525 105 49 hil
292 1525 149 49 quidem
396 1525 179 49 prohibet
531 1525 194 49 similiter
665 1525 90 49 his,

234 1564 105 46 se
287 1564 193 46 habere,
428 1564 264 46 quemadmodum
639 1564 105 46 si
674 1564 70 46 ci

228 1608 126 42 culi
307 1608 141 42 omnes
401 1608 220 42 viderentur
573 1608 157 42 aenei.
668 1608 78 42 ni-

229 1648 98 42 hil
285 1648 112 42 enim
355 1648 126 42 minus
439 1648 98 42 aes
495 1648 126 42 esset
579 1648 140 42 ipsius
663 1648 84 42 for-

228 1692 124 38 mae.
306 1692 202 38 difficile
461 1692 140 38 tamen
555 1692 109 38 est
617 1692 109 38 hoc
663 1692 78 38 men

238 1732 80 46 te
278 1732 160 46 auferre:
398 1732 80 46 vt
438 1732 107 46 puta
505 1732 120 46 forma
585 1732 147 46 hominis
678 1732 67 46 sem

227 1771 114 50 per
292 1771 98 50 in
341 1771 195 50 carnibus
487 1771 81 50 &
520 1771 195 50 ossibus,
667 1771 81 50 &
683 1771 65 50 ta

229 1816 155 42 libus
332 1816 207 42 partibus
487 1816 207 42 apparet.
625 1816 121 42 Vtrum

765 149 134 45 igitur
858 149 107 45 sint
925 149 120 45 etiam
1005 149 107 45 haec
1072 149 134 45 partes
1165 149 134 45 formae
1259 149 67 45 &
1272 149 40 45 E

762 191 181 43 rationis*
901 191 84 43 An
943 191 111 43 non,
1013 191 97 43 sed
1068 191 167 43 materia.
1180 191 97 43 verum

765 233 135 49 quoniam
863 233 86 49 non
912 233 159 49 adueniunt
1034 233 110 49 etiam
1108 233 73 49 in
1144 233 122 49 aliis,
1218 233 61 49 non

756 284 210 38 possumus
914 284 228 38 separare.
1089 284 123 38 Cum
1159 284 158 38 autem

755 317 116 53 hoc
822 317 199 53 videatur
971 317 166 53 quidem
1070 317 199 53 contingere

761 357 146 44 quando
864 357 131 44 vero,
951 357 102 44 non
1010 357 102 44 est
1053 357 190 44 manifestum,

780 412 87 63 Et
823 412 145 63 rectum
924 412 116 63 est,
997 412 87 63 vt
1040 412 159 63 quaerat
1142 412 130 63 aliqui-

758 459 116 65 quae
831 459 116 65 sunt
904 459 145 65 partes
1005 459 160 65 formae,
1121 459 73 65 &
1150 459 116 65 quae
1208 459 73 65 non

752 508 131 67 sunt
833 508 164 67 partes
948 508 147 67 eius,
1046 508 114 67 sed
1095 508 180 67 congrega-

759 557 99 62 ti.
816 557 170 62 quoniam,
943 557 85 62 si
986 557 99 62 hoc
1042 557 99 62 non
1099 557 142 62 fuerit
1184 557 99 62 mani-

759 605 169 62 festum,
881 605 230 62 impossibile
1065 605 123 62 erit
1127 605 153 62 definire

769 653 217 61 quodcunque.
942 653 188 61 Definitio
1086 653 116 61 enim
1158 653 101 61 est
1202 653 72 61 vni

760 701 192 62 uersalis,
908 701 74 62 &
937 701 162 62 formae.
1056 701 118 62 quae
1129 701 148 62 igitur
1218 701 59 62 ma

763 751 144 64 teria
859 751 112 64 est
923 751 192 64 partium,
1067 751 80 64 &
1099 751 128 64 quae
1163 751 112 64 etiam

764 797 98 61 cum
820 797 154 61 fuerit,
932 797 98 61 non
988 797 112 61 erit
1059 797 112 61 res,
1129 797 70 61 &
1157 797 98 61 sic
1213 797 98 61 non

764 845 111 66 erit
834 845 195 66 definitio,
987 845 111 66 quae
1056 845 97 66 est
1112 845 97 66 rei
1154 845 125 66 manife-

762 893 104 62 sta
822 893 149 62 etiam.
926 893 134 62 omnia
1016 893 164 62 igitur,
1135 893 119 62 quae
1194 893 75 62 vi-

760 941 149 65 dentur
865 941 120 65 esse
939 941 105 65 per
999 941 149 65 formam
1104 941 90 65 in
1149 941 134 65 alio,
1223 941 60 65 vt

762 988 181 65 circulus
898 988 91 65 in
943 988 151 65 cupro,
1049 988 75 65 &
1079 988 151 65 ligno,
1184 988 75 65 &
1200 988 75 65 la-

763 1037 125 61 pide,
846 1037 111 61 ista
916 1037 222 61 existimantur
1096 1037 125 61 esse.
1165 1037 111 61 cuprim

765 1084 124 62 enim
842 1084 108 62 non
904 1084 108 62 est
966 1084 170 62 aliquid
1089 1084 93 62 de
1120 1084 155 62 substan-

759 1132 99 63 tia
815 1132 169 63 circuli,
942 1132 127 63 neque
1027 1132 141 63 lapis,
1126 1132 113 63 quia
1182 1132 99 63 sepa-

757 1183 130 59 ratur
843 1183 87 59 ab
887 1183 116 59 eis.
959 1183 130 59 Omnia
1046 1183 130 59 vero,
1133 1183 116 59 quae
1206 1183 101 59 non

770 1228 178 63 videntur
904 1228 193 63 separari,
1052 1228 134 63 nihil
1127 1228 148 63 prohibet

769 1276 96 67 vt
817 1276 128 67 sint
897 1276 144 67 sicut
993 1276 144 67 ista,
1073 1276 208 67 quemadmodum

763 1330 127 57 omnis
848 1330 170 57 circulus
975 1330 85 57 si
1017 1330 156 57 videtur
1131 1330 170 57 cupreus.

761 1376 168 59 quoniam
883 1376 92 59 si
929 1376 107 59 ita
990 1376 153 59 esset,
1097 1376 153 59 cuprum
1204 1376 107 59 non

770 1421 120 68 esset
850 1421 107 68 sine
917 1421 120 68 forma
997 1421 147 68 omnino.
1104 1421 94 68 sed
1144 1421 134 68 diffici-

770 1472 80 50 le
810 1472 93 50 est
863 1472 80 50 vt
903 1472 93 50 hoc
957 1472 93 50 sit
1010 1472 187 50 separabile
1157 1472 80 50 in
1184 1472 93 50 intel

766 1524 148 58 lectu,
870 1524 89 58 vt
914 1524 133 58 forma
1002 1524 177 58 hominis,
1135 1524 118 58 quae
1194 1524 89 58 sem-

762 1572 110 55 per
825 1572 188 55 videtur,
966 1572 78 55 &
998 1572 94 55 in
1045 1572 204 55 carnibus,
1202 1572 78 55 &
1217 1572 63 55 ol

758 1617 142 56 sibus,
857 1617 71 56 &
885 1617 71 56 i
914 1617 170 56 partibus
1041 1617 184 56 similibus
1169 1617 113 56 istis.

763 1676 140 54 Vtrum
857 1676 156 54 igitur
966 1676 140 54 etiam
1060 1676 125 54 ista
1138 1676 125 54 sint
1200 1676 78 54 par

762 1717 101 63 tes
819 1717 145 63 formae
921 1717 72 63 &
949 1717 246 63 definitionis,
1152 1717 101 63 aut
1210 1717 101 63 non

757 1764 103 62 sed
816 1764 118 62 sunt
890 1764 177 62 materia.
1023 1764 118 62 sed,
1097 1764 118 62 quia
1171 1764 103 62 non
1215 1764 74 62 se-

764 1811 178 63 parantur
898 1811 89 63 in
942 1811 133 63 alio,
1031 1811 133 63 etiam
1120 1811 104 63 non
1164 1811 119 63 possu
