1475 2066
173 138 105 64 mus
233 138 210 64 tognoscere
398 138 105 64 ea.
457 138 105 64 hoc
517 138 120 64 enim
577 138 120 64 exist.

183 186 131 65 matur
271 186 116 65 esse
343 186 204 65 possibile,
503 186 102 65 sed
562 186 102 65 non
605 186 102 65 mani-

181 237 177 61 festatur
314 237 88 61 in
358 237 103 61 hac
402 237 103 61 hora.

209 295 91 42 Cum
261 295 182 42 declarauit
404 295 104 42 quae
469 295 104 42 sunt
534 295 143 42 oartes,
625 295 78 42 quae

185 327 102 51 rum
244 327 234 51 definittones
434 327 205 51 praecedunt
580 327 117 51 defin-

180 381 145 46 tionem
281 381 160 46 totius,
397 381 73 46 &
426 381 116 46 quae
499 381 145 46 quarum
586 381 102 46 prae-

188 421 131 37 cedunt
280 421 170 37 definitum
411 421 144 37 tantum,
516 421 92 37 non
555 421 144 37 definitio

183 461 99 45 nem
239 461 155 45 totius,
352 461 71 45 &
380 461 113 45 quae
451 461 141 45 partes
550 461 127 45 sunt,
620 461 85 45 quas

188 493 112 52 totum
262 493 174 52 praecedit,
399 493 62 52 &
424 493 99 52 sunt
486 493 124 52 illae,
573 493 99 52 quae
622 493 75 52 sunt

183 535 154 41 secundum
299 535 205 41 quantitatem,
465 535 103 41 vult
529 535 103 41 modo
593 535 128 41 inqui¬

190 572 109 49 rere
259 572 109 49 quae
327 572 109 49 sunt
395 572 137 49 partes
491 572 150 49 formae,
600 572 68 49 &
614 572 82 49 for-

191 613 95 38 ma,
246 613 108 38 quae
313 613 95 38 est
368 613 163 38 materia,
490 613 68 38 &
517 613 136 38 dixit:
612 613 81 38 Et
639 613 54 38 re

193 649 101 41 ctum
257 649 101 41 est,
320 649 88 41 &c.
370 649 76 41 i.
408 649 63 41 &
433 649 126 41 rectum
522 649 101 41 est,
585 649 76 41 vt
610 649 76 41 ali-

183 689 110 53 quis
252 689 152 53 quaerat
362 689 110 53 quae
431 689 110 53 sunt
500 689 138 53 partes
583 689 110 53 formae

183 730 68 49 &
211 730 109 49 quae
279 730 96 49 non
334 730 109 49 sunt
402 730 137 49 partes
498 730 123 49 eius.
580 730 68 49 &
593 730 96 49 inten

190 766 97 53 dit
246 766 97 53 per
301 766 97 53 hoc
356 766 139 53 partes
453 766 208 53 materiales.
620 766 69 53 &
634 766 69 53 cum

188 807 102 50 hoc
247 807 102 50 non
305 807 145 50 fuerit
406 807 189 50 cognitum,
552 807 116 50 tunc
610 807 87 50 defi

194 844 144 52 nitiones
302 844 84 52 non
350 844 108 52 erunt
422 844 156 52 cognitae.
542 844 144 52 quoniam,
638 844 60 52 cum

191 882 143 50 partes,
295 882 104 50 quae
360 882 104 50 sunt
425 882 143 50 formae,
530 882 91 50 non
569 882 130 50 fuerint-

191 924 194 38 distinctae
343 924 111 38 apud
413 924 97 38 nos
468 924 69 38 a
496 924 180 38 partibus,
620 924 83 38 quae

181 965 123 52 sunt
257 965 230 52 congregatae
442 965 92 52 ex
488 965 138 52 forma
580 965 77 52 &
595 965 92 52 mate

183 999 108 43 ria,
251 999 68 43 &
278 999 108 43 tunc
346 999 216 43 definitiones
521 999 162 43 latebunt
629 999 68 43 nos

188 1045 71 45 &
216 1045 99 45 non
273 1045 184 45 poterimus
415 1045 170 45 definire
542 1045 128 45 illud
613 1045 85 45 apud

195 1076 109 54 nos:
263 1076 109 54 quod
332 1076 95 54 est
386 1076 123 54 tale,
468 1076 123 54 donec
536 1076 163 54 distinguan

190 1116 100 52 tur
247 1116 143 52 partes
347 1116 114 52 eius
418 1116 171 52 formales
546 1116 71 52 a
560 1116 143 52 partibus

193 1157 197 53 congregati
348 1157 84 53 ex
390 1157 169 53 materia.
516 1157 84 53 D.
558 1157 127 53 dedit
629 1157 70 53 cau

191 1193 81 42 sam
238 1193 69 42 in
272 1193 92 42 hoc,
330 1193 138 42 scilicet
434 1193 92 42 quod
491 1193 81 42 qui
538 1193 115 42 nescit
607 1193 92 42 formam

194 1237 71 38 &
222 1237 113 38 suas
293 1237 156 38 partes,
406 1237 99 38 non
463 1237 156 38 poterit
562 1237 141 38 definire

192 1274 160 51 aliquid,
312 1274 67 51 &
339 1274 134 51 dixit:
432 1274 187 51 *Definitio
579 1274 107 51 enim
632 1274 67 51 est

199 1309 211 45 yniuersalis,
370 1309 66 45 &
396 1309 145 45 formae,
502 1309 92 45 &c.
554 1309 79 45 i.
594 1309 66 45 &
607 1309 92 45 causa

190 1351 70 52 in
225 1351 81 52 hoc
272 1351 93 52 est,
330 1351 128 52 quoniam
423 1351 151 52 definitio
539 1351 81 52 est
574 1351 116 52 intentio

195 1397 102 38 nis
253 1397 218 38 vniuersalis
427 1397 73 38 &
456 1397 145 38 formae
543 1397 160 38 vniuersa-

188 1428 111 56 lis,
257 1428 69 56 &
285 1428 152 56 proprie
396 1428 97 56 non
451 1428 194 56 congregati
603 1428 83 56 ex
631 1428 69 56 for

189 1467 89 42 ma
234 1467 74 42 &
263 1467 177 42 materia:
396 1467 89 42 vt
440 1467 207 42 declaratum
603 1467 103 42 est
647 1467 59 42 in

189 1508 241 44 Posterioribus
387 1508 213 44 analyticis.
557 1508 142 44 Deinde
642 1508 57 44 di

190 1548 115 46 quae
262 1548 144 46 igitur
362 1548 158 46 materia
478 1548 101 46 est
535 1548 173 46 partium,
665 1548 72 46 &

193 1588 155 46 caetera.
310 1588 78 46 i.
348 1588 65 46 &
374 1588 194 46 declarandum
530 1588 91 46 est
581 1588 104 46 quae
633 1588 65 46 est

188 1636 196 44 materia,
334 1636 179 44 propter
465 1636 130 44 quam
530 1636 163 44 inuenium

195 1668 101 51 tur
252 1668 145 51 partes
354 1668 87 51 in
397 1668 203 51 congregato
556 1668 87 51 ex
600 1668 116 51 illa
658 1668 43 51 &

192 1706 137 41 forma,
288 1706 69 41 &
316 1706 110 41 quae
384 1706 96 41 est
439 1706 110 41 pars
508 1706 110 41 rei,
577 1706 110 41 quae
631 1706 69 41 cum

190 1745 135 42 fuerit,
288 1745 86 42 non
337 1745 148 42 sequitur
448 1745 74 42 vt
485 1745 86 42 sit
534 1745 98 42 res,
583 1745 123 42 scilicet

186 1782 178 56 materia.
320 1782 133 56 forma
409 1782 119 56 enim
483 1782 104 56 est
542 1782 133 56 pars,
616 1782 89 56 quae

190 1824 96 42 cum
245 1824 150 42 fuerit,
354 1824 96 42 est
409 1824 109 42 res.
477 1824 150 42 materia
586 1824 109 42 vero
641 1824 68 42 est

719 133 137 48 illud,
815 133 110 48 quod
884 133 96 48 cum
939 133 151 48 fuerit,
1048 133 96 48 non
1103 133 110 48 erit
1158 133 82 48 res.

720 177 139 41 Deinde
818 177 139 41 dicit:
915 177 70 41 &
943 177 97 41 sic
998 177 97 41 non
1054 177 111 41 erit
1110 177 125 41 defini-

721 214 94 44 tio
774 214 94 44 rei
828 214 188 44 manifesta.
976 214 81 44 i.
1016 214 67 44 &
1043 214 81 44 si
1084 214 94 44 hoc
1137 214 94 44 non
1178 214 67 44 fue

714 258 100 56 rit
771 258 185 56 cognitum,
913 258 185 56 definitio
1056 258 100 56 non
1113 258 114 56 erit
1170 258 71 56 eo-

714 297 151 52 gnita.
820 297 151 52 Deinde
926 297 181 52 incoepit
1047 297 181 52 perscrutar

716 334 86 45 de
759 334 114 45 hoc,
830 334 71 45 &
858 334 143 45 dixit:
958 334 128 45 Omnia
1044 334 157 45 igitur,
1143 334 86 45 quae

722 365 169 53 videntur,
852 365 91 53 &c.
904 365 78 53 i.
943 365 65 53 &
969 365 182 53 manifestum
1112 365 104 53 est,
1164 365 65 53 qui

719 411 142 48 omnia,
818 411 113 48 quae
889 411 170 48 videntur
1016 411 170 48 existere
1130 411 99 48 secun

719 453 107 41 dum
780 453 153 41 formas
887 453 92 41 in
933 453 184 41 pluribus
1056 453 168 41 subiectis

715 493 168 50 quoniam
837 493 152 50 formae
943 493 137 50 earum
1035 493 122 50 sunt
1111 493 137 50 aliae
1187 493 46 50 a

717 533 190 49 materijs.
863 533 73 49 &
893 533 102 49 hoc
951 533 204 49 manifestum
1112 533 102 49 est
1170 533 102 49 per

710 573 96 49 se.
765 573 123 49 verbi
847 573 109 49 ger.
915 573 178 49 circulus,
1052 573 96 49 qui
1093 573 150 49 quandoque

716 612 99 45 est
772 612 85 45 in
814 612 141 45 cupro,
913 612 70 45 &
941 612 183 45 quandoque
1082 612 85 45 in
1110 612 127 45 lapide,

722 649 62 41 &
746 649 74 41 in
783 649 111 41 aliis
858 649 161 41 materijs.
981 649 74 41 Et
1018 649 99 41 ideo
1080 649 124 41 dixit:
1154 649 87 41 insta

723 694 194 38 existimantur
881 694 109 38 esse,
954 694 85 38 &c.
1002 694 73 38 i.
1039 694 134 38 quoniam
1124 694 109 38 manife-

720 725 112 45 stum
790 725 98 45 est
846 725 98 45 per
902 725 98 45 se,
958 725 112 45 quod
1029 725 140 45 cuprum
1127 725 98 45 non
1169 725 70 45 est

712 775 111 42 pars
782 775 153 42 circuli
893 775 223 42 substantiae,
1074 775 97 42 nec
1116 775 125 42 lignum.

724 804 147 47 circulus
834 804 98 47 enim
895 804 159 47 quandoque
1018 804 135 47 existit
1116 804 74 47 in
1141 804 98 47 cupro,

722 845 171 52 quandoque
853 845 79 52 in
893 845 131 52 ligno.
985 845 66 52 &
1011 845 79 52 si
1050 845 144 52 alierum
1142 845 92 52 isto-

723 891 93 36 rum
776 891 120 36 esset
856 891 80 36 de
896 891 187 36 substantia
1043 891 160 36 circuli,
1163 891 107 36 tunc

719 921 164 50 circulus
842 921 96 50 non
897 921 123 50 esset
979 921 178 50 circulus,
1116 921 109 50 nisi
1171 921 68 50 per

717 962 151 41 illud.
822 962 151 41 Deinde
928 962 90 41 d.
973 962 136 41 Omnia
1063 962 136 41 vero,
1154 962 120 41 quae

716 997 102 46 non
775 997 176 46 videntur
907 997 190 46 separari,
1053 997 102 46 &c.
1111 997 88 46 i.
1141 997 102 46 omnes

726 1036 115 46 vero
797 1036 157 46 formae,
912 1036 115 46 quae
983 1036 100 46 non
1041 1036 172 46 existunt
1155 1036 86 46 plus

716 1073 65 21 von-

717 1085 108 38 qui
778 1085 93 38 in
825 1085 108 38 vna
887 1085 185 38 materia,
1026 1085 77 38 a
1057 1085 108 38 qua
1103 1085 139 38 nunquam

715 1122 227 45 separantur
893 1122 178 45 quoniam
1022 1122 113 45 hoc
1087 1122 113 45 non
1136 1122 97 45 pro-

720 1157 123 50 hibet
802 1157 204 50 intellectum
966 1157 218 50 intelligere,
1143 1157 82 50 in
1170 1157 68 50 eis

719 1193 100 48 est
776 1193 157 48 aliquid
890 1193 143 48 simile
991 1193 186 48 materiae,
1134 1193 72 48 &
1148 1193 86 48 ali-

718 1232 138 47 quid
804 1232 172 47 simile
925 1232 190 47 formae.
1045 1232 190 47 quemadmo-

718 1272 118 42 dum,
792 1272 88 42 si
836 1272 177 42 circulus
969 1272 162 42 nunquam
1087 1272 133 42 esset
1160 1272 74 42 ni-

714 1312 93 43 si
760 1312 93 43 in
807 1312 155 43 cupro,
915 1312 109 43 hoc
977 1312 109 43 non
1039 1312 186 43 prohibet
1163 1312 62 43 in

723 1350 202 44 telligere,
882 1350 116 44 quod
954 1350 145 44 cuprum
1055 1350 101 44 non
1113 1350 101 44 est
1156 1350 87 44 for-

713 1393 93 41 ma
759 1393 186 41 circuli,
899 1393 109 41 nec
961 1393 124 41 pars
1023 1393 140 41 formae.

723 1429 138 45 Deinde
820 1429 138 45 dicit:
917 1429 166 45 quoniam,
1041 1429 83 45 si
1083 1429 97 45 ita
1124 1429 111 45 esset,

722 1469 120 45 tunc
797 1469 151 45 cuprum
903 1469 105 45 non
963 1469 136 45 esset
1053 1469 120 45 sine
1114 1469 120 45 forma,

723 1516 166 42 quoniam,
848 1516 83 42 si
889 1516 125 42 forma
972 1516 152 42 circuli
1083 1516 125 42 esset
1152 1516 83 42 pro-

725 1549 125 53 pria
804 1549 156 53 cupro,
913 1549 78 53 &
944 1549 156 53 cuprum
1054 1549 188 53 proprium
1179 1549 63 53 ei

719 1596 100 44 ad
769 1596 167 44 modum,
886 1596 200 44 secundum
1037 1596 134 44 quem
1120 1596 117 44 est
1170 1596 67 44 in

717 1626 178 41 materijs
851 1626 133 41 rerum
940 1626 208 41 naturalium
1103 1626 104 41 cum
1147 1626 89 41 suis

723 1669 152 48 formis,
833 1669 110 48 tunc
902 1669 96 48 non
957 1669 124 48 esset
1040 1669 179 48 possibile
1164 1669 69 48 cu-

724 1703 111 54 prum
794 1703 111 54 esse
863 1703 111 54 sine
932 1703 139 54 forma,
1030 1703 111 54 nisi
1085 1703 153 54 diceretur

725 1749 172 50 cuprum
845 1749 240 50 aequiuoce:
1017 1749 223 50 quemadmodum

719 1778 99 48 est
775 1778 211 48 impossibile
944 1778 141 48 carnem
1043 1778 169 48 existere
1156 1778 85 48 sine

716 1822 156 53 sensu,
825 1822 78 53 &
857 1822 140 53 motu,
950 1822 125 53 nisi
1012 1822 187 53 aequiuoce,
