1475 2066
179 163 140 63 vnde
266 163 192 63 accidit
406 163 105 63 vt
458 163 122 63 vna
528 163 157 63 forma
616 163 87 63 sit

181 212 216 63 plurium,
343 212 180 63 quorum
469 212 162 63 forma
559 212 126 63 vide-

187 260 124 68 tur
258 260 141 68 esse
346 260 194 68 partes:
487 260 88 68 &
523 260 124 68 hoc
576 260 124 68 acci-

185 309 127 62 dens
265 309 175 62 accidit
392 309 255 62 Pythagoricis
583 309 112 62 etiam

198 356 75 68 et
236 356 100 68 quod
299 356 88 68 est
349 356 163 68 possibile
474 356 75 68 vt
512 356 113 68 istud
587 356 88 68 sit
625 356 75 68 for-

185 405 104 60 ma
237 405 192 60 omnium,
376 405 87 60 &
411 405 104 60 vt
463 405 139 60 alia
550 405 122 60 non
603 405 104 60 sint

193 453 163 62 forma.
307 453 98 62 et
355 453 195 62 secundum
502 453 130 62 hunc
567 453 130 62 modun.

188 508 157 47 omnia
292 508 157 47 erunt
379 508 122 47 vnum.

196 579 40 9 am

223 557 146 52 Idest.
325 557 87 52 Et
369 557 146 52 quidam
471 557 175 52 dubitant
602 557 87 52 in
631 557 73 52 cir

194 597 118 56 culo,
273 597 66 56 &
299 597 183 56 triangulo,
443 597 66 56 &
469 597 79 56 in
508 597 118 56 aliis
574 597 131 56 siguris.

193 637 126 52 quoniam
284 637 126 52 vident,
376 637 92 52 quod
434 637 80 52 non
480 637 172 52 definiuntur
606 637 92 52 perli-

196 684 125 38 neas,
279 684 97 38 aut
335 684 97 38 per
390 684 152 38 naturam
501 684 180 38 continui,
626 684 69 38 sec

204 724 138 42 vident,
304 724 100 42 quod
366 724 88 42 res
416 724 200 42 mathematicae
579 724 100 42 sunt
629 724 63 42 qua

193 757 74 48 si
230 757 160 48 materiae,
353 757 62 48 &
377 757 98 48 quod
439 757 98 48 ista
500 757 86 48 non
549 757 123 48 habent
623 757 74 48 for-

195 797 104 51 mas,
260 797 104 51 quae
325 797 169 51 declarant
455 797 195 51 substantias
597 797 104 51 eorum,

200 836 61 39 &
224 836 98 39 quod
286 836 98 39 sunt
347 836 74 39 in
384 836 147 39 entibus,
494 836 111 39 quasi
568 836 74 39 os
605 836 61 39 &
617 836 74 39 caro

191 873 69 41 &
219 873 97 41 hoc
274 873 193 41 intendebat
426 873 97 41 cum
481 873 83 41 d.
523 873 97 41 sed
564 873 138 41 dicuntur

192 911 104 43 ista
257 911 131 43 omnia,
349 911 117 43 sicut
427 911 144 43 dicitur
531 911 117 43 caro,
610 911 91 43 &c.
649 911 52 43 D.

195 955 82 39 d.
236 955 68 39 &
263 955 191 39 attribuunt
413 955 123 39 omnia
495 955 163 39 numeris.
617 955 82 39 i.
658 955 68 39 &

191 996 169 45 propter
314 996 108 45 hoc
375 996 200 45 posuerunt
529 996 154 45 formas
621 996 77 45 om-

197 1028 130 46 nium
278 1028 130 46 esse
359 1028 195 46 numeros,
506 1028 81 46 &
522 1028 179 46 posuerunt

194 1076 128 45 omnia
279 1076 114 45 ista
351 1076 228 45 contingentia
536 1076 100 45 eis
593 1076 86 45 in
622 1076 71 45 nu-

193 1117 116 30 meris
270 1117 129 30 illis.
361 1117 64 30 &
387 1117 116 30 isti,
464 1117 90 30 qui
515 1117 168 30 posuerunt
632 1117 64 30 nu-

197 1145 120 50 meros
277 1145 134 50 formas
370 1145 187 50 ficurarum,
517 1145 147 50 dicunt,
611 1145 80 50 quod

197 1175 170 51 definitio
328 1175 131 51 lineae
419 1175 92 51 est
472 1175 170 51 definitio
589 1175 105 51 duorum

196 1224 123 40 D.d.
273 1224 92 40 Et
319 1224 154 40 quidam
426 1224 154 40 eorum,
534 1224 108 40 qui
580 1224 123 40 dicunt

196 1264 142 50 formas,
299 1264 90 50 &c.
351 1264 77 50 i.
390 1264 64 50 &
415 1264 129 50 quidam
506 1264 129 50 eorum,
596 1264 90 50 qui
635 1264 64 50 di-

195 1305 95 41 cunt
254 1305 119 41 formas
337 1305 107 41 esse,
409 1305 83 41 non
456 1305 130 41 dicunt,
551 1305 95 41 quod
598 1305 95 41 defini

189 1340 79 54 tio
234 1340 113 54 lineae
313 1340 79 54 est
358 1340 90 54 pars
415 1340 124 54 duorum,
505 1340 79 54 sed
550 1340 124 54 dicunt,
629 1340 68 54 quod

190 1381 161 52 definitio
313 1381 124 52 lineae
400 1381 87 52 est
450 1381 124 52 linea,
536 1381 62 52 &
561 1381 99 52 quod
623 1381 74 52 in
648 1381 50 52 eo

194 1421 100 49 est
251 1421 142 49 primum
350 1421 71 49 &
379 1421 128 49 post,
464 1421 71 49 &
493 1421 157 49 remotio
607 1421 71 49 a
621 1421 71 49 li-

194 1461 108 36 nea,
262 1461 122 36 sicut
344 1461 95 36 nos
398 1461 149 36 dicimus
506 1461 81 36 in
533 1461 163 36 definitio-

193 1498 123 40 nibus
275 1498 95 40 cum
330 1498 191 40 definitis.
480 1498 68 40 &
507 1498 177 40 similiter
630 1498 68 40 di-

194 1541 99 45 cunt
256 1541 74 45 in
293 1541 174 45 dualitate,
429 1541 99 45 quod
491 1541 74 45 in
528 1541 74 45 ea
566 1541 87 45 est
603 1541 99 45 primum

197 1578 57 51 &
219 1578 102 51 post,
288 1578 57 51 &
310 1578 125 51 remotio
401 1578 57 51 a
424 1578 148 51 dualitate
538 1578 68 51 id
572 1578 68 51 i.
595 1578 102 51 quoniam

195 1613 76 46 in
233 1613 115 46 istis
310 1613 115 46 rebus
386 1613 89 46 est
437 1613 140 46 aliquid
539 1613 127 46 simile
616 1613 76 46 for-

195 1653 103 45 mae,
260 1653 65 45 &
286 1653 168 45 materiae.
415 1653 65 45 &
441 1653 90 45 hoc
492 1653 194 45 intendebat,
634 1653 65 45 cum

195 1693 74 52 d.
232 1693 62 52 &
256 1693 123 52 quidam
342 1693 98 52 quod
404 1693 86 52 est
453 1693 111 52 forma
527 1693 135 52 lineae.
613 1693 86 52 D.di-

189 1734 106 50 cit:
255 1734 145 50 quaedam
361 1734 106 50 enim
427 1734 106 50 res,
493 1734 92 50 &c.
545 1734 79 50 i.
585 1734 66 50 &
598 1734 106 50 quidam

191 1772 144 42 istorum
296 1772 144 42 dicunt,
400 1772 105 42 quod
466 1772 92 42 res
518 1772 183 42 diuiduntur
649 1772 52 42 in

187 1812 146 44 formam
289 1812 218 44 materialem,
464 1812 73 44 &
493 1812 87 44 in
537 1812 131 44 illud
610 1812 87 44 quod

185 1852 128 54 habet
270 1852 156 54 formam,
384 1852 114 54 v.g.
455 1852 85 54 in
497 1852 99 54 duo
540 1852 156 54 demonstra

729 156 84 54 ta,
777 156 60 54 &
801 156 72 54 in
837 156 120 54 formam
921 156 180 54 dualitatis:
1066 156 60 54 &
1090 156 132 54 quaedam
1186 156 96 54 sunt
1234 156 48 54 D.

723 205 137 38 materia
822 205 137 38 tantum:
922 205 75 38 vt
959 205 125 38 linca.
1046 205 62 38 &
1071 205 87 38 hoc
1109 205 125 38 intende-

721 245 104 38 bat,
786 245 91 38 cum
838 245 129 38 dixit:
928 245 65 38 &
954 245 91 38 hoc
1006 245 91 38 non
1058 245 91 38 est
1110 245 129 38 linea.
1187 245 52 38 Et

725 281 84 49 cum
773 281 193 49 notificauit,
930 281 96 49 quod
990 281 96 49 isti
1050 281 133 49 homines
1135 281 96 49 posue-

719 320 101 45 runt
783 320 114 45 omnia
859 320 114 45 quasi
935 320 165 45 materias,
1062 320 63 45 &
1087 320 127 45 dicunt
1163 320 76 45 for-

721 370 118 33 mas,
795 370 74 33 &
824 370 162 33 numeros
942 370 132 33 esse,
1030 370 88 33 d.
1074 370 118 33 Vnde
1133 370 103 33 acci-

723 401 99 47 dit,
785 401 87 47 &c.
834 401 74 47 i.
871 401 62 47 &
896 401 161 47 continsit
1020 401 112 47 istis
1094 401 74 47 vt
1131 401 87 47 res
1169 401 74 47 plu-

724 438 86 44 res,
778 438 86 44 quae
831 438 129 44 videntur
928 438 86 44 esse
982 438 129 44 diuersae
1078 438 129 44 secundum
1164 438 64 44 for-

720 485 112 37 mam,
790 485 70 37 &
818 485 238 37 definitionem,
1013 485 112 37 sint
1083 485 126 37 vnum:
1167 485 70 37 &
1181 485 56 37 vt

723 516 95 46 hoc,
783 516 95 46 quod
842 516 83 46 vte
889 516 83 46 sit
937 516 131 46 falsum:
1032 516 59 46 &
1056 516 95 46 quod
1115 516 107 46 omnes
1175 516 59 46 spe

722 559 92 60 cies
780 559 92 60 sint
838 559 92 60 vnum
895 559 138 60 secundum
999 559 127 60 formam,
1091 559 92 60 v.g.
1148 559 104 60 quod,

715 598 83 44 si
757 598 139 44 vnitas
854 598 167 44 existens
979 598 83 44 in
1021 598 139 44 homine
1118 598 69 44 &
1132 598 97 44 iapi-

722 639 78 36 de
761 639 92 36 est
813 639 131 36 eadem,
905 639 144 36 necesse
1010 639 92 36 est
1062 639 78 36 vt
1101 639 118 36 forma
1167 639 52 36 ho

718 677 125 45 minis
801 677 69 45 &
829 677 153 45 lapidis
940 677 97 45 sit
996 677 139 45 eadem.
1093 677 69 45 &
1107 677 111 45 simili

709 724 103 30 ter
768 724 88 30 in
812 724 220 30 vnitatibus.
988 724 73 30 &
1017 724 103 30 sic
1076 724 103 30 hoc
1119 724 103 30 nomen

721 757 125 37 vnum
800 757 110 37 non
862 757 172 37 dicetur
988 757 219 37 aequiuoce,
1145 757 78 37 nec

713 793 262 41 multipliciter,
931 793 102 41 sed
990 793 174 41 vniuoce.
1120 793 116 41 D.d.
1178 793 44 41 &

711 832 104 54 hoc
771 832 179 54 accidens
905 832 164 54 accidit
1009 832 209 54 Pythagoricis

714 876 99 46 &c.
771 876 71 46 &
799 876 85 46 d.
842 876 114 46 hoc,
913 876 114 46 quia
984 876 213 46 Pythagorici
1140 876 85 46 opi-

718 910 124 44 nantur
805 910 124 44 etiam,
892 910 99 44 quod
954 910 124 44 numeri
1041 910 99 44 sunt
1090 910 137 44 principia

715 957 156 36 entium,
828 957 99 36 sed
885 957 99 36 non
942 957 213 36 opinabantur
1112 957 99 36 eos
1154 957 85 36 esse

721 996 132 43 principia
822 996 122 43 secundum
914 996 112 43 formas,
995 996 71 43 sed
1035 996 122 43 secundum
1126 996 81 43 quod
1177 996 81 43 sunt

720 1028 154 51 elementa
836 1028 141 51 entium.
938 1028 141 51 vtrique
1041 1028 128 51 sectae
1118 1028 115 51 contin-

726 1066 80 52 git
771 1066 92 52 idem
829 1066 137 52 scilicet
932 1066 69 52 vt
966 1066 115 52 formae
1046 1066 115 52 rerum,
1126 1066 92 52 quae
1172 1066 69 52 con-

716 1106 180 42 ueniunt
846 1106 98 42 in
895 1106 147 42 eadem
993 1106 147 42 forma
1075 1106 147 42 numera-

721 1148 78 50 li,
766 1148 89 50 sint
821 1148 123 50 caedem.
911 1148 112 50 vnitas
989 1148 89 50 enim
1045 1148 134 50 existens
1146 1148 67 50 in
1168 1148 67 50 quan

716 1185 131 49 titate
808 1185 170 49 continua,
939 1185 66 49 &
965 1185 170 49 discreta,
1096 1185 66 49 &
1109 1185 118 49 lapidi-

714 1222 112 45 bus,
784 1222 70 45 &
812 1222 210 45 animalibus,
980 1222 70 45 &
1008 1222 140 45 coelis
1106 1222 126 45 facit
1176 1222 56 45 om

710 1260 99 46 nia
767 1260 113 46 ista
837 1260 113 46 esse
908 1260 156 46 eiusdem
1022 1260 170 46 naturae.
1149 1260 71 46 &
1163 1260 71 46 sic

717 1301 91 38 non
769 1301 104 38 erit
834 1301 117 38 illic
913 1301 196 38 differentia
1069 1301 117 38 inter
1135 1301 104 38 entia.

722 1340 92 50 Et
768 1340 107 50 hoc
829 1340 229 50 intendebat,
1012 1340 107 50 cum
1073 1340 92 50 d.
1118 1340 76 50 &
1134 1340 92 50 quod

719 1388 96 41 est
774 1388 178 41 possibile
911 1388 82 41 vt
952 1388 123 41 istud
1034 1388 96 41 sit
1088 1388 123 41 forma
1157 1388 68 41 om-

717 1418 122 48 nium,
799 1418 68 48 &
826 1418 81 48 vt
866 1418 108 48 alia
934 1418 95 48 non
988 1418 108 48 sint
1055 1418 135 48 forma,
1136 1418 95 48 idest

710 1461 82 49 &
742 1461 198 49 secundum
891 1461 115 49 hoc
957 1461 214 49 contingit
1121 1461 99 49 vt
1154 1461 66 49 nu

714 1494 155 51 merus
817 1494 120 51 sit
886 1494 155 51 forma
989 1494 172 51 omnium
1092 1494 137 51 rerum,

719 1532 76 47 &
749 1532 91 47 vt
794 1532 136 47 alia,
885 1532 121 47 quae
961 1532 166 47 dicimus
1082 1532 121 47 esse
1142 1532 91 47 for-

711 1573 129 45 mas,
792 1573 113 45 non
856 1573 129 45 sint
937 1573 161 45 formae
1050 1573 177 45 omnino.
1179 1573 81 45 &

713 1614 213 37 secundum
873 1614 124 37 hoc
944 1614 159 37 omnia
1050 1614 159 37 erunt
1138 1614 89 37 nu-

714 1661 144 29 merus,
814 1661 72 29 &
843 1661 130 29 nihil
930 1661 115 29 erit
1002 1661 101 29 hic
1059 1661 130 29 extra
1131 1661 101 29 natu-

708 1693 141 37 ram
768 1693 162 37 numeri

736 1733 128 53 Quod
816 1733 160 53 itaque
928 1733 160 53 habent
1040 1733 176 53 aliquam
1152 1733 80 53 du-

712 1773 229 56 bitationem
891 1773 114 56 ea,
957 1773 131 56 quae
1038 1773 147 56 circa
1120 1773 114 56 defi-

711 1815 158 44 nitiones
830 1815 119 44 sunt,
909 1815 79 44 et
948 1815 106 44 quam
1015 1815 79 44 ob
1054 1815 132 44 causam
1133 1815 106 44 dictum

711 1860 125 54 est.
790 1860 141 54 Quare
883 1860 156 54 cuncta
993 1860 109 54 ita
1055 1860 203 54 reducere,
1196 1860 47 54 &
