1475 2066
207 169 186 43 auferre
342 169 219 43 materiam,
494 169 253 43 superuacantum

233 213 124 53 est.
310 213 170 53 quaedam
433 213 154 53 nanque
541 213 185 53 fortasse
665 213 77 53 hoc

228 257 86 42 in
271 257 100 42 hoc
328 257 129 42 sunt,
413 257 100 42 aut
471 257 100 42 sic
528 257 114 42 haec
585 257 157 42 habentia,

229 296 90 42 Et
274 296 210 42 comparatio
439 296 90 42 de
484 296 180 42 animali,
618 296 120 42 quam
678 296 60 42 iu

230 341 120 48 nior
305 341 136 48 Socr.
396 341 151 48 dicere
501 341 181 48 solebat,
637 341 105 48 non
682 341 60 48 be

233 382 85 52 ne
275 382 85 52 se
318 382 142 52 habet.
418 382 157 52 abducit
532 382 114 52 enim
603 382 71 52 a
631 382 128 52 vero,
702 382 43 52 &

228 426 176 46 opinari
356 426 160 46 facit,
468 426 176 46 tanquam
581 426 160 46 continge

232 464 98 55 ret
288 464 154 55 hominem
400 464 112 55 sine
470 464 168 55 partibus
595 464 112 55 esse
651 464 84 55 quem

229 508 188 47 admodum
366 508 171 47 absque
485 508 137 47 aere
554 508 188 47 circulum,

235 549 96 47 Hoc
290 549 123 47 autem
372 549 96 47 non
427 549 96 47 est
482 549 137 47 simile
578 549 137 47 etenim
660 549 82 47 sen-

234 590 138 44 sibile
331 590 151 44 quiddam
441 590 179 44 fortassis
578 590 138 44 animal
661 590 83 44 est.

229 637 81 38 &
261 637 162 38 absque
375 637 130 38 motu
456 637 195 38 definire
602 637 114 38 non
651 637 97 38 est.

234 680 140 42 quare
328 680 140 42 neque
421 680 124 42 sine
499 680 186 42 partibus
623 680 124 42 quodam

229 719 128 44 modo
309 719 96 44 se
357 719 240 44 habentibus,
549 719 112 44 non
613 719 128 44 enim
677 719 64 44 om

235 757 113 53 nino
306 757 113 53 pars
377 757 156 53 hominis
490 757 99 53 est
547 757 142 53 manus,
646 757 99 53 sed
688 757 57 53 il

232 805 97 46 la,
288 805 111 46 quae
357 805 139 46 potest
454 805 111 46 opus
523 805 194 46 perficere,
662 805 69 46 qua

222 843 101 51 re
273 843 186 51 animata
408 843 220 51 existens,
577 843 118 51 non
628 843 118 51 anima

225 885 99 45 ta
274 885 131 45 vero
356 885 115 45 non
422 885 115 45 est
488 885 148 45 pars.
586 885 148 45 Circa
668 885 66 45 Ma

227 925 203 45 thematica
384 925 141 45 vero,
477 925 109 45 cur
540 925 188 45 rationes
665 925 78 45 non

227 973 129 37 sunt
307 973 161 37 partes
420 973 209 37 rationums
581 973 97 37 vt
613 973 129 37 circu-

219 1013 78 45 li
258 1013 104 45 ipsi
323 1013 208 45 semicirculi:
493 1013 104 45 haec
558 1013 104 45 enim
623 1013 91 45 non
662 1013 78 45 sunt

226 1052 204 46 sensibilia.
390 1052 82 46 An
431 1052 123 46 nihil
512 1052 150 46 refert.
621 1052 109 46 erit
676 1052 68 46 nan

216 1093 115 45 que
281 1093 213 45 quorundam
445 1093 147 45 etiam
543 1093 115 45 non
593 1093 147 45 sensibi

218 1136 129 42 lium
299 1136 194 42 materia,
444 1136 81 42 &
476 1136 161 42 omnis,
589 1136 129 42 quod
653 1136 81 42 non

221 1181 93 49 est
274 1181 107 49 quid
341 1181 107 49 erat
407 1181 120 49 esse.
487 1181 146 49 circuli
594 1181 133 49 itaque
673 1181 67 49 vni

226 1220 196 46 uersalis
373 1220 164 46 quidem
487 1220 115 46 non
553 1220 164 46 erunt,
651 1220 82 46 sin

220 1265 198 49 gularium
368 1265 132 49 vero
450 1265 148 49 erunt
549 1265 115 49 hae
598 1265 132 49 partes

218 1304 97 52 vt
266 1304 145 52 prius
363 1304 162 52 dictum
476 1304 129 52 est.
557 1304 113 52 est
606 1304 129 52 etenim

223 1349 183 51 materia,
360 1349 167 51 quaedam
481 1349 228 51 sensibilis,
649 1349 91 51 quae

225 1388 116 55 dam
291 1388 314 55 intelligibilis.
538 1388 198 55 Manifestum

225 1429 125 45 autem
308 1429 97 45 est
364 1429 111 45 quod
433 1429 125 45 anima
516 1429 138 45 quidem
599 1429 138 45 substan-

216 1477 115 49 tia
281 1477 165 49 prima,
397 1477 165 49 corpus
512 1477 132 49 vero
578 1477 148 49 materia

226 1516 121 53 homo
302 1516 121 53 vero
377 1516 106 53 vel
438 1516 167 53 animal,
559 1516 121 53 quod
635 1516 91 53 ex
665 1516 76 53 am-

218 1557 131 53 bolus,
310 1557 79 53 vt
349 1557 197 53 vniversale.
506 1557 118 53 Socr.
585 1557 118 53 vero,
663 1557 66 53 &
677 1557 52 53 Co

213 1599 162 52 riscus,
331 1599 88 52 si
375 1599 132 52 anima
463 1599 162 52 quidem,
580 1599 162 52 duplex.
683 1599 59 52 hi

221 1645 140 39 enim.
315 1645 93 39 vt
362 1645 156 39 animam
470 1645 171 39 dicent,
595 1645 125 39 illi
657 1645 78 39 au-

221 1682 131 58 tem
296 1682 113 58 vt
353 1682 169 58 ipsum
465 1682 188 58 totum.
597 1682 150 58 Quod
672 1682 75 58 si

218 1728 204 50 simpliciter
382 1728 123 50 anima
464 1728 123 50 haec,
545 1728 68 50 &
573 1728 95 50 hoc
613 1728 123 50 corpus,

227 1766 198 53 quemadmodum
385 1766 198 53 vniversale,
543 1766 119 53 etiam
622 1766 66 53 &
636 1766 105 53 singu-

218 1812 134 50 lare.
308 1812 134 50 Vtrum
397 1812 134 50 autem
487 1812 164 50 praeter
592 1812 149 50 materiam

219 1853 263 45 huiuscemodi
430 1853 298 45 substantiarum
657 1853 88 45 sit

758 173 157 45 aliqua
868 173 141 45 alia,
962 173 78 45 &
994 173 188 45 oporteat
1135 173 188 45 quaerere

756 213 235 53 substantiam
945 213 141 53 eorum
1039 213 173 53 aliquam
1149 213 126 53 aliam,

766 258 95 41 vt
814 258 127 41 puta
893 258 191 41 numeros,
1036 258 111 41 aut
1100 258 175 41 aliquid
1211 258 64 41 ta

756 296 111 42 le,
819 296 206 42 posterius
978 296 269 42 consyderandum
1183 296 95 42 est.

761 341 129 45 Huius
847 341 115 45 enim
918 341 143 45 gratia
1019 341 72 45 &
1048 341 86 45 de
1076 341 201 45 sensibilibus

757 381 243 47 substantis
947 381 208 47 definire
1086 381 191 47 tentamus,

758 423 178 43 quando
883 423 178 43 quidem
1007 423 178 43 quodam
1131 423 142 43 modo
1202 423 71 43 Na

756 466 182 40 turalis
888 466 83 40 &
921 466 198 40 secundae
1053 466 215 40 philosophia

761 507 101 56 opus
824 507 101 56 est:
888 507 88 56 ea,
938 507 101 56 quae
1001 507 114 56 circa
1077 507 177 56 sensibiles
1203 507 63 56 sub

764 548 173 46 stantias,
897 548 186 46 speculatio
1043 548 106 46 est.
1109 548 93 46 non
1163 548 106 46 enim
1216 548 53 46 so

755 592 120 42 lum
823 592 103 42 de
875 592 343 42 materiaNaturalem
1149 592 120 42 cogno

759 633 128 50 scere
844 633 171 50 oportet,
973 633 100 50 sed
1030 633 128 50 etiam
1115 633 86 50 de
1158 633 100 50 ea,
1201 633 71 50 qua

754 677 216 46 secundum
916 677 234 46 rationem,
1095 677 90 46 &
1113 677 144 46 magis.

802 725 142 72 Dictum
901 725 100 72 est
958 725 156 72 igitur,
1072 725 114 72 quod
1143 725 85 72 in
1171 725 100 72 defi-

757 779 210 55 nitionibus
922 779 105 55 est
982 779 210 55 dubitatio,
1147 779 75 55 &
1177 779 120 55 quod

756 825 104 59 est
816 825 119 59 hoc,
890 825 119 59 quia
964 825 134 59 omnia
1053 825 104 59 non
1113 825 119 59 sunt
1172 825 89 59 eius

751 874 119 61 dem
819 874 288 61 dubitationis,
1056 874 85 61 &
1090 874 136 61 quia
1158 874 119 61 mate-

756 921 105 57 ria
816 921 105 57 est
876 921 166 57 materia
997 921 166 57 totius.
1117 921 151 57 Fectum
1208 921 75 57 est

757 968 156 71 igitur,
870 968 85 71 vt
912 968 156 71 quoddam
1026 968 99 71 sit
1082 968 113 71 tale
1153 968 85 71 in
1181 968 85 71 hoc,

755 1017 127 56 sicut
840 1017 99 56 hoc
896 1017 85 56 in
938 1017 113 56 hoc,
1009 1017 99 56 aut
1065 1017 127 56 sicut
1150 1017 155 56 oportet

763 1067 79 63 vt
802 1067 105 63 sint
868 1067 118 63 illa,
947 1067 105 63 quae
1012 1067 105 63 sunt
1078 1067 144 63 semper.
1183 1067 79 63 Et
1222 1067 79 63 in

754 1118 149 55 ideae,
859 1118 120 55 quas
933 1118 179 55 Socrates
1068 1118 149 55 Vminor
1172 1118 105 55 est
1217 1118 75 55 as-

750 1162 143 56 suetus
850 1162 143 56 dicere
949 1162 86 56 in
992 1162 200 56 animalibus
1149 1162 100 56 non
1206 1162 100 56 est

753 1213 156 59 bonum.
862 1213 187 59 procedit
1002 1213 125 59 enim
1080 1213 78 59 a
1096 1213 171 59 veritate,

755 1253 76 70 &
785 1253 229 70 existimatur
968 1253 137 70 quasi
1060 1253 137 70 esset
1136 1253 137 70 possibi

752 1308 80 65 le
792 1308 80 65 vt
831 1308 106 65 homo
898 1308 93 65 sit
951 1308 106 65 fine
1017 1308 119 65 alio,
1097 1308 119 65 sicut
1163 1308 106 65 circu-

758 1356 94 58 lus
811 1356 107 58 sine
878 1356 134 58 cupro.
972 1356 80 58 Et
1012 1356 94 58 hoc
1065 1356 94 58 non
1119 1356 94 58 est
1159 1356 107 58 simile

754 1405 127 57 rectu
839 1405 99 57 est
895 1405 113 57 enim
966 1405 85 57 vt
1008 1405 141 57 animla
1107 1405 99 57 sit
1149 1405 127 57 aliquod

748 1449 158 66 habens
859 1449 173 66 sensum,
985 1449 79 66 &
1016 1449 110 66 non
1079 1449 110 66 est
1142 1449 126 66 sine
1205 1449 63 66 mo

750 1500 100 62 tu:
807 1500 72 62 &
836 1500 115 62 ideo
907 1500 100 62 non
965 1500 100 62 est
1022 1500 115 62 sine
1094 1500 186 62 partibus,
1223 1500 57 62 et

756 1555 126 46 sunt
835 1555 142 46 quoda
930 1555 142 46 modo,
1025 1555 142 46 manus
1119 1555 126 46 enim
1198 1555 110 46 non

760 1597 95 61 est
815 1597 109 61 pars
883 1597 150 61 hominis
992 1597 109 61 omni
1059 1597 122 61 modo,
1141 1597 95 61 sed
1195 1597 109 61 quan

756 1645 96 62 de
804 1645 159 62 potest
915 1645 191 62 complere
1059 1645 207 62 actionem.
1202 1645 80 62 cum

755 1701 159 53 igitur
866 1701 159 53 fuerit
977 1701 191 53 animata,
1120 1701 79 53 &
1152 1701 111 53 cum
1200 1701 79 53 non

754 1740 119 62 est.
829 1740 104 62 non
888 1740 104 62 est
948 1740 134 62 pars.
1037 1740 89 62 In
1067 1740 208 62 Mathematicis

757 1791 137 59 vero,
848 1791 137 59 quare
939 1791 106 59 non
1000 1791 122 59 sunt
1061 1791 213 59 definitiones

751 1841 175 57 partium
878 1841 270 57 definitionum,
1100 1841 95 57 vt
1132 1841 143 57 semicum
