1475 2066
206 146 159 56 materiam
325 146 106 56 bis,
392 146 146 56 necesse
498 146 93 56 est
551 146 106 56 enim
618 146 80 56 vt
644 146 80 56 defi

204 197 153 49 nitio
306 197 238 49 congregati
492 197 238 49 componatur
662 197 68 49 ex

203 236 170 42 duabus
322 236 272 42 defitionibus
543 236 170 42 duarum
645 236 85 42 par

214 268 136 46 tium,
305 268 91 46 ex
350 268 106 46 quo
411 268 182 46 sequitur
547 268 182 46 materiam
668 268 61 46 di

213 316 79 47 ci
252 316 105 47 bis,
318 316 79 47 vt
358 316 185 47 declaratum
503 316 92 47 est
556 316 79 47 in
582 316 145 47 principio

207 349 133 37 istius
286 349 160 37 tractatus,

246 391 95 43 In
294 391 127 43 tota
373 391 127 43 vero
452 391 238 43 substantia,
642 391 95 43 vt
674 391 63 43 na

210 437 81 37 so
250 437 121 37 simo,
330 437 94 37 aut
384 437 148 37 Callia,
491 437 121 37 inest
572 437 134 37 qutiam
652 437 81 37 mate

205 472 119 50 ria.
280 472 89 50 Et
324 472 119 50 quod
399 472 119 50 quod
473 472 119 50 erat
547 472 119 50 esse
622 472 74 50 &
637 472 89 50 vnum

212 516 204 47 quodque
361 516 111 47 in
416 516 241 47 quibusdam
583 516 148 47 quidem

207 564 117 41 idem
280 564 117 41 est:
353 564 88 41 vt
397 564 88 41 in
441 564 146 41 primis
529 564 204 41 substantiis:

215 603 88 47 vt
259 603 117 47 puta
332 603 175 47 curuitas
463 603 73 47 &
493 603 190 47 curuitati
624 603 102 47 esse,

209 644 90 50 si
254 644 135 50 prima
344 644 120 50 est.
419 644 120 50 dico
493 644 135 50 autem
568 644 120 50 primam

213 684 86 47 non
262 684 147 47 dicitur.
372 684 73 47 eo
409 684 98 47 quod
470 684 110 47 aliud
543 684 73 47 in
580 684 98 47 alio
641 684 98 47 sit,
690 684 37 47 &

203 727 204 47 subiecto,
360 727 94 47 vt
408 727 189 47 materia.
533 727 189 47 Quaecumque

212 771 126 47 vero
291 771 95 47 vt
338 771 189 47 materia.
480 771 142 47 velvt
575 771 142 47 simul
653 771 79 47 cum

212 813 186 45 materia
348 813 169 45 sumpta
466 813 152 45 sunt,
568 813 119 45 non
618 813 119 45 idems

217 854 125 52 heque
300 854 166 52 secundum
425 854 166 52 accidens
549 854 125 52 vnum,
632 854 83 52 vt
660 854 69 52 So-

218 894 140 44 crates
316 894 70 44 &
344 894 168 44 musicum,
470 894 112 44 haec
541 894 112 44 enim
597 894 140 44 secundum

209 941 207 46 accidens
364 941 155 46 eadem
450 941 121 46 sunt.

259 978 91 64 in
304 978 212 64 substantia
471 978 121 64 vero
531 978 197 64 congregata.

219 1025 91 66 vt
264 1025 121 66 naso
340 1025 136 66 simo,
431 1025 106 66 aut
491 1025 166 66 callia,
612 1025 106 66 non
657 1025 76 66 est

217 1073 188 66 materia.
359 1073 94 66 Et
406 1073 126 66 quod
484 1073 157 66 illud,
594 1073 126 66 quod
657 1073 78 66 est

205 1122 109 64 per
268 1122 217 64 essentiam,
438 1122 78 64 &
469 1122 202 64 simplicia
624 1122 93 64 in
655 1122 78 64 qui

218 1172 138 54 busdam
315 1172 110 54 sunt
384 1172 138 54 rebus,
481 1172 110 54 quae
550 1172 110 54 sunt
605 1172 124 54 caedem,

213 1220 133 63 sicut
302 1220 118 63 sunt
376 1220 89 63 in
420 1220 133 63 prima
509 1220 222 63 substantia,
672 1220 59 63 vt

218 1269 179 61 restexcio
356 1269 69 61 &
384 1269 166 61 essentia
508 1269 221 61 restexionis,
674 1269 55 61 si

202 1317 167 62 fuerit
319 1317 184 62 primum.
453 1317 84 62 &
486 1317 134 62 dico
570 1317 167 62 primum
670 1317 67 62 il

214 1365 112 61 lud,
284 1365 98 61 per
340 1365 112 61 quod
410 1365 98 61 non
466 1365 154 61 dicitur
577 1365 126 61 aliud
647 1365 84 61 esse

214 1413 83 61 in
256 1413 125 61 alio,
339 1413 83 61 vt
380 1413 83 61 in
422 1413 180 61 subiecto.
560 1413 125 61 omnia
629 1413 97 61 uero,

217 1461 118 61 quae
291 1461 118 61 sunt
364 1461 132 61 sicut
453 1461 176 61 materia,
585 1461 103 61 aut
629 1461 103 61 sicut

220 1513 225 63 congregata
397 1513 97 63 ex
445 1513 193 63 materia,
590 1513 113 63 non
638 1513 97 63 sunt

220 1554 124 68 idem,
303 1554 138 68 neque,
399 1554 110 68 sunt
468 1554 110 68 vnum
537 1554 96 68 per
578 1554 151 68 accidens.

228 1614 92 52 vt
274 1614 199 52 Socrates,
427 1614 77 52 &
458 1614 184 52 musicus,
581 1614 153 52 quoniam,

223 1653 125 62 omnia
307 1653 111 62 ista
376 1653 111 62 sunt
445 1653 97 62 per
501 1653 181 62 accidens.

221 1709 164 53 Dicit,
336 1709 214 53 composita
500 1709 131 53 vero
582 1709 99 53 ex
615 1709 115 53 mate-

224 1756 99 49 ria
280 1756 71 49 &
309 1756 127 49 forma
393 1756 85 49 in
436 1756 127 49 actu,
520 1756 85 49 vt
549 1756 183 49 congregatum

227 1796 68 38 ex
261 1796 90 38 naso
317 1796 56 38 &
339 1796 180 38 concauitate,
486 1796 90 38 quod
542 1796 124 38 dicitur
621 1796 113 38 simitas,

222 1834 215 48 substantia,
394 1834 115 48 quae
465 1834 100 48 est
523 1834 86 48 ex
566 1834 100 48 eis
609 1834 129 48 tanquam

745 139 159 47 forma,
857 139 112 47 non
920 139 239 47 praedicatur
1112 139 207 47 demateria
1255 139 48 47 D

741 187 136 38 secundum
843 187 102 38 modum
911 187 136 38 secundum
1013 187 91 38 quem
1070 187 136 38 quiditas
1172 187 91 38 rei.
1217 187 57 38 est

744 224 111 45 ipsa
813 224 97 45 res
869 224 83 45 in
910 224 249 45 praedicatione,
1118 224 69 45 &
1145 224 111 45 sunt
1201 224 69 45 res

749 267 198 47 existentes
905 267 99 47 per
961 267 85 47 se
1004 267 85 47 D.
1046 267 170 47 exposuit
1174 267 113 47 hoc,
1231 267 43 47 &

745 305 89 41 d.
790 305 74 41 &
819 305 193 41 simplicia
968 305 89 41 in
1013 305 193 41 quibusdam
1146 305 119 41 rebus,

746 344 99 53 &c.
802 344 85 53 i.
845 344 71 53 &
873 344 99 53 res
929 344 226 53 determinatae
1113 344 85 53 in
1141 344 127 53 quibus-

748 383 82 52 dam
795 383 93 52 vero
853 383 163 52 quiditates
982 383 93 52 sunt
1040 383 117 52 ipsae.
1122 383 70 52 id
1157 383 82 52 est
1192 383 70 52 qui-

750 421 156 45 ditates
863 421 128 45 earum
948 421 184 45 declarant
1090 421 113 45 suas
1161 421 128 45 essen

746 461 101 54 tias
810 461 152 54 secundum
923 461 114 54 quid:
999 461 63 54 &
1025 461 101 54 sunt
1088 461 114 54 illa,
1164 461 76 54 de
1189 461 76 54 qui-

749 503 82 52 bus
796 503 140 52 dicitur,
901 503 93 52 quod
960 503 175 52 praedicatum
1100 503 82 52 est
1135 503 140 52 substantia

745 542 185 45 subiecti,
887 542 85 45 vt
930 542 185 45 inuenitur
1072 542 85 45 in
1115 542 142 45 primis
1200 542 71 45 sub

748 581 164 54 stantiis:
874 581 76 54 v.
912 581 76 54 g.
950 581 164 54 refsexio,
1076 581 63 54 &
1101 581 151 54 quiditas
1202 581 63 54 re-

748 621 200 45 fiexionis.
905 621 100 45 sed
962 621 114 45 quia
1033 621 171 45 refsexio
1162 621 100 45 non
1205 621 71 45 est

756 661 117 47 prima
834 661 182 47 substantia
977 661 78 47 in
1017 661 91 47 rei
1069 661 169 47 veritate,
1186 661 78 47 quia

750 704 78 47 est
794 704 67 47 in
828 704 100 47 alio,
894 704 78 47 sed
939 704 100 47 tamen
1005 704 111 47 quando
1083 704 167 47 intellectus
1205 704 56 47 abs

750 738 155 40 strahit
863 738 99 40 eam
919 738 70 40 a
947 738 183 40 subiecto,
1088 738 113 40 tunc
1158 738 99 40 ita
1201 738 56 40 ha

752 777 88 41 bet
803 777 75 41 se
840 777 75 41 ad
878 777 188 41 quiditatem,
1029 777 126 41 sicunt
1116 777 126 41 primae
1192 777 75 41 sub-

748 816 150 42 stantiae
860 816 75 42 ad
897 816 100 42 suas
959 816 187 42 quiditates,
1109 816 75 42 d.
1146 816 75 42 si
1171 816 100 42 fuerit

751 858 170 46 primum.
874 858 93 46 D.
920 858 185 46 exposuit
1059 858 170 46 primum,
1183 858 77 46 &
1198 858 62 46 di

750 895 68 50 &
778 895 108 50 dico
845 895 149 50 primum,
954 895 95 50 &c.
1008 895 81 50 i.
1048 895 68 50 &
1075 895 176 50 intelligo
1197 895 68 50 per

748 932 144 50 primam
848 932 216 50 substantiam
1021 932 144 50 illud,
1121 932 115 50 quod
1193 932 101 50 non

749 972 133 40 dicitur
845 972 72 40 in
881 972 157 40 subiecto:
1002 972 60 40 &
1026 972 96 40 ista
1086 972 96 40 sunt
1134 972 133 40 vniuersa-

746 1012 99 46 lia
803 1012 256 46 substantiarum,
1016 1012 85 46 vt
1058 1012 142 46 dictum
1157 1012 99 46 est
1214 1012 85 46 in

752 1050 295 48 Praedicamentis.
1001 1050 124 48 D.d.
1079 1050 140 48 Omnia
1156 1050 109 48 vero,

752 1091 112 51 quae
822 1091 112 51 sunt
892 1091 126 51 sicut
976 1091 154 51 materia
1088 1091 98 51 &c.
1144 1091 84 51 i.
1172 1091 84 51 com-

750 1130 141 40 posita
848 1130 112 40 vero
919 1130 84 40 ex
961 1130 155 40 materia
1073 1130 70 40 &
1101 1130 127 40 forma
1172 1130 98 40 etiam

750 1167 101 51 sunt
814 1167 114 51 illa,
890 1167 101 51 quae
953 1167 190 51 inueniuntur
1105 1167 76 51 in
1143 1167 114 51 aliis
1206 1167 63 51 est

747 1210 204 51 sentialiter:
913 1210 115 51 licet
989 1210 178 51 quiditates
1129 1210 115 51 eorum
1205 1210 89 51 non

754 1246 142 48 declarent
863 1246 142 48 essentias
972 1246 109 48 eorum,
1048 1246 131 48 secundum
1146 1246 87 48 quod
1190 1246 65 48 quod

752 1290 162 49 ditates
870 1290 177 49 primarum
1003 1290 251 49 substantiarum
1195 1290 74 49 de-

753 1332 136 45 clarant
851 1332 161 45 essentias
975 1332 124 45 earum:
1061 1332 136 45 quoniam
1148 1332 111 45 congre-

752 1364 129 53 gatum
838 1364 86 53 ex
881 1364 143 53 duabus
981 1364 172 53 partibus
1110 1364 86 53 in
1153 1364 100 53 eis
1196 1364 72 53 non

749 1404 92 49 est
801 1404 105 49 vnum
867 1404 92 49 per
920 1404 171 49 accidens,
1051 1404 118 49 sicut
1130 1404 92 49 est
1170 1404 92 49 dispo

751 1445 119 48 sitio
830 1445 79 48 in
870 1445 132 48 rebus,
962 1445 106 48 quae
1028 1445 106 48 sunt
1094 1445 106 48 vnum
1160 1445 93 48 per
1200 1445 53 48 ac

755 1481 155 53 cidens.
868 1481 113 53 ver.
938 1481 85 53 g.
981 1481 113 53 homo
1051 1481 99 53 mui
1108 1481 113 53 cus,
1178 1481 71 53 &
1192 1481 71 53 ho-

754 1515 77 47 mo
793 1515 128 47 albus.
882 1515 77 47 Et
921 1515 166 47 intendit,
1048 1515 102 47 quod
1100 1515 166 47 differentia

749 1559 152 39 inter
850 1559 186 39 hominem
986 1559 84 39 &
1019 1559 186 39 musicum
1155 1559 84 39 &
1172 1559 84 39 na-

754 1595 87 47 sum
803 1595 162 47 concauum,
928 1595 100 47 quod
990 1595 137 47 dicitur
1090 1595 149 47 simitas,
1189 1595 75 47 est,

749 1639 119 51 quia
823 1639 133 51 nasus
912 1639 133 51 simus
1001 1639 104 51 est
1060 1639 119 51 vnum
1120 1639 148 51 essentia

750 1676 136 50 liter,
846 1676 68 50 &
873 1676 190 50 concauitas
1022 1676 95 50 est
1063 1676 204 50 inseparabilis

751 1717 96 38 ab
799 1717 112 38 eo.
863 1717 128 38 homo
943 1717 144 38 autem
1038 1717 144 38 albus
1134 1717 112 38 non
1182 1717 80 38 est

746 1754 117 39 ita:
820 1754 161 39 quoniam
937 1754 146 39 albedo
1039 1754 103 39 non
1098 1754 103 39 est
1142 1754 117 39 insepa

751 1793 149 41 rabilis
860 1793 81 41 ab
901 1793 95 41 eo.
955 1793 68 41 &
982 1793 109 41 ideo
1050 1793 109 41 homo
1118 1793 122 41 albus
1199 1793 95 41 est

748 1830 112 53 vnum
818 1830 98 53 per
874 1830 181 53 accidens.
1013 1830 84 53 Et
1055 1830 181 53 intendit,
1180 1830 84 53 quod
