1475 2066
201 149 114 53 quia
272 149 100 53 est
329 149 214 53 propinquius
501 149 171 53 materiae
615 149 100 53 lite-

209 189 163 51 rarum:
323 189 82 51 &
355 189 163 51 quodam
470 189 130 51 modo
535 189 179 51 assimilat

212 229 144 51 formae,
317 229 105 51 quae
382 229 197 51 praedicatur
540 229 79 51 de
579 229 144 51 literis
671 229 52 51 se

216 263 147 43 cundum
319 263 133 43 quid.
408 263 103 43 VEt
467 263 162 43 materia
584 263 103 43 non
629 263 88 43 prae

217 302 161 47 dicatur
335 302 88 47 de
379 302 88 47 re
423 302 147 47 nomine
510 302 191 47 principali.

221 341 136 45 Deinde
317 341 82 45 d.
358 341 218 45 differentiae
534 341 136 45 autem,
630 341 95 45 &c.
671 341 54 45 i.

221 380 117 54 potest
303 380 164 54 intelligi,
432 380 187 54 differentiae
584 380 105 54 autem
654 380 82 54 per

215 421 200 46 cussionum
368 421 169 46 faciunt
491 421 154 46 formam
583 421 123 46 litera

207 462 89 43 rum
258 462 76 43 ex
296 462 114 43 sono.
372 462 140 43 videtur
474 462 102 43 enim
537 462 102 43 quod
601 462 102 43 inte
652 462 63 43 idi

207 504 96 50 hic
262 504 96 50 per
317 504 137 50 formas
412 504 178 50 literarum
549 504 178 50 syllabas,
672 504 41 50 i

209 541 129 42 latas:
299 541 64 42 &
325 541 90 42 per
376 541 142 42 literas
479 541 167 42 elementa.
608 541 77 42 Et
634 541 77 42 for-

214 589 91 41 te,
266 589 169 41 intendit,
396 589 208 41 differentiae
565 589 117 41 autem
630 589 91 41 acce-

207 628 106 40 ptae
273 628 79 40 in
312 628 238 40 definitionibus
511 628 185 40 literarum,
643 628 79 40 sunt

214 660 126 50 illa,
298 660 98 50 que
354 660 154 50 faciunt
466 660 140 50 formas
551 660 168 50 literarum,

216 697 58 41 &
240 697 128 41 literas
333 697 93 41 esse
391 697 70 41 ex
426 697 105 41 sono,
495 697 70 41 i.
530 697 128 41 faciunt
623 697 81 41 eas
658 697 58 41 est

204 740 83 38 se
246 740 83 38 ex
287 740 139 38 natura
384 740 125 38 soni.
468 740 83 38 Et
509 740 194 38 intendebat
648 740 69 38 de-

212 778 145 52 clarare
317 778 132 52 modum,
410 778 158 52 secundum
528 778 105 52 quem
594 778 119 52 genus
660 778 66 52 hoc

214 816 93 42 est
267 816 160 42 materia.
387 816 80 42 Et
426 816 120 42 forte
506 816 199 42 differentia
653 816 66 42 in-

213 854 88 44 ter
264 854 113 44 sonum
339 854 76 44 in
377 854 101 44 hoc,
440 854 101 44 quod
503 854 88 44 est
553 854 138 44 materia
641 854 76 44 lite

214 896 128 48 rarum,
304 896 64 48 &
329 896 115 48 inter
406 896 128 48 cuprum
496 896 77 48 in
534 896 102 48 hoc,
598 896 102 48 quod
662 896 90 48 est

208 942 150 37 materia
317 942 123 37 idoli
399 942 109 37 est,
468 942 109 37 quia
536 942 123 37 sonus
618 942 95 37 non
658 942 55 37 de

209 973 141 46 nudatur
312 973 64 46 a
337 973 115 46 forma
414 973 64 46 &
440 973 205 46 percutiente,
594 973 128 46 scilicet

210 1013 78 54 ex
249 1013 131 54 aliquo
340 1013 131 54 simili
432 1013 157 54 syllabae
549 1013 131 54 longae
641 1013 65 54 &
654 1013 65 54 bre

210 1061 129 43 uis.
291 1061 81 43 &
323 1061 161 43 cuprum
436 1061 210 43 denudatur
597 1061 81 43 a
613 1061 113 43 forma

207 1092 74 51 &
237 1092 147 51 sigura
340 1092 162 51 omnino.
458 1092 74 51 &
487 1092 118 51 ideo
561 1092 147 51 cuprum
649 1092 74 51 est

212 1125 160 45 materia
329 1125 131 45 pura,
416 1125 73 45 &
445 1125 131 45 sonus
532 1125 102 45 non
590 1125 102 45 est
634 1125 87 45 mate

211 1180 88 32 ria
262 1180 101 32 pura
325 1180 177 32 literarum:
464 1180 88 32 sed
514 1180 88 32 est
565 1180 139 32 similis
653 1180 63 32 ma-

206 1214 106 37 teriae,
283 1214 115 37 secundum
370 1214 77 37 quod
418 1214 106 37 recipit
495 1214 115 37 literas:
581 1214 48 37 &
601 1214 67 37 est
629 1214 87 37 similie

204 1247 135 49 generi,
302 1247 147 49 secundum
412 1247 98 49 quod
473 1247 86 49 non
522 1247 86 49 est
571 1247 110 49 extra
632 1247 86 49 modos

207 1293 182 47 sonorum.
343 1293 91 47 Et
389 1293 106 47 cum
450 1293 197 47 compleuit
602 1293 121 47 hoc,
677 1293 76 47 &

207 1324 80 52 d.
247 1324 187 52 manifestum
393 1324 93 52 est
447 1324 147 52 igitur,
553 1324 107 52 quod
606 1324 107 52 defini

210 1357 88 53 tio
261 1357 88 53 est
311 1357 113 53 sermo
387 1357 76 53 ex
425 1357 214 53 differentiis.
601 1357 76 53 i.
639 1357 76 53 &,
664 1357 63 53 cum

210 1404 204 53 declaratum
371 1404 102 53 est
429 1404 88 53 ex
473 1404 146 53 quibus
561 1404 160 53 componum-

206 1444 93 54 tur
259 1444 225 54 definitiones,
444 1444 186 54 manifestum
590 1444 106 54 est,
643 1444 80 54 quod

212 1484 195 40 definitio
362 1484 105 40 est
422 1484 135 40 sermo
511 1484 210 40 compositus
661 1484 60 40 ex

209 1522 221 40 differentiis.
391 1522 65 40 &
417 1522 91 40 non
470 1522 130 40 dixit,
561 1522 78 40 ex
587 1522 130 40 differen

210 1572 108 43 tiis
278 1572 68 43 &
305 1572 149 43 genere:
414 1572 108 43 quia
481 1572 122 43 oenus
563 1572 108 43 apud
630 1572 122 43 ipsum

212 1604 93 39 est
265 1604 120 39 forma
345 1604 213 39 vniuersalis:
518 1604 67 39 &
531 1604 187 39 differentiae

215 1640 93 41 est
268 1640 226 41 particularis.
454 1640 93 41 Et,
507 1640 93 41 cum
560 1640 159 41 narrauit
666 1640 53 41 ea

209 1685 92 37 ex
255 1685 154 37 quibus
362 1685 231 37 componuntur
532 1685 185 37 definitio-

213 1722 96 42 nes,
273 1722 144 42 incoepit
381 1722 168 42 declarare,
513 1722 96 42 quod
573 1722 132 42 diuisio
657 1722 60 42 est

215 1759 105 53 quae
280 1759 157 53 largitur
398 1759 118 53 tales
477 1759 170 53 sermones,
608 1759 66 53 &
634 1759 79 53 d.
660 1759 66 53 Sed

211 1800 101 48 oportet
285 1800 111 48 diuidere
368 1800 148 48 differentias
487 1800 157 48 differentiae,
617 1800 65 48 &c.
653 1800 55 48 i.
672 1800 46 48 sec

209 1838 96 44 sed
264 1838 151 44 oportet
374 1838 137 44 ponere
470 1838 192 44 diuisionem
607 1838 110 44 essen

738 147 127 42 tialem,
831 147 58 42 &
854 147 115 42 primam
935 147 127 42 generis
1027 147 161 42 diuisione,
1154 147 138 42 scilicet

738 189 96 49 qua
793 189 124 49 primo
876 189 179 49 diuidatur
1014 189 138 49 geneus
1110 189 83 49 in
1138 189 110 49 primam

736 223 211 43 differentiam,
909 223 62 43 &
934 223 99 43 suam
996 223 173 43 oppositam,
1132 223 124 43 deinde
1206 223 50 43 il

734 268 92 39 lam
786 268 209 39 differentiam
956 268 78 39 in
995 268 105 39 suam
1061 268 131 39 primam
1139 268 105 39 diffe-

737 302 172 44 rentiam,
866 302 100 44 non
923 302 86 44 vt
966 302 129 44 primo
1052 302 186 44 diuidatur
1181 302 72 44 ge-

736 343 93 51 nus
789 343 80 51 in
829 343 212 51 differentiam
1001 343 106 51 suae
1054 343 199 51 differentiae,

744 382 73 45 v.
780 382 73 45 g.
816 382 121 45 animal
901 382 121 45 habens
986 382 133 45 pedes,.
1083 382 133 45 quoniam
1167 382 85 45 primo

732 421 128 45 debet
817 421 143 45 diuidi
917 421 86 45 in
960 421 114 45 suas
1031 421 143 45 primas
1117 421 143 45 differen

737 468 120 47 tias,
817 468 80 47 v.
857 468 67 47 g
883 468 80 47 in
923 468 120 47 bipes
1003 468 67 47 &
1030 468 173 47 multipes.
1149 468 107 47 deinde

741 500 123 43 bipes
823 500 178 43 diuidatur
960 500 96 43 per
1015 500 219 43 differentias
1180 500 68 43 est

733 548 174 47 sentiales
867 548 94 47 ei,
920 548 94 47 per
974 548 107 47 quas
1041 548 174 47 diuiditur
1162 548 94 47 prima

733 580 197 53 diuisione:
888 580 127 53 sicut
972 580 141 53 geneus
1071 580 183 53 diuiditur
1198 580 56 53 in

738 621 98 37 suas
799 621 122 37 primas
884 621 208 37 differentias.
1055 621 61 37 &
1080 621 86 37 sic
1129 621 98 37 fiat
1178 621 73 37 Ssen

731 669 108 45 per,
798 669 122 45 donec
879 669 203 45 perueniatur
1041 669 81 45 ad
1082 669 122 45 illud
1149 669 108 45 congre

736 702 126 47 gatum
820 702 84 47 ex
862 702 224 47 differentiis
1044 702 154 47 aequale
1142 702 112 47 defini

740 741 90 37 to.
792 741 103 37 D.d.
856 741 64 37 &
882 741 154 37 oportet,
998 741 90 37 &c.
1049 741 77 37 i.
1088 741 64 37 &
1113 741 103 37 ideo
1165 741 90 37 opor-

736 780 100 38 tet
793 780 86 38 vt
836 780 143 38 animal
935 780 143 38 habens
1035 780 128 38 pedes
1106 780 143 38 diuidatu

733 816 139 42 secundum
838 816 93 42 quod
896 816 81 42 est
942 816 116 42 bipes,
1024 816 58 42 &
1047 816 81 42 non
1093 816 151 42 diuidatur
1198 816 58 42 in-

731 857 204 50 pennatum
884 857 85 50 &
918 857 119 50 non
986 857 221 50 pennatum.
1157 857 85 50 &
1174 857 85 50 hoc

733 895 218 43 intendebat,
908 895 102 43 cum
966 895 87 43 d.
1010 895 102 43 non
1068 895 160 43 oportet
1170 895 87 43 dice

736 941 95 44 re,
791 941 108 44 quod
858 941 149 44 quoddam
966 941 122 44 bipes
1047 941 95 44 est
1088 941 162 44 pecenatum,

738 973 78 49 &
770 973 172 49 quoddam
895 973 110 49 non
958 973 204 49 pernatum.
1114 973 110 49 qui
1161 973 94 49 enim

733 1012 98 50 hoc
789 1012 140 50 facit,
887 1012 98 50 non
943 1012 112 50 bene
1014 1012 140 50 potest
1098 1012 154 50 diuidere,

732 1052 107 38 sed
793 1052 184 38 intendit
931 1052 138 38 bonam
1023 1052 215 38 diuisionem
1176 1052 77 38 es-

738 1093 158 51 sentialem,
862 1093 91 51 quae
919 1093 136 51 largitur
1021 1093 181 51 definitionem
1156 1093 91 51 essen-

735 1132 162 51 tialiter.
859 1132 75 51 D.
896 1132 149 51 narrauit
1008 1132 100 51 quae
1070 1132 174 51 diuisionum
1195 1132 62 51 est

741 1170 176 40 essentialis
882 1170 94 40 isti
941 1170 199 40 differentiae,
1105 1170 59 40 &
1128 1170 70 40 d.
1163 1170 59 40 &
1175 1170 82 40 opor-

739 1210 88 41 tet
790 1210 76 41 vt
828 1210 139 41 diuisio
929 1210 152 41 bipedis,
1043 1210 88 41 &c.
1093 1210 76 41 i.
1131 1210 63 41 &
1144 1210 101 41 inten-

738 1253 94 43 dit
791 1253 94 43 per
845 1253 148 43 scissum
953 1253 108 43 pede
1020 1253 162 43 hominem:
1141 1253 67 43 &
1155 1253 94 43 inten

736 1284 101 46 dit
793 1284 101 46 per
851 1284 173 46 propriam
981 1284 245 46 dispositionem
1168 1284 87 46 for-

743 1325 92 45 mam
796 1325 171 45 propriam.
927 1325 185 45 pedisissum
1072 1325 105 45 enim
1138 1325 92 45 est
1178 1325 79 45 vnum

740 1365 102 53 eorum,
811 1365 71 53 per
852 1365 81 53 quae
903 1365 143 53 perficitur
1015 1365 92 53 actio
1076 1365 92 53 pedis
1137 1365 61 53 in
1157 1365 92 53 quibus-

736 1404 95 49 dam
791 1404 203 49 animalibus.
953 1404 108 49 D.d.
1020 1404 68 49 &
1047 1404 95 49 sic
1088 1404 162 49 procedatur

739 1445 142 51 semper.
842 1445 78 51 i.
881 1445 155 51 diuidens
998 1445 129 51 semper
1088 1445 116 51 debet
1153 1445 103 51 tenere

742 1484 104 42 istum
811 1484 104 42 modum
880 1484 69 42 in
914 1484 150 42 diuisione
1029 1484 219 42 differentiarum,
1202 1484 58 42 do-

738 1524 73 51 nec
779 1524 135 51 perueniat
883 1524 62 51 ad
914 1524 93 51 illa,
977 1524 83 51 quae
1028 1524 83 51 sunt
1080 1524 114 51 diuersa
1153 1524 104 51 secundum

736 1560 184 56 indiuiduum.
883 1560 148 56 scilicet
994 1560 135 56 vltimas
1092 1560 148 56 species.
1191 1560 61 56 De-

742 1605 101 51 inde
805 1605 126 51 dicit:
894 1605 101 51 tunc
957 1605 126 51 igitur
1045 1605 101 51 erit
1108 1605 139 51 diuisio
1196 1605 63 51 pe-

740 1647 95 35 dis,
800 1647 83 35 &c.
847 1647 71 35 i.
883 1647 60 35 &
907 1647 107 35 talis
978 1647 131 35 diuisio
1073 1647 95 35 est,
1133 1647 71 35 in
1169 1647 83 35 qua
1204 1647 48 35 nu

736 1679 126 43 merus
820 1679 181 43 specierum
959 1679 153 43 bipedis
1071 1679 98 43 est
1113 1679 139 43 secundum

742 1719 181 44 numerum
873 1719 214 44 vltimarum
1021 1719 230 44 differentia-

736 1760 112 43 rum,
806 1760 84 43 ad
848 1760 112 43 quas
918 1760 168 43 peruenit
1045 1760 182 43 diuidens.
1171 1760 84 43 Dein

740 1800 81 55 de
781 1800 135 55 dicit:
876 1800 108 55 Ergo
944 1800 190 55 manifestum
1093 1800 108 55 est,
1160 1800 95 55 &c.
1201 1800 54 55 i.

742 1839 75 43 &,
779 1839 87 43 cum
829 1839 137 43 diuisio
928 1839 149 43 peruenit
1040 1839 75 43 ad
1065 1839 187 43 differentias,
