1475 2066
177 149 171 45 hominis,
305 149 85 45 in
348 149 100 45 quo
404 149 171 45 existit.
532 149 128 45 quare
604 149 85 45 itel

186 197 95 38 rum
241 197 109 38 idem
309 197 163 38 accidit.
431 197 109 38 erit
499 197 109 38 enim
553 197 136 38 substan-

188 236 110 51 tia
251 236 156 51 illius
360 236 235 51 substantia,
548 236 94 51 vt
579 236 110 51 anima

183 277 155 45 speciei,
299 277 78 45 in
338 277 103 45 quae
403 277 78 45 vt
441 277 155 45 proprium
545 277 129 45 existit.

231 317 82 59 Et
272 317 191 59 substantia
423 317 96 59 non
477 317 150 59 dicitur
587 317 82 59 de
614 317 82 59 ali-

181 364 103 56 quo
240 364 192 56 subiecto.
388 364 207 56 vniuersale
550 364 133 56 autem
624 364 59 56 di

188 408 114 69 citur
264 408 76 69 de
302 408 126 69 aliquo
390 408 164 69 subiecto.
516 408 76 69 Et
554 408 76 69 si
592 408 88 69 ita
630 408 63 69 sit

189 461 195 61 impossibile
345 461 104 61 est,
410 461 78 61 vt
450 461 91 61 non
502 461 91 61 sit
554 461 117 61 sicut
619 461 65 61 il-

185 509 107 62 lud,
252 509 107 62 quod
319 509 94 62 est
372 509 94 62 per
426 509 188 62 essentiam,
573 509 94 62 sed
627 509 94 62 est

183 556 93 62 in
229 556 108 62 hoc
291 556 93 62 ut
337 556 155 62 animla
446 556 93 62 in
492 556 139 62 equo,
585 556 77 62 &
600 556 93 62 homi

189 604 103 64 ne.
248 604 118 64 ergo
322 604 192 64 declaratu
469 604 118 64 est,
543 604 118 64 quod
602 604 103 64 habet

191 653 186 61 adliquem
331 653 202 61 sermonem.
487 653 78 61 &
518 653 93 61 in
564 653 109 61 hoc
626 653 109 61 non

199 700 95 63 est
254 700 203 63 diuersitas.
416 700 68 63 &
443 700 81 63 si
484 700 95 63 non
538 700 136 63 fuerit
620 700 81 63 ser-

191 751 87 54 mo
234 751 144 54 omnium
335 751 144 54 eorum,
436 751 116 54 quae
508 751 116 54 sunt
580 751 87 54 in
609 751 87 54 sub-

195 797 150 61 stantia
304 797 136 61 etiam.
400 797 68 61 &
427 797 82 61 si
468 797 95 61 non
523 797 150 61 fuerit,
618 797 82 61 haec

193 845 109 61 est.
261 845 136 61 aliqua
357 845 191 61 substantia
506 845 95 61 non
561 845 136 61 minus.
643 845 54 61 vi

193 892 109 67 homo
261 892 163 67 hominis,
384 892 82 67 in
425 892 95 67 quo
479 892 109 67 est.
547 892 109 67 ergo
602 892 95 67 acci-

188 940 100 63 dit
245 940 100 63 hoc
302 940 128 63 idem,
387 940 86 63 vt
430 940 157 63 animal,
544 940 86 63 in
587 940 100 63 quo
630 940 71 63 est

195 989 208 61 dispositio,
361 989 125 61 quasi
431 989 152 61 proprium.

229 1047 115 36 Idest,
309 1047 161 36 vniversale
435 1047 103 36 autem
504 1047 184 36 substantiale
642 1047 57 36 est

191 1084 118 40 illud,
274 1084 94 40 quod
332 1084 176 40 praedicatur
474 1084 71 40 de
509 1084 118 40 aliquo
579 1084 118 40 secundum

193 1123 114 39 quid,
269 1123 63 39 &
294 1123 177 39 substantia
433 1123 76 39 in
471 1123 101 39 rei.
534 1123 151 39 veritate
635 1123 63 39 est

191 1161 133 52 illud,
284 1161 106 52 quod
350 1161 93 52 non
403 1161 199 52 praedicatur
562 1161 80 52 de
589 1161 106 52 aliquo

193 1200 117 50 omnino.
278 1200 53 50 &
299 1200 74 50 cum
342 1200 74 50 ita
384 1200 85 50 sit,
437 1200 85 50 tunc
490 1200 149 50 vniversale
607 1200 74 50 non
639 1200 53 50 si-

193 1237 150 53 gnificat
306 1237 201 53 substantiam,
469 1237 100 53 nisi
519 1237 176 53 substantiam.

193 1277 106 45 quam
259 1277 186 45 significat
405 1277 119 45 pars,
485 1277 119 45 sicut
564 1277 133 45 animal
644 1277 53 45 si

183 1318 159 54 gnificat
302 1318 79 54 de
342 1318 185 54 substantia
487 1318 106 54 equi
553 1318 66 54 &
567 1318 132 54 hominis,

195 1365 82 43 i.
236 1365 151 43 naturam
346 1365 178 43 communem,
483 1365 69 43 &
511 1365 96 43 non
552 1365 137 43 propriam

193 1397 95 45 D.d.
253 1397 95 45 ergo
312 1397 167 45 declaratum
443 1397 95 45 est,
503 1397 95 45 quod
562 1397 107 45 habet
622 1397 71 45 ali-

187 1437 119 51 quem,
266 1437 93 51 &c.
319 1437 79 51 i.
359 1437 106 51 ergo
425 1437 185 51 declaratum
571 1437 106 51 est,
624 1437 66 51 quo

184 1473 217 54 substantia,
357 1473 116 54 quam
430 1473 203 54 significat
574 1473 116 54 vniuer

189 1512 122 43 sale,
271 1512 122 43 habet
352 1512 149 43 aliquam
461 1512 230 43 definitionem:
637 1512 54 43 er

187 1553 89 51 go
232 1553 253 51 definitiones,
440 1553 119 51 quae
500 1553 193 51 componuntur

191 1591 80 43 ex
231 1591 240 43 vniuersalibus,
431 1591 93 43 non
484 1591 107 43 sunt
551 1591 134 43 partes
631 1591 67 43 sub

182 1636 226 38 stantiarum
359 1636 258 38 sensibilium.
553 1636 145 38 Quoniam

186 1670 204 37 substantiae
349 1670 190 37 sensibiles
499 1670 95 37 non
540 1670 149 37 diuersan-

182 1708 82 47 tur
229 1708 70 47 in
264 1708 94 47 suis
323 1708 187 47 substantiis,
475 1708 117 47 quando
545 1708 152 47 definiuntur

191 1749 50 50 &
211 1749 100 50 quando
281 1749 70 50 non
321 1749 129 50 definiunt
420 1749 120 50 scilicet
510 1749 110 50 quoniam
589 1749 80 50 sunt
629 1749 60 50 sub-

180 1790 156 37 stantiae,
300 1790 108 37 licet
372 1790 84 37 non
420 1790 192 37 definiantur,
577 1790 108 37 etiam
637 1790 60 37 mi-

186 1828 80 54 nus
231 1828 80 54 qua
277 1828 114 54 quando
356 1828 182 54 definiuntur.
504 1828 102 54 sicut
573 1828 80 54 est
607 1828 91 54 dispo

717 148 101 54 sitio
784 148 67 54 in
818 148 180 54 visibilibus,
964 148 124 54 quoniam
1054 148 90 54 ipsa
1110 148 79 54 non
1155 148 90 54 sunt

716 191 116 47 minus
793 191 181 47 visibilia,
935 191 129 47 quando
1026 191 168 47 videntur,
1142 191 77 47 quam

710 229 162 51 quando
823 229 113 51 non
888 229 210 51 videntur.
1049 229 129 51 D.d.
1114 229 97 51 ergo

711 265 145 53 accidit
817 265 93 53 hoc
869 265 119 53 idem,
949 265 93 53 &c.
1002 265 79 53 i.
1041 265 106 53 ergo
1094 265 119 53 defini-

704 305 144 42 tiones
805 305 231 42 vniuersalium
992 305 188 42 habebunt.
1122 305 87 42 ali-

711 341 122 57 quam
787 341 259 57 dispositionem
985 341 228 57 substantiarum

712 383 233 43 existentium
899 383 140 43 extra
992 383 171 43 animam,
1117 383 78 43 &
1132 383 78 43 qua

711 422 140 37 litatem
813 422 178 37 accidentem
952 422 102 37 eis.
1016 422 76 37 vt
1054 422 140 37 animal,
1143 422 76 37 quod

716 460 71 46 est
756 460 141 46 vniversale
867 460 111 46 animali
948 460 111 46 proprio
1028 460 121 46 scilicet
1109 460 111 46 demonstra

713 501 94 54 to
760 501 94 54 in
808 501 204 54 vnoquoque
949 501 157 54 animali.

752 556 130 56 ltem
833 556 260 56 impossibile,
1044 556 98 56 ac
1077 556 130 56 inconu

715 603 149 47 niens
814 603 116 47 est
880 603 149 47 ipsum
979 603 132 47 quid
1061 603 83 47 &
1078 603 149 47 substan

719 652 119 38 tiam
794 652 134 38 esse,
883 652 89 38 si
928 652 89 38 ex
973 652 194 38 aliquibus
1122 652 104 38 non
1166 652 60 38 ex

719 691 233 40 substantiis,
909 691 102 40 nec
967 691 87 40 ex
1011 691 116 40 ipso
1083 691 131 40 quid,
1156 691 73 40 sed

717 726 97 44 ex
765 726 161 44 quali.
878 726 145 44 Prius
975 726 161 44 nanque
1088 726 113 44 non
1136 726 97 44 sub-

721 771 162 47 stantia,
843 771 68 47 &
870 771 122 47 quale
951 771 122 47 erit,
1033 771 108 47 quam
1087 771 135 47 substan-

713 813 134 45 tia,
797 813 84 45 &
831 813 134 45 quod
914 813 151 45 quid:
1015 813 134 45 quod
1082 813 151 45 impossi

714 853 115 45 bile
786 853 115 45 est,
858 853 101 45 nec
916 853 159 45 ratione
1031 853 130 45 enim,
1118 853 101 45 nec
1161 853 72 45 tem

716 894 144 52 pore,
812 894 112 52 nec
876 894 240 52 generatione
1052 894 176 52 possibile

713 940 110 39 est
776 940 204 39 passiores
933 940 173 39 priores
1043 940 188 39 substantia

712 981 130 45 esse.
798 981 145 45 essent
900 981 145 45 nanque
986 981 203 45 separabiles.

741 1037 87 62 Et
784 1037 130 62 etiam
871 1037 87 62 ex
914 1037 145 62 rebus,
1016 1037 116 62 quae
1088 1037 130 62 sunt,
1161 1037 72 62 im-

709 1084 209 63 possibile,
873 1084 75 63 &
903 1084 105 63 non
963 1084 134 63 bonum
1053 1084 90 63 vt
1098 1084 105 63 sit
1142 1084 90 63 sub-

707 1133 180 61 stantia,
842 1133 75 61 &
872 1133 90 61 si
917 1133 105 61 est
977 1133 90 61 ex
1022 1133 135 61 rebus
1112 1133 90 61 vt
1157 1133 105 61 non

720 1182 85 61 sit
769 1182 73 61 ex
805 1182 195 61 substantiis,
963 1182 122 61 neque,
1048 1182 73 61 ex
1085 1182 110 61 isto,
1158 1182 97 61 quod

709 1229 108 63 est
770 1229 108 63 hoc
832 1229 262 63 demonstratum,
1048 1229 108 63 sed
1110 1229 93 63 ex
1156 1229 108 63 qua

717 1280 143 58 litate.
821 1280 104 58 Erit
886 1280 104 58 enim
951 1280 78 58 ex
989 1280 91 58 non
1041 1280 169 58 substatia
1158 1280 65 58 sub

708 1330 190 56 stantia,
851 1330 79 56 &
882 1330 190 56 qualitas
1024 1330 127 56 ante
1088 1330 142 56 substan

719 1375 128 64 tiam:
804 1375 114 64 quod
875 1375 99 64 est
932 1375 227 64 impossibile.
1102 1375 128 64 imposst

715 1425 100 50 bile
778 1425 100 50 enim
841 1425 100 50 est,
904 1425 126 50 neque,
992 1425 151 50 secundum
1092 1425 138 50 definitio

705 1474 119 56 nem,
779 1474 149 56 neque,
883 1474 178 56 secundum
1017 1474 163 56 tempus,
1121 1474 104 56 nequd

713 1525 194 61 secundum
858 1525 258 61 generationem
1052 1525 177 61 passiones

722 1569 120 64 esse
797 1569 120 64 ante
857 1569 210 64 substantiam.

758 1628 123 54 Idest,
844 1628 62 54 &
869 1628 86 54 cum
918 1628 86 54 sit
967 1628 185 54 declaratum,
1115 1628 99 54 quod
1164 1628 62 54 vni

711 1668 161 50 uersalia
831 1668 188 50 intellecta
979 1668 107 50 sunt
1045 1668 188 50 dispositio
1179 1668 54 50 di

719 1709 214 51 spositionum
890 1709 257 51 substantiarum,
1090 1709 143 51 impossi-

711 1746 104 52 bile
776 1746 91 52 est
828 1746 78 52 vt
866 1746 104 52 ista
931 1746 104 52 sint
996 1746 129 52 partes
1074 1746 155 52 substantia

711 1796 93 41 rum
764 1796 185 41 existentes
909 1796 93 41 per
962 1796 79 41 se
1002 1796 212 41 impossibile.
1161 1796 66 41 eni

713 1828 105 54 est,
778 1828 65 54 &
804 1828 131 54 turpe,
896 1828 78 54 si
935 1828 183 54 posuerimus
1066 1828 170 54 substantiam
