1475 2066
202 140 88 54 Et
246 140 118 54 ideo
320 140 162 54 oportet
438 140 221 54 definientes
600 140 103 54 scire

207 188 101 62 cum
264 188 159 62 aliquis
380 188 217 62 definiuerit
554 188 159 62 aliquod
655 188 72 62 par

210 236 230 62 ticularium,
394 236 123 62 quod
471 236 107 62 est
532 236 92 62 vt
563 236 153 62 remanea.

211 285 131 63 istud
299 285 160 63 semper.
415 285 218 63 impossibile
589 285 116 63 enim
647 285 73 63 est

213 332 92 55 vt
259 332 230 55 definiatur,
442 332 77 55 &
473 332 107 55 non
534 332 214 55 definiatur

206 381 167 61 etiam,
323 381 100 61 vt
374 381 134 61 vnum
457 381 268 61 exemplarium.
658 381 67 61 Et

211 429 169 61 quoniam
334 429 108 61 non
395 429 200 61 definitur
549 429 138 61 etiam
626 429 92 61 exe-

212 477 134 62 plar.
301 477 179 62 exemplar
435 477 119 62 enim
510 477 104 62 est
569 477 89 62 ex
599 477 119 62 parti-

215 525 204 62 cularibus,
376 525 131 62 sicut
463 525 160 62 dicunt,
579 525 73 62 &
609 525 102 62 est
652 525 73 62 se

197 581 178 53 paratum.

256 622 85 44 Et
298 622 170 44 intendit
426 622 99 44 per
482 622 212 44 substantiam
638 622 85 44 tota

220 661 78 53 lem
265 661 112 53 illud,
343 661 89 53 quod
399 661 78 53 est
443 661 101 53 totum
511 661 134 53 scilicet
600 661 123 53 congrega-

219 701 100 49 tum
276 701 86 49 ex
319 701 172 49 inateria
447 701 71 49 &
476 701 129 49 forma
547 701 172 49 particula-

216 741 102 37 ri,
274 741 73 37 &
303 741 102 37 est
361 741 203 37 indiuiduum
506 741 218 37 demonstratum,

219 780 71 38 &
247 780 172 38 intendit
376 780 100 38 per
433 780 229 38 definitionem
605 780 114 38 substa

212 818 131 51 tiam,
299 818 116 51 quam
371 818 203 51 significat
531 818 203 51 definitio:
676 818 44 51 &

210 856 96 52 est
265 856 136 52 forma.
360 856 68 52 &
388 856 123 52 quasi
470 856 136 52 dicit,
552 856 177 52 substantia,

213 894 91 44 qua
265 894 143 44 dicitur
369 894 78 44 de
408 894 208 44 demonstrato,
576 894 91 44 est
628 894 104 44 alia
680 894 39 44 a

220 933 196 40 substantia,
377 933 104 40 quae
442 933 144 40 dicitur
546 933 78 40 de
585 933 117 40 forma
651 933 78 40 sub-

212 974 159 44 stantiae
331 974 225 44 demonstratae.
517 974 80 44 D.
557 974 146 44 exponit
649 974 80 44 haec

222 1013 83 49 duo,
274 1013 52 49 &
295 1013 63 49 d.
326 1013 136 49 scilicet,
430 1013 83 49 quod
482 1013 115 49 quadam,
566 1013 73 49 &c.
607 1013 63 49 i.
628 1013 94 49 quoniam

217 1051 127 51 altera
306 1051 140 51 dicitur
408 1051 190 51 substantia,
560 1051 102 51 quae
623 1051 89 51 est
662 1051 63 51 con

220 1090 139 51 gregata
321 1090 76 51 ex
359 1090 114 51 forma
435 1090 63 51 &
460 1090 151 51 materia.
574 1090 151 51 scilicet
675 1090 50 51 ex

214 1129 169 53 materia
337 1129 77 53 &
367 1129 138 53 forma
460 1129 246 53 demonstrata,
644 1129 77 53 qui

217 1167 92 43 est
269 1167 79 43 in
309 1167 157 43 materia:
427 1167 131 43 altera
518 1167 118 43 autem
597 1167 92 43 est
636 1167 79 43 for-

223 1207 83 52 ma
265 1207 222 52 vniuersalis,
445 1207 111 52 quam
515 1207 194 52 significat
654 1207 69 52 de-

217 1247 163 52 finitio.
339 1247 108 52 D.d.
407 1247 122 52 Omnia
489 1247 149 52 igitur,
597 1247 108 52 quae
651 1247 68 52 dif

215 1285 146 53 cuntur,
321 1285 93 53 &c.
374 1285 66 53 i
400 1285 185 53 substantia
546 1285 146 53 igitur,
639 1285 79 53 quae

216 1328 159 49 dicitur
331 1328 86 49 de
374 1328 202 49 congregato
533 1328 86 49 ex
576 1328 159 49 materia
677 1328 43 49 &

220 1364 151 52 forma,
326 1364 136 52 habet
416 1364 242 52 generatronem
612 1364 75 52 &
627 1364 91 52 cor-

219 1413 210 31 ruptionem:
384 1413 210 31 substantia
548 1413 135 31 vero,
638 1413 120 31 quam

214 1441 191 52 significat
365 1441 191 52 definitio,
515 1441 96 52 non
570 1441 123 52 habet
638 1441 82 52 gene

221 1484 191 50 rantionem
368 1484 132 50 neque
456 1484 250 50 corruptionem.
648 1484 73 50 De-

219 1518 103 44 inde
283 1518 77 44 d.
322 1518 167 44 definitio
450 1518 128 44 autem,
540 1518 103 44 quae
604 1518 103 44 est,
655 1518 64 44 &c.

222 1557 75 55 i.
260 1557 163 55 definitio
386 1557 126 55 autem,
474 1557 101 55 quae
537 1557 176 55 significat
662 1557 63 55 hoc

217 1596 96 53 modo
277 1596 144 53 scilicet
385 1596 96 53 quae
445 1596 168 53 significat
576 1596 132 53 formam,
660 1596 60 53 non

217 1635 134 53 habet
306 1635 253 53 corruptionem,
515 1635 104 53 qui
574 1635 74 53 a
604 1635 104 53 non
649 1635 74 53 ha-

212 1676 112 54 bet
276 1676 271 54 generationem.
499 1676 191 54 Quiditas
626 1676 96 54 enim

212 1722 143 48 domus
307 1722 175 48 simplex
434 1722 111 48 non
498 1722 143 48 habet
577 1722 143 48 genera-

220 1757 154 50 tionem,
332 1757 112 50 quia
402 1757 182 50 generatio
541 1757 98 50 non
597 1757 98 50 est
639 1757 84 50 nisi

215 1793 145 40 istius
317 1793 131 40 domus
404 1793 247 40 demonstratae.
608 1793 116 40 D.d.
680 1793 73 40 &

219 1833 88 50 ista
274 1833 110 50 igitur
351 1833 99 50 sunt,
417 1833 55 50 &
439 1833 77 50 non
483 1833 99 50 sunt,
549 1833 77 50 &c.
593 1833 66 50 i.
626 1833 88 50 quod
670 1833 55 50 sub

745 141 158 45 stantiae
863 141 210 45 particulares
1034 141 105 45 sunt
1086 141 171 45 existentes,

736 188 117 32 D.d.
809 188 73 32 &
838 188 204 32 declaratum
999 188 117 32 est,
1072 188 102 32 &c.
1130 188 73 32 &
1144 188 117 32 inter-

740 227 101 34 dit
797 227 230 34 vniuersalia.
984 227 115 34 D.d.
1056 227 86 34 Et
1100 227 115 34 ideo
1157 227 101 34 neque

743 260 76 53 de
781 260 152 53 finitio,
895 260 89 53 &c.
946 260 76 53 i.
984 260 101 53 quis
1048 260 177 53 generantur
1187 260 63 53 &
1200 260 63 53 eor

736 308 177 38 rumpuntur.
876 308 101 38 D.d.
939 308 139 38 causam,
1040 308 139 38 propter
1141 308 101 38 quam
1192 308 63 38 ac-

738 340 105 51 cidit
809 340 82 51 eis
855 340 152 51 generatio
973 340 59 51 &
996 340 152 51 corruptio
1113 340 141 51 scilicet
1207 340 47 51 in

743 377 180 48 diuiduis,
882 377 69 48 &
909 377 83 48 d.
951 377 139 48 habent
1048 377 111 48 enim
1104 377 152 48 materiam,

735 425 94 35 &c.
788 425 81 35 i.
829 425 67 35 &
855 425 148 35 necesse
963 425 107 35 est,
1030 425 81 35 vt
1070 425 94 35 res
1110 425 148 35 demonstra

737 455 79 45 tae
782 455 79 45 hic
827 455 181 45 corrumpartur
974 455 124 45 propter
1064 455 90 45 hoc,
1121 455 90 45 quod
1166 455 90 45 habent

744 495 176 43 materiam,
880 495 108 43 quae
947 495 135 43 potest
1042 495 162 43 recipere
1150 495 108 43 formam

744 534 77 44 in
783 534 129 44 aliqua
873 534 116 44 hora,
950 534 64 44 &
976 534 154 44 amittere
1092 534 90 44 eam
1143 534 77 44 in
1169 534 90 44 alia.

735 580 101 38 D.d.
799 580 89 38 Et,
849 580 76 38 si
887 580 202 38 demonstratio
1052 580 101 38 est,
1115 580 89 38 &c.
1165 580 76 38 i.
1203 580 76 38 &,

744 613 87 37 si
787 613 231 37 demonstratio
975 613 101 37 est
1033 613 130 37 vera,
1105 613 159 37 definitio

746 653 116 45 debet
824 653 103 45 esse
888 653 78 45 ex
927 653 116 45 rebus
1005 653 194 45 necessarijs
1147 653 103 45 aeter-

741 693 110 37 nis
804 693 78 37 &
835 693 204 37 perpetuis
992 693 235 37 quemadmodum
1165 693 94 37 enim

744 731 197 40 impossibile
902 731 92 40 est
954 731 79 40 vt
994 731 118 40 scire
1073 731 66 40 &
1099 731 145 40 nescire
1191 731 66 40 sit

734 770 130 40 eius.
820 770 115 40 quod
892 770 101 40 non
950 770 101 40 est
1007 770 230 40 necessarium,
1180 770 72 40 sed

739 812 200 41 existimare,
898 812 93 41 ita
952 812 200 41 impossibile
1112 812 93 41 est
1165 812 80 41 vt
1191 812 67 41 fit

738 848 164 42 scientia
861 848 137 42 rerum,
957 848 109 42 quae
1026 848 150 42 possunt
1135 848 109 42 esse
1203 848 82 42 in

733 887 146 44 aliqua
836 887 248 44 dispositione,
1040 887 73 44 &
1069 887 88 44 in
1098 887 161 44 contraria

739 928 209 50 dispositione.
911 928 86 50 Et,
960 928 86 50 cum
1009 928 135 50 posuit,
1108 928 98 50 quod
1157 928 86 50 scien

736 966 101 48 tiae
800 966 101 48 sunt
863 966 76 48 in
901 966 114 48 rebus
977 966 202 48 necessarijs,
1129 966 127 48 incoepit

743 1006 184 44 declarare,
888 1006 105 44 quod
953 1006 79 44 in
993 1006 118 44 rebus
1059 1006 197 44 transmutabili

740 1045 95 46 bus
795 1045 95 46 non
849 1045 95 46 est
904 1045 163 46 scientia
1026 1045 204 46 necessaria,
1190 1045 68 46 &
1204 1045 54 46 d.

743 1085 188 45 manifestum
891 1085 94 45 est
944 1085 135 45 igitur
1039 1085 135 45 eriam,
1133 1085 108 45 quod
1187 1085 67 45 non

743 1125 146 54 habebunt
852 1125 146 54 scilicet
962 1125 85 54 res
1011 1125 219 54 transmurabiles
1181 1125 73 54 gene

735 1165 144 50 rabiles
840 1165 66 50 &
866 1165 236 50 corruptibiles.
1062 1165 105 50 D.d.
1128 1165 105 50 quae
1180 1165 79 50 enim

740 1212 201 43 corrumpuntur,
906 1212 83 43 &c.
953 1212 71 43 i.
988 1212 189 43 particularia
1142 1212 95 43 enim
1201 1212 83 43 non

735 1244 170 39 sciuntur,
866 1244 105 39 nisi
931 1244 92 39 dum
984 1244 105 39 sunt
1049 1244 79 39 in
1089 1244 131 39 sensu:
1180 1244 66 39 &
1193 1244 66 39 cum

736 1282 168 49 recedunt
862 1282 70 49 a
890 1282 126 49 sensu
974 1282 154 49 possunt
1085 1282 182 49 corrumpi,
1211 1282 42 49 &

733 1321 124 41 tunc
810 1321 108 41 non
872 1321 201 41 remanebit
1026 1321 185 41 cognitio
1150 1321 108 41 eorum

735 1358 110 52 apud
804 1358 206 52 sentientes,
969 1358 96 52 sed
1024 1358 137 52 tantum
1106 1358 151 52 remanebit

743 1397 224 45 existimatio.
925 1397 112 45 D.d.
995 1397 70 45 &
1023 1397 112 45 erit
1093 1397 126 45 sermo
1163 1397 84 45 con-

748 1436 134 51 seruatus
849 1436 67 51 in
882 1436 112 51 anima.
961 1436 56 51 &
983 1436 112 51 quando
1062 1436 134 51 sensatum
1151 1436 101 51 recesse

740 1477 93 38 rit
793 1477 67 38 a
820 1477 133 38 sensu,
913 1477 173 38 remanebit
1046 1477 93 38 sua
1086 1477 160 38 informatio

744 1517 57 52 in
772 1517 95 52 anima,
838 1517 66 52 non
876 1517 66 52 ita
914 1517 76 52 quod
961 1517 66 52 sit
999 1517 95 52 certus
1066 1517 85 52 ipsum
1122 1517 85 52 esse,
1170 1517 85 52 quandom

734 1551 151 43 recedit
844 1551 68 43 a
871 1551 137 43 sensu:
967 1551 68 43 &
994 1551 109 43 ideo
1063 1551 192 43 sensibilia
1200 1551 68 43 non

740 1597 99 51 naunt
806 1597 187 51 definitionem,
960 1597 99 51 neque
1026 1597 220 51 demonstrationem,
1202 1597 66 51 quia

736 1642 131 41 postqua
831 1642 154 41 recedunt,
950 1642 83 41 non
998 1642 107 41 habet
1069 1642 95 41 nisi
1116 1642 131 41 existima-

741 1674 162 40 tionem.
859 1674 118 40 D.d.
932 1674 88 40 Et
976 1674 118 40 ideo
1050 1674 162 40 oportet
1153 1674 88 40 defi

735 1711 160 43 nientes,
854 1711 93 43 &c.
908 1711 80 43 i.
947 1711 66 43 &
974 1711 106 43 ideo
1041 1711 146 43 oportet
1134 1711 106 43 defini

739 1757 85 45 tes
788 1757 110 45 scire
861 1757 97 45 quod
921 1757 73 45 si
958 1757 158 45 definitio
1080 1757 110 45 esset
1140 1757 110 45 partcu-

739 1788 152 53 larium,
849 1788 152 53 necesse
960 1788 124 53 esset
1042 1788 83 53 vt
1070 1788 179 53 particulare

735 1829 118 54 esset
813 1829 183 54 permanens.
957 1829 105 54 D.d.
1023 1829 196 54 impossibile
1167 1829 78 54 enim
