<?xml version="1.0" encoding="UTF-8"?>
<alto xmlns:xsi="http://www.w3.org/2001/XMLSchema-instance"
      xmlns="http://www.loc.gov/standards/alto/ns-v2#"
      xmlns:page="http://schema.primaresearch.org/PAGE/gts/pagecontent/2013-07-15"
      xsi:schemaLocation="http://www.loc.gov/standards/alto/ns-v2# http://www.loc.gov/standards/alto/alto.xsd">
   <Description>
      <MeasurementUnit>pixel</MeasurementUnit>
      <OCRProcessing ID="IdOcr">
         <ocrProcessingStep>
            <processingDateTime>2020-11-21T10:32:44.283-05:00</processingDateTime>
            <processingSoftware>
               <softwareCreator>READ COOP</softwareCreator>
               <softwareName>Transkribus</softwareName>
            </processingSoftware>
         </ocrProcessingStep>
      </OCRProcessing>
   </Description>
   <Tags/>
   <Layout>
      <Page ID="Page1" PHYSICAL_IMG_NR="1" HEIGHT="2066" WIDTH="1475">
         <TopMargin HEIGHT="0" WIDTH="1475" VPOS="0" HPOS="0"/>
         <LeftMargin HEIGHT="2066" WIDTH="0" VPOS="0" HPOS="0"/>
         <RightMargin HEIGHT="2066" WIDTH="0" VPOS="0" HPOS="1475"/>
         <BottomMargin HEIGHT="0" WIDTH="1475" VPOS="2066" HPOS="0"/>
         <PrintSpace HEIGHT="2066" WIDTH="1475" VPOS="0" HPOS="0">
            <TextBlock ID="TextRegion_1604507307010_777"
                       HEIGHT="1773"
                       WIDTH="509"
                       VPOS="89"
                       HPOS="191">
               <Shape>
                  <Polygon POINTS="191,89 700,89 700,1862 191,1862"/>
               </Shape>
               <TextLine ID="line_1604507307101_780"
                         BASELINE="186"
                         HEIGHT="49"
                         WIDTH="514"
                         VPOS="137"
                         HPOS="185">
                  <String HEIGHT="49"
                          WIDTH="206"
                          VPOS="137"
                          HPOS="164"
                          CONTENT="numero"/>
                  <SP HEIGHT="49" WIDTH="21" VPOS="137" HPOS="370"/>
                  <String HEIGHT="49"
                          WIDTH="164"
                          VPOS="137"
                          HPOS="308"
                          CONTENT="vnum"/>
                  <SP HEIGHT="49" WIDTH="21" VPOS="137" HPOS="473"/>
                  <String HEIGHT="49"
                          WIDTH="226"
                          VPOS="137"
                          HPOS="411"
                          CONTENT="numero,"/>
                  <SP HEIGHT="49" WIDTH="21" VPOS="137" HPOS="637"/>
                  <String HEIGHT="49"
                          WIDTH="144"
                          VPOS="137"
                          HPOS="555"
                          CONTENT="mani"
                          SUBS_TYPE="HypPart1"
                          SUBS_CONTENT="manifestum"/>
                  <HYP CONTENT="-"/>
               </TextLine>
               <TextLine ID="r2l3"
                         BASELINE="226"
                         HEIGHT="46"
                         WIDTH="507"
                         VPOS="180"
                         HPOS="189">
                  <String HEIGHT="46"
                          WIDTH="141"
                          VPOS="180"
                          HPOS="175"
                          CONTENT="festum"
                          SUBS_TYPE="HypPart2"
                          SUBS_CONTENT="manifestum"/>
                  <SP HEIGHT="46" WIDTH="14" VPOS="180" HPOS="316"/>
                  <String HEIGHT="46"
                          WIDTH="113"
                          VPOS="180"
                          HPOS="274"
                          CONTENT="quod"/>
                  <SP HEIGHT="46" WIDTH="14" VPOS="180" HPOS="386"/>
                  <String HEIGHT="46"
                          WIDTH="127"
                          VPOS="180"
                          HPOS="344"
                          CONTENT="neque"/>
                  <SP HEIGHT="46" WIDTH="14" VPOS="180" HPOS="471"/>
                  <String HEIGHT="46"
                          WIDTH="113"
                          VPOS="180"
                          HPOS="428"
                          CONTENT="vnum"/>
                  <SP HEIGHT="46" WIDTH="14" VPOS="180" HPOS="541"/>
                  <String HEIGHT="46"
                          WIDTH="127"
                          VPOS="180"
                          HPOS="499"
                          CONTENT="neque"/>
                  <SP HEIGHT="46" WIDTH="14" VPOS="180" HPOS="626"/>
                  <String HEIGHT="46" WIDTH="99" VPOS="180" HPOS="583" CONTENT="ens"/>
                  <SP HEIGHT="46" WIDTH="14" VPOS="180" HPOS="682"/>
                  <String HEIGHT="46" WIDTH="70" VPOS="180" HPOS="626" CONTENT="con"/>
               </TextLine>
               <TextLine ID="r2l4"
                         BASELINE="278"
                         HEIGHT="58"
                         WIDTH="500"
                         VPOS="220"
                         HPOS="199">
                  <String HEIGHT="58"
                          WIDTH="152"
                          VPOS="220"
                          HPOS="184"
                          CONTENT="tingit"/>
                  <SP HEIGHT="58" WIDTH="15" VPOS="220" HPOS="335"/>
                  <String HEIGHT="58"
                          WIDTH="227"
                          VPOS="220"
                          HPOS="290"
                          CONTENT="substantiam"/>
                  <SP HEIGHT="58" WIDTH="15" VPOS="220" HPOS="517"/>
                  <String HEIGHT="58"
                          WIDTH="121"
                          VPOS="220"
                          HPOS="472"
                          CONTENT="esse"/>
                  <SP HEIGHT="58" WIDTH="15" VPOS="220" HPOS="593"/>
                  <String HEIGHT="58"
                          WIDTH="152"
                          VPOS="220"
                          HPOS="547"
                          CONTENT="rerum,"/>
                  <SP HEIGHT="58" WIDTH="15" VPOS="220" HPOS="699"/>
                  <String HEIGHT="58" WIDTH="61" VPOS="220" HPOS="638" CONTENT="si"/>
               </TextLine>
               <TextLine ID="r2l5"
                         BASELINE="314"
                         HEIGHT="54"
                         WIDTH="508"
                         VPOS="260"
                         HPOS="197">
                  <String HEIGHT="54"
                          WIDTH="116"
                          VPOS="260"
                          HPOS="182"
                          CONTENT="cuti"/>
                  <SP HEIGHT="54" WIDTH="15" VPOS="260" HPOS="299"/>
                  <String HEIGHT="54"
                          WIDTH="131"
                          VPOS="260"
                          HPOS="255"
                          CONTENT="neque"/>
                  <SP HEIGHT="54" WIDTH="15" VPOS="260" HPOS="386"/>
                  <String HEIGHT="54"
                          WIDTH="174"
                          VPOS="260"
                          HPOS="342"
                          CONTENT="elemento"/>
                  <SP HEIGHT="54" WIDTH="15" VPOS="260" HPOS="516"/>
                  <String HEIGHT="54"
                          WIDTH="131"
                          VPOS="260"
                          HPOS="473"
                          CONTENT="esse,"/>
                  <SP HEIGHT="54" WIDTH="15" VPOS="260" HPOS="603"/>
                  <String HEIGHT="54" WIDTH="102" VPOS="260" HPOS="560" CONTENT="aut"/>
                  <SP HEIGHT="54" WIDTH="15" VPOS="260" HPOS="661"/>
                  <String HEIGHT="54"
                          WIDTH="102"
                          VPOS="260"
                          HPOS="603"
                          CONTENT="prin"
                          SUBS_TYPE="HypPart1"
                          SUBS_CONTENT="principio."/>
                  <HYP CONTENT="-"/>
               </TextLine>
               <TextLine ID="r2l6"
                         BASELINE="364"
                         HEIGHT="55"
                         WIDTH="499"
                         VPOS="309"
                         HPOS="195">
                  <String HEIGHT="55"
                          WIDTH="166"
                          VPOS="309"
                          HPOS="178"
                          CONTENT="cipio."
                          SUBS_TYPE="HypPart2"
                          SUBS_CONTENT="principio."/>
                  <SP HEIGHT="55" WIDTH="17" VPOS="309" HPOS="345"/>
                  <String HEIGHT="55" WIDTH="116" VPOS="309" HPOS="295" CONTENT="sed"/>
                  <SP HEIGHT="55" WIDTH="17" VPOS="309" HPOS="411"/>
                  <String HEIGHT="55"
                          WIDTH="216"
                          VPOS="309"
                          HPOS="361"
                          CONTENT="quaerimus"/>
                  <SP HEIGHT="55" WIDTH="17" VPOS="309" HPOS="578"/>
                  <String HEIGHT="55"
                          WIDTH="133"
                          VPOS="309"
                          HPOS="528"
                          CONTENT="quid"/>
                  <SP HEIGHT="55" WIDTH="17" VPOS="309" HPOS="661"/>
                  <String HEIGHT="55"
                          WIDTH="100"
                          VPOS="309"
                          HPOS="594"
                          CONTENT="ergo"/>
               </TextLine>
               <TextLine ID="r2l7"
                         BASELINE="402"
                         HEIGHT="46"
                         WIDTH="502"
                         VPOS="356"
                         HPOS="196">
                  <String HEIGHT="46"
                          WIDTH="243"
                          VPOS="356"
                          HPOS="180"
                          CONTENT="principium,"/>
                  <SP HEIGHT="46" WIDTH="16" VPOS="356" HPOS="423"/>
                  <String HEIGHT="46" WIDTH="97" VPOS="356" HPOS="374" CONTENT="vt"/>
                  <SP HEIGHT="46" WIDTH="16" VPOS="356" HPOS="471"/>
                  <String HEIGHT="46" WIDTH="97" VPOS="356" HPOS="423" CONTENT="ad"/>
                  <SP HEIGHT="46" WIDTH="16" VPOS="356" HPOS="520"/>
                  <String HEIGHT="46"
                          WIDTH="178"
                          VPOS="356"
                          HPOS="471"
                          CONTENT="notiora"/>
                  <SP HEIGHT="46" WIDTH="16" VPOS="356" HPOS="649"/>
                  <String HEIGHT="46"
                          WIDTH="113"
                          VPOS="356"
                          HPOS="585"
                          CONTENT="refe"
                          SUBS_TYPE="HypPart1"
                          SUBS_CONTENT="referamus."/>
                  <HYP CONTENT="-"/>
               </TextLine>
               <TextLine ID="r2l8"
                         BASELINE="436"
                         HEIGHT="47"
                         WIDTH="504"
                         VPOS="389"
                         HPOS="201">
                  <String HEIGHT="47"
                          WIDTH="148"
                          VPOS="389"
                          HPOS="186"
                          CONTENT="ramus."
                          SUBS_TYPE="HypPart2"
                          SUBS_CONTENT="referamus."/>
                  <SP HEIGHT="47" WIDTH="15" VPOS="389" HPOS="334"/>
                  <String HEIGHT="47"
                          WIDTH="133"
                          VPOS="389"
                          HPOS="290"
                          CONTENT="Magis"/>
                  <SP HEIGHT="47" WIDTH="15" VPOS="389" HPOS="423"/>
                  <String HEIGHT="47"
                          WIDTH="148"
                          VPOS="389"
                          HPOS="379"
                          CONTENT="igitur"/>
                  <SP HEIGHT="47" WIDTH="15" VPOS="389" HPOS="527"/>
                  <String HEIGHT="47" WIDTH="104" VPOS="389" HPOS="483" CONTENT="his"/>
                  <SP HEIGHT="47" WIDTH="15" VPOS="389" HPOS="586"/>
                  <String HEIGHT="47"
                          WIDTH="178"
                          VPOS="389"
                          HPOS="527"
                          CONTENT="substantia"/>
               </TextLine>
               <TextLine ID="r2l9"
                         BASELINE="482"
                         HEIGHT="53"
                         WIDTH="503"
                         VPOS="429"
                         HPOS="198">
                  <String HEIGHT="53" WIDTH="101" VPOS="429" HPOS="184" CONTENT="est"/>
                  <SP HEIGHT="53" WIDTH="14" VPOS="429" HPOS="284"/>
                  <String HEIGHT="53" WIDTH="101" VPOS="429" HPOS="241" CONTENT="ens"/>
                  <SP HEIGHT="53" WIDTH="14" VPOS="429" HPOS="342"/>
                  <String HEIGHT="53" WIDTH="72" VPOS="429" HPOS="299" CONTENT="&amp;"/>
                  <SP HEIGHT="53" WIDTH="14" VPOS="429" HPOS="370"/>
                  <String HEIGHT="53"
                          WIDTH="129"
                          VPOS="429"
                          HPOS="327"
                          CONTENT="vnum,"/>
                  <SP HEIGHT="53" WIDTH="14" VPOS="429" HPOS="457"/>
                  <String HEIGHT="53"
                          WIDTH="115"
                          VPOS="429"
                          HPOS="414"
                          CONTENT="quam"/>
                  <SP HEIGHT="53" WIDTH="14" VPOS="429" HPOS="529"/>
                  <String HEIGHT="53"
                          WIDTH="216"
                          VPOS="429"
                          HPOS="485"
                          CONTENT="principium,"/>
                  <SP HEIGHT="53" WIDTH="14" VPOS="429" HPOS="701"/>
                  <String HEIGHT="53" WIDTH="72" VPOS="429" HPOS="658" CONTENT="&amp;"/>
                  <SP HEIGHT="53" WIDTH="14" VPOS="429" HPOS="730"/>
                  <String HEIGHT="53" WIDTH="29" VPOS="429" HPOS="672" CONTENT=""/>
               </TextLine>
               <TextLine ID="r2l10"
                         BASELINE="514"
                         HEIGHT="40"
                         WIDTH="499"
                         VPOS="474"
                         HPOS="201">
                  <String HEIGHT="40"
                          WIDTH="233"
                          VPOS="474"
                          HPOS="184"
                          CONTENT="elementum,"/>
                  <SP HEIGHT="40" WIDTH="17" VPOS="474" HPOS="417"/>
                  <String HEIGHT="40" WIDTH="83" VPOS="474" HPOS="367" CONTENT="&amp;"/>
                  <SP HEIGHT="40" WIDTH="17" VPOS="474" HPOS="451"/>
                  <String HEIGHT="40"
                          WIDTH="166"
                          VPOS="474"
                          HPOS="401"
                          CONTENT="causa."/>
                  <SP HEIGHT="40" WIDTH="17" VPOS="474" HPOS="567"/>
                  <String HEIGHT="40" WIDTH="116" VPOS="474" HPOS="517" CONTENT="sed"/>
                  <SP HEIGHT="40" WIDTH="17" VPOS="474" HPOS="633"/>
                  <String HEIGHT="40"
                          WIDTH="133"
                          VPOS="474"
                          HPOS="567"
                          CONTENT="necdum"/>
               </TextLine>
               <TextLine ID="r2l11"
                         BASELINE="563"
                         HEIGHT="46"
                         WIDTH="490"
                         VPOS="517"
                         HPOS="198">
                  <String HEIGHT="46"
                          WIDTH="123"
                          VPOS="517"
                          HPOS="184"
                          CONTENT="ista,"/>
                  <SP HEIGHT="46" WIDTH="14" VPOS="517" HPOS="307"/>
                  <String HEIGHT="46" WIDTH="82" VPOS="517" HPOS="266" CONTENT="si"/>
                  <SP HEIGHT="46" WIDTH="14" VPOS="517" HPOS="348"/>
                  <String HEIGHT="46" WIDTH="95" VPOS="517" HPOS="307" CONTENT="nec"/>
                  <SP HEIGHT="46" WIDTH="14" VPOS="517" HPOS="402"/>
                  <String HEIGHT="46"
                          WIDTH="123"
                          VPOS="517"
                          HPOS="361"
                          CONTENT="aliud"/>
                  <SP HEIGHT="46" WIDTH="14" VPOS="517" HPOS="484"/>
                  <String HEIGHT="46"
                          WIDTH="136"
                          VPOS="517"
                          HPOS="443"
                          CONTENT="quidem"/>
                  <SP HEIGHT="46" WIDTH="14" VPOS="517" HPOS="579"/>
                  <String HEIGHT="46"
                          WIDTH="150"
                          VPOS="517"
                          HPOS="538"
                          CONTENT="commune"/>
                  <SP HEIGHT="46" WIDTH="14" VPOS="517" HPOS="688"/>
                  <String HEIGHT="46" WIDTH="54" VPOS="517" HPOS="634" CONTENT="vl"/>
               </TextLine>
               <TextLine ID="r2l12"
                         BASELINE="602"
                         HEIGHT="45"
                         WIDTH="501"
                         VPOS="557"
                         HPOS="196">
                  <String HEIGHT="45" WIDTH="97" VPOS="557" HPOS="182" CONTENT="lum"/>
                  <SP HEIGHT="45" WIDTH="14" VPOS="557" HPOS="279"/>
                  <String HEIGHT="45"
                          WIDTH="195"
                          VPOS="557"
                          HPOS="238"
                          CONTENT="substantia"/>
                  <SP HEIGHT="45" WIDTH="14" VPOS="557" HPOS="433"/>
                  <String HEIGHT="45"
                          WIDTH="111"
                          VPOS="557"
                          HPOS="391"
                          CONTENT="est."/>
                  <SP HEIGHT="45" WIDTH="14" VPOS="557" HPOS="502"/>
                  <String HEIGHT="45"
                          WIDTH="125"
                          VPOS="557"
                          HPOS="460"
                          CONTENT="nulli"/>
                  <SP HEIGHT="45" WIDTH="14" VPOS="557" HPOS="586"/>
                  <String HEIGHT="45"
                          WIDTH="111"
                          VPOS="557"
                          HPOS="544"
                          CONTENT="enim"/>
                  <SP HEIGHT="45" WIDTH="14" VPOS="557" HPOS="655"/>
                  <String HEIGHT="45"
                          WIDTH="97"
                          VPOS="557"
                          HPOS="600"
                          CONTENT="inest"/>
               </TextLine>
               <TextLine ID="r2l13"
                         BASELINE="642"
                         HEIGHT="38"
                         WIDTH="504"
                         VPOS="604"
                         HPOS="196">
                  <String HEIGHT="38"
                          WIDTH="202"
                          VPOS="604"
                          HPOS="182"
                          CONTENT="substantia"/>
                  <SP HEIGHT="38" WIDTH="14" VPOS="604" HPOS="383"/>
                  <String HEIGHT="38"
                          WIDTH="115"
                          VPOS="604"
                          HPOS="340"
                          CONTENT="nisi"/>
                  <SP HEIGHT="38" WIDTH="14" VPOS="604" HPOS="455"/>
                  <String HEIGHT="38"
                          WIDTH="115"
                          VPOS="604"
                          HPOS="412"
                          CONTENT="sibi"/>
                  <SP HEIGHT="38" WIDTH="14" VPOS="604" HPOS="527"/>
                  <String HEIGHT="38"
                          WIDTH="130"
                          VPOS="604"
                          HPOS="484"
                          CONTENT="ipsi,"/>
                  <SP HEIGHT="38" WIDTH="14" VPOS="604" HPOS="614"/>
                  <String HEIGHT="38" WIDTH="72" VPOS="604" HPOS="570" CONTENT="&amp;"/>
                  <SP HEIGHT="38" WIDTH="14" VPOS="604" HPOS="642"/>
                  <String HEIGHT="38"
                          WIDTH="115"
                          VPOS="604"
                          HPOS="585"
                          CONTENT="haben"
                          SUBS_TYPE="HypPart1"
                          SUBS_CONTENT="habenti"/>
                  <HYP CONTENT="-"/>
               </TextLine>
               <TextLine ID="r2l14"
                         BASELINE="683"
                         HEIGHT="42"
                         WIDTH="494"
                         VPOS="641"
                         HPOS="202">
                  <String HEIGHT="42"
                          WIDTH="87"
                          VPOS="641"
                          HPOS="187"
                          CONTENT="ti"
                          SUBS_TYPE="HypPart2"
                          SUBS_CONTENT="habenti"/>
                  <SP HEIGHT="42" WIDTH="15" VPOS="641" HPOS="275"/>
                  <String HEIGHT="42"
                          WIDTH="116"
                          VPOS="641"
                          HPOS="231"
                          CONTENT="eam,"/>
                  <SP HEIGHT="42" WIDTH="15" VPOS="641" HPOS="347"/>
                  <String HEIGHT="42"
                          WIDTH="131"
                          VPOS="641"
                          HPOS="304"
                          CONTENT="cuius"/>
                  <SP HEIGHT="42" WIDTH="15" VPOS="641" HPOS="434"/>
                  <String HEIGHT="42"
                          WIDTH="203"
                          VPOS="641"
                          HPOS="391"
                          CONTENT="substantia"/>
                  <SP HEIGHT="42" WIDTH="15" VPOS="641" HPOS="594"/>
                  <String HEIGHT="42"
                          WIDTH="116"
                          VPOS="641"
                          HPOS="551"
                          CONTENT="est."/>
                  <SP HEIGHT="42" WIDTH="15" VPOS="641" HPOS="667"/>
                  <String HEIGHT="42" WIDTH="87" VPOS="641" HPOS="609" CONTENT="Item"/>
               </TextLine>
               <TextLine ID="r2l15"
                         BASELINE="735"
                         HEIGHT="50"
                         WIDTH="505"
                         VPOS="685"
                         HPOS="200">
                  <String HEIGHT="50"
                          WIDTH="147"
                          VPOS="685"
                          HPOS="184"
                          CONTENT="ipsum"/>
                  <SP HEIGHT="50" WIDTH="16" VPOS="685" HPOS="330"/>
                  <String HEIGHT="50"
                          WIDTH="130"
                          VPOS="685"
                          HPOS="281"
                          CONTENT="vnum"/>
                  <SP HEIGHT="50" WIDTH="16" VPOS="685" HPOS="412"/>
                  <String HEIGHT="50" WIDTH="98" VPOS="685" HPOS="363" CONTENT="in"/>
                  <SP HEIGHT="50" WIDTH="16" VPOS="685" HPOS="461"/>
                  <String HEIGHT="50"
                          WIDTH="195"
                          VPOS="685"
                          HPOS="412"
                          CONTENT="pluribus"/>
                  <SP HEIGHT="50" WIDTH="16" VPOS="685" HPOS="607"/>
                  <String HEIGHT="50" WIDTH="114" VPOS="685" HPOS="558" CONTENT="non"/>
                  <SP HEIGHT="50" WIDTH="16" VPOS="685" HPOS="672"/>
                  <String HEIGHT="50" WIDTH="98" VPOS="685" HPOS="607" CONTENT="erit"/>
               </TextLine>
               <TextLine ID="r2l16"
                         BASELINE="772"
                         HEIGHT="47"
                         WIDTH="509"
                         VPOS="725"
                         HPOS="195">
                  <String HEIGHT="47"
                          WIDTH="182"
                          VPOS="725"
                          HPOS="177"
                          CONTENT="simul:"/>
                  <SP HEIGHT="47" WIDTH="18" VPOS="725" HPOS="359"/>
                  <String HEIGHT="47"
                          WIDTH="200"
                          VPOS="725"
                          HPOS="304"
                          CONTENT="commune"/>
                  <SP HEIGHT="47" WIDTH="18" VPOS="725" HPOS="504"/>
                  <String HEIGHT="47"
                          WIDTH="145"
                          VPOS="725"
                          HPOS="450"
                          CONTENT="vero"/>
                  <SP HEIGHT="47" WIDTH="18" VPOS="725" HPOS="595"/>
                  <String HEIGHT="47"
                          WIDTH="164"
                          VPOS="725"
                          HPOS="540"
                          CONTENT="simul"/>
                  <SP HEIGHT="47" WIDTH="18" VPOS="725" HPOS="704"/>
                  <String HEIGHT="47" WIDTH="73" VPOS="725" HPOS="631" CONTENT="in"/>
               </TextLine>
               <TextLine ID="r2l17"
                         BASELINE="818"
                         HEIGHT="53"
                         WIDTH="498"
                         VPOS="765"
                         HPOS="198">
                  <String HEIGHT="53"
                          WIDTH="176"
                          VPOS="765"
                          HPOS="183"
                          CONTENT="pluribus"/>
                  <SP HEIGHT="53" WIDTH="15" VPOS="765" HPOS="359"/>
                  <String HEIGHT="53"
                          WIDTH="117"
                          VPOS="765"
                          HPOS="315"
                          CONTENT="est."/>
                  <SP HEIGHT="53" WIDTH="15" VPOS="765" HPOS="432"/>
                  <String HEIGHT="53"
                          WIDTH="132"
                          VPOS="765"
                          HPOS="388"
                          CONTENT="Quare"/>
                  <SP HEIGHT="53" WIDTH="15" VPOS="765" HPOS="520"/>
                  <String HEIGHT="53"
                          WIDTH="132"
                          VPOS="765"
                          HPOS="476"
                          CONTENT="patet"/>
                  <SP HEIGHT="53" WIDTH="15" VPOS="765" HPOS="608"/>
                  <String HEIGHT="53"
                          WIDTH="117"
                          VPOS="765"
                          HPOS="564"
                          CONTENT="quod"/>
                  <SP HEIGHT="53" WIDTH="15" VPOS="765" HPOS="681"/>
                  <String HEIGHT="53"
                          WIDTH="73"
                          VPOS="765"
                          HPOS="623"
                          CONTENT="ni"
                          SUBS_TYPE="HypPart1"
                          SUBS_CONTENT="nihil"/>
                  <HYP CONTENT="-"/>
               </TextLine>
               <TextLine ID="r2l18"
                         BASELINE="858"
                         HEIGHT="40"
                         WIDTH="511"
                         VPOS="818"
                         HPOS="194">
                  <String HEIGHT="40"
                          WIDTH="112"
                          VPOS="818"
                          HPOS="178"
                          CONTENT="hil"
                          SUBS_TYPE="HypPart2"
                          SUBS_CONTENT="nihil"/>
                  <SP HEIGHT="40" WIDTH="16" VPOS="818" HPOS="290"/>
                  <String HEIGHT="40"
                          WIDTH="256"
                          VPOS="818"
                          HPOS="242"
                          CONTENT="vniuersalium"/>
                  <SP HEIGHT="40" WIDTH="16" VPOS="818" HPOS="497"/>
                  <String HEIGHT="40"
                          WIDTH="208"
                          VPOS="818"
                          HPOS="450"
                          CONTENT="separatim"/>
                  <SP HEIGHT="40" WIDTH="16" VPOS="818" HPOS="657"/>
                  <String HEIGHT="40"
                          WIDTH="112"
                          VPOS="818"
                          HPOS="593"
                          CONTENT="prae"
                          SUBS_TYPE="HypPart1"
                          SUBS_CONTENT="praeter"/>
                  <HYP CONTENT="-"/>
               </TextLine>
               <TextLine ID="r2l19"
                         BASELINE="906"
                         HEIGHT="54"
                         WIDTH="269"
                         VPOS="852"
                         HPOS="197">
                  <String HEIGHT="54"
                          WIDTH="105"
                          VPOS="852"
                          HPOS="182"
                          CONTENT="ter"
                          SUBS_TYPE="HypPart2"
                          SUBS_CONTENT="praeter"/>
                  <SP HEIGHT="54" WIDTH="15" VPOS="852" HPOS="287"/>
                  <String HEIGHT="54"
                          WIDTH="209"
                          VPOS="852"
                          HPOS="242"
                          CONTENT="singularia"/>
                  <SP HEIGHT="54" WIDTH="15" VPOS="852" HPOS="451"/>
                  <String HEIGHT="54" WIDTH="75" VPOS="852" HPOS="391" CONTENT="est"/>
               </TextLine>
               <TextLine ID="r2l20"
                         BASELINE="938"
                         HEIGHT="45"
                         WIDTH="449"
                         VPOS="893"
                         HPOS="246">
                  <String HEIGHT="45" WIDTH="105" VPOS="893" HPOS="231" CONTENT="Et,"/>
                  <SP HEIGHT="45" WIDTH="15" VPOS="893" HPOS="336"/>
                  <String HEIGHT="45" WIDTH="105" VPOS="893" HPOS="291" CONTENT="cum"/>
                  <SP HEIGHT="45" WIDTH="15" VPOS="893" HPOS="396"/>
                  <String HEIGHT="45"
                          WIDTH="120"
                          VPOS="893"
                          HPOS="351"
                          CONTENT="vnum"/>
                  <SP HEIGHT="45" WIDTH="15" VPOS="893" HPOS="471"/>
                  <String HEIGHT="45"
                          WIDTH="165"
                          VPOS="893"
                          HPOS="426"
                          CONTENT="dicitur"/>
                  <SP HEIGHT="45" WIDTH="15" VPOS="893" HPOS="590"/>
                  <String HEIGHT="45"
                          WIDTH="135"
                          VPOS="893"
                          HPOS="545"
                          CONTENT="sicut"/>
                  <SP HEIGHT="45" WIDTH="15" VPOS="893" HPOS="680"/>
                  <String HEIGHT="45"
                          WIDTH="75"
                          VPOS="893"
                          HPOS="620"
                          CONTENT="di"
                          SUBS_TYPE="HypPart1"
                          SUBS_CONTENT="dicitur"/>
                  <HYP CONTENT="-"/>
               </TextLine>
               <TextLine ID="r2l21"
                         BASELINE="998"
                         HEIGHT="57"
                         WIDTH="504"
                         VPOS="941"
                         HPOS="197">
                  <String HEIGHT="57"
                          WIDTH="130"
                          VPOS="941"
                          HPOS="183"
                          CONTENT="citur"
                          SUBS_TYPE="HypPart2"
                          SUBS_CONTENT="dicitur"/>
                  <SP HEIGHT="57" WIDTH="14" VPOS="941" HPOS="312"/>
                  <String HEIGHT="57" WIDTH="101" VPOS="941" HPOS="269" CONTENT="ens"/>
                  <SP HEIGHT="57" WIDTH="14" VPOS="941" HPOS="370"/>
                  <String HEIGHT="57"
                          WIDTH="144"
                          VPOS="941"
                          HPOS="327"
                          CONTENT="etiam,"/>
                  <SP HEIGHT="57" WIDTH="14" VPOS="941" HPOS="471"/>
                  <String HEIGHT="57" WIDTH="72" VPOS="941" HPOS="427" CONTENT="&amp;"/>
                  <SP HEIGHT="57" WIDTH="14" VPOS="941" HPOS="499"/>
                  <String HEIGHT="57"
                          WIDTH="202"
                          VPOS="941"
                          HPOS="456"
                          CONTENT="substantia"/>
                  <SP HEIGHT="57" WIDTH="14" VPOS="941" HPOS="658"/>
                  <String HEIGHT="57"
                          WIDTH="101"
                          VPOS="941"
                          HPOS="600"
                          CONTENT="vnius"/>
               </TextLine>
               <TextLine ID="r2l22"
                         BASELINE="1056"
                         HEIGHT="67"
                         WIDTH="501"
                         VPOS="989"
                         HPOS="196">
                  <String HEIGHT="67" WIDTH="110" VPOS="989" HPOS="180" CONTENT="est"/>
                  <SP HEIGHT="67" WIDTH="16" VPOS="989" HPOS="290"/>
                  <String HEIGHT="67"
                          WIDTH="141"
                          VPOS="989"
                          HPOS="243"
                          CONTENT="vnum,"/>
                  <SP HEIGHT="67" WIDTH="16" VPOS="989" HPOS="384"/>
                  <String HEIGHT="67" WIDTH="78" VPOS="989" HPOS="337" CONTENT="&amp;"/>
                  <SP HEIGHT="67" WIDTH="16" VPOS="989" HPOS="415"/>
                  <String HEIGHT="67"
                          WIDTH="219"
                          VPOS="989"
                          HPOS="368"
                          CONTENT="substantia"/>
                  <SP HEIGHT="67" WIDTH="16" VPOS="989" HPOS="587"/>
                  <String HEIGHT="67"
                          WIDTH="141"
                          VPOS="989"
                          HPOS="540"
                          CONTENT="entis"/>
                  <SP HEIGHT="67" WIDTH="16" VPOS="989" HPOS="681"/>
                  <String HEIGHT="67" WIDTH="78" VPOS="989" HPOS="619" CONTENT="est"/>
               </TextLine>
               <TextLine ID="r2l23"
                         BASELINE="1105"
                         HEIGHT="68"
                         WIDTH="496"
                         VPOS="1037"
                         HPOS="202">
                  <String HEIGHT="68"
                          WIDTH="124"
                          VPOS="1037"
                          HPOS="187"
                          CONTENT="vnum"/>
                  <SP HEIGHT="68" WIDTH="16" VPOS="1037" HPOS="311"/>
                  <String HEIGHT="68"
                          WIDTH="171"
                          VPOS="1037"
                          HPOS="264"
                          CONTENT="numero,"/>
                  <SP HEIGHT="68" WIDTH="16" VPOS="1037" HPOS="435"/>
                  <String HEIGHT="68"
                          WIDTH="217"
                          VPOS="1037"
                          HPOS="388"
                          CONTENT="manifestum"/>
                  <SP HEIGHT="68" WIDTH="16" VPOS="1037" HPOS="605"/>
                  <String HEIGHT="68"
                          WIDTH="109"
                          VPOS="1037"
                          HPOS="559"
                          CONTENT="est"/>
                  <SP HEIGHT="68" WIDTH="16" VPOS="1037" HPOS="667"/>
                  <String HEIGHT="68"
                          WIDTH="93"
                          VPOS="1037"
                          HPOS="605"
                          CONTENT="igi."/>
               </TextLine>
               <TextLine ID="r2l24"
                         BASELINE="1147"
                         HEIGHT="62"
                         WIDTH="502"
                         VPOS="1085"
                         HPOS="202">
                  <String HEIGHT="62"
                          WIDTH="115"
                          VPOS="1085"
                          HPOS="188"
                          CONTENT="tur,"/>
                  <SP HEIGHT="62" WIDTH="14" VPOS="1085" HPOS="302"/>
                  <String HEIGHT="62"
                          WIDTH="115"
                          VPOS="1085"
                          HPOS="259"
                          CONTENT="quod"/>
                  <SP HEIGHT="62" WIDTH="14" VPOS="1085" HPOS="374"/>
                  <String HEIGHT="62"
                          WIDTH="215"
                          VPOS="1085"
                          HPOS="331"
                          CONTENT="impossibile"/>
                  <SP HEIGHT="62" WIDTH="14" VPOS="1085" HPOS="546"/>
                  <String HEIGHT="62"
                          WIDTH="100"
                          VPOS="1085"
                          HPOS="503"
                          CONTENT="est"/>
                  <SP HEIGHT="62" WIDTH="14" VPOS="1085" HPOS="604"/>
                  <String HEIGHT="62" WIDTH="86" VPOS="1085" HPOS="561" CONTENT="vt"/>
                  <SP HEIGHT="62" WIDTH="14" VPOS="1085" HPOS="647"/>
                  <String HEIGHT="62"
                          WIDTH="115"
                          VPOS="1085"
                          HPOS="589"
                          CONTENT="subita"/>
               </TextLine>
               <TextLine ID="r2l25"
                         BASELINE="1196"
                         HEIGHT="58"
                         WIDTH="498"
                         VPOS="1138"
                         HPOS="198">
                  <String HEIGHT="58"
                          WIDTH="103"
                          VPOS="1138"
                          HPOS="183"
                          CONTENT="tia"/>
                  <SP HEIGHT="58" WIDTH="15" VPOS="1138" HPOS="286"/>
                  <String HEIGHT="58"
                          WIDTH="132"
                          VPOS="1138"
                          HPOS="242"
                          CONTENT="rerum"/>
                  <SP HEIGHT="58" WIDTH="15" VPOS="1138" HPOS="374"/>
                  <String HEIGHT="58"
                          WIDTH="103"
                          VPOS="1138"
                          HPOS="330"
                          CONTENT="sit"/>
                  <SP HEIGHT="58" WIDTH="15" VPOS="1138" HPOS="432"/>
                  <String HEIGHT="58"
                          WIDTH="132"
                          VPOS="1138"
                          HPOS="388"
                          CONTENT="vnum,"/>
                  <SP HEIGHT="58" WIDTH="15" VPOS="1138" HPOS="520"/>
                  <String HEIGHT="58"
                          WIDTH="103"
                          VPOS="1138"
                          HPOS="476"
                          CONTENT="aut"/>
                  <SP HEIGHT="58" WIDTH="15" VPOS="1138" HPOS="579"/>
                  <String HEIGHT="58"
                          WIDTH="117"
                          VPOS="1138"
                          HPOS="535"
                          CONTENT="ens,"/>
                  <SP HEIGHT="58" WIDTH="15" VPOS="1138" HPOS="652"/>
                  <String HEIGHT="58"
                          WIDTH="103"
                          VPOS="1138"
                          HPOS="593"
                          CONTENT="sicut"/>
               </TextLine>
               <TextLine ID="r2l26"
                         BASELINE="1248"
                         HEIGHT="66"
                         WIDTH="495"
                         VPOS="1182"
                         HPOS="202">
                  <String HEIGHT="66"
                          WIDTH="102"
                          VPOS="1182"
                          HPOS="187"
                          CONTENT="est"/>
                  <SP HEIGHT="66" WIDTH="15" VPOS="1182" HPOS="289"/>
                  <String HEIGHT="66"
                          WIDTH="233"
                          VPOS="1182"
                          HPOS="246"
                          CONTENT="impossibile,"/>
                  <SP HEIGHT="66" WIDTH="15" VPOS="1182" HPOS="479"/>
                  <String HEIGHT="66" WIDTH="87" VPOS="1182" HPOS="435" CONTENT="vt"/>
                  <SP HEIGHT="66" WIDTH="15" VPOS="1182" HPOS="522"/>
                  <String HEIGHT="66"
                          WIDTH="204"
                          VPOS="1182"
                          HPOS="479"
                          CONTENT="principium"/>
                  <SP HEIGHT="66" WIDTH="15" VPOS="1182" HPOS="682"/>
                  <String HEIGHT="66" WIDTH="73" VPOS="1182" HPOS="624" CONTENT="sit"/>
               </TextLine>
               <TextLine ID="r2l27"
                         BASELINE="1290"
                         HEIGHT="62"
                         WIDTH="501"
                         VPOS="1228"
                         HPOS="201">
                  <String HEIGHT="62"
                          WIDTH="162"
                          VPOS="1228"
                          HPOS="187"
                          CONTENT="essentia"/>
                  <SP HEIGHT="62" WIDTH="14" VPOS="1228" HPOS="350"/>
                  <String HEIGHT="62"
                          WIDTH="176"
                          VPOS="1228"
                          HPOS="309"
                          CONTENT="elemento."/>
                  <SP HEIGHT="62" WIDTH="14" VPOS="1228" HPOS="485"/>
                  <String HEIGHT="62" WIDTH="95" VPOS="1228" HPOS="445" CONTENT="sed"/>
                  <SP HEIGHT="62" WIDTH="14" VPOS="1228" HPOS="540"/>
                  <String HEIGHT="62"
                          WIDTH="176"
                          VPOS="1228"
                          HPOS="499"
                          CONTENT="quaeritur"/>
                  <SP HEIGHT="62" WIDTH="14" VPOS="1228" HPOS="675"/>
                  <String HEIGHT="62"
                          WIDTH="81"
                          VPOS="1228"
                          HPOS="621"
                          CONTENT="quid"/>
               </TextLine>
               <TextLine ID="r2l28"
                         BASELINE="1339"
                         HEIGHT="62"
                         WIDTH="501"
                         VPOS="1277"
                         HPOS="200">
                  <String HEIGHT="62"
                          WIDTH="113"
                          VPOS="1277"
                          HPOS="184"
                          CONTENT="est"/>
                  <SP HEIGHT="62" WIDTH="16" VPOS="1277" HPOS="297"/>
                  <String HEIGHT="62"
                          WIDTH="226"
                          VPOS="1277"
                          HPOS="248"
                          CONTENT="principium"/>
                  <SP HEIGHT="62" WIDTH="16" VPOS="1277" HPOS="475"/>
                  <String HEIGHT="62" WIDTH="97" VPOS="1277" HPOS="426" CONTENT="ad"/>
                  <SP HEIGHT="62" WIDTH="16" VPOS="1277" HPOS="523"/>
                  <String HEIGHT="62"
                          WIDTH="194"
                          VPOS="1277"
                          HPOS="475"
                          CONTENT="sciendum"/>
                  <SP HEIGHT="62" WIDTH="16" VPOS="1277" HPOS="669"/>
                  <String HEIGHT="62"
                          WIDTH="97"
                          VPOS="1277"
                          HPOS="604"
                          CONTENT="duo."/>
               </TextLine>
               <TextLine ID="r2l29"
                         BASELINE="1389"
                         HEIGHT="62"
                         WIDTH="498"
                         VPOS="1327"
                         HPOS="198">
                  <String HEIGHT="62" WIDTH="88" VPOS="1327" HPOS="183" CONTENT="Et"/>
                  <SP HEIGHT="62" WIDTH="15" VPOS="1327" HPOS="271"/>
                  <String HEIGHT="62"
                          WIDTH="220"
                          VPOS="1327"
                          HPOS="227"
                          CONTENT="substantia,"/>
                  <SP HEIGHT="62" WIDTH="15" VPOS="1327" HPOS="447"/>
                  <String HEIGHT="62"
                          WIDTH="117"
                          VPOS="1327"
                          HPOS="403"
                          CONTENT="quae"/>
                  <SP HEIGHT="62" WIDTH="15" VPOS="1327" HPOS="520"/>
                  <String HEIGHT="62"
                          WIDTH="103"
                          VPOS="1327"
                          HPOS="476"
                          CONTENT="est"/>
                  <SP HEIGHT="62" WIDTH="15" VPOS="1327" HPOS="579"/>
                  <String HEIGHT="62"
                          WIDTH="161"
                          VPOS="1327"
                          HPOS="535"
                          CONTENT="istorum"/>
                  <SP HEIGHT="62" WIDTH="15" VPOS="1327" HPOS="696"/>
                  <String HEIGHT="62" WIDTH="59" VPOS="1327" HPOS="637" CONTENT="ma"/>
               </TextLine>
               <TextLine ID="r2l30"
                         BASELINE="1439"
                         HEIGHT="63"
                         WIDTH="494"
                         VPOS="1376"
                         HPOS="202">
                  <String HEIGHT="63"
                          WIDTH="108"
                          VPOS="1376"
                          HPOS="187"
                          CONTENT="gis"/>
                  <SP HEIGHT="63" WIDTH="15" VPOS="1376" HPOS="295"/>
                  <String HEIGHT="63"
                          WIDTH="124"
                          VPOS="1376"
                          HPOS="248"
                          CONTENT="quam"/>
                  <SP HEIGHT="63" WIDTH="15" VPOS="1376" HPOS="372"/>
                  <String HEIGHT="63"
                          WIDTH="154"
                          VPOS="1376"
                          HPOS="326"
                          CONTENT="aliud,"/>
                  <SP HEIGHT="63" WIDTH="15" VPOS="1376" HPOS="480"/>
                  <String HEIGHT="63"
                          WIDTH="108"
                          VPOS="1376"
                          HPOS="434"
                          CONTENT="est"/>
                  <SP HEIGHT="63" WIDTH="15" VPOS="1376" HPOS="542"/>
                  <String HEIGHT="63"
                          WIDTH="124"
                          VPOS="1376"
                          HPOS="495"
                          CONTENT="ens,"/>
                  <SP HEIGHT="63" WIDTH="15" VPOS="1376" HPOS="619"/>
                  <String HEIGHT="63" WIDTH="77" VPOS="1376" HPOS="573" CONTENT="&amp;"/>
                  <SP HEIGHT="63" WIDTH="15" VPOS="1376" HPOS="650"/>
                  <String HEIGHT="63"
                          WIDTH="108"
                          VPOS="1376"
                          HPOS="588"
                          CONTENT="vnum,"/>
               </TextLine>
               <TextLine ID="r2l31"
                         BASELINE="1482"
                         HEIGHT="57"
                         WIDTH="493"
                         VPOS="1425"
                         HPOS="198">
                  <String HEIGHT="57" WIDTH="85" VPOS="1425" HPOS="181" CONTENT="&amp;"/>
                  <SP HEIGHT="57" WIDTH="17" VPOS="1425" HPOS="266"/>
                  <String HEIGHT="57"
                          WIDTH="255"
                          VPOS="1425"
                          HPOS="215"
                          CONTENT="principium,"/>
                  <SP HEIGHT="57" WIDTH="17" VPOS="1425" HPOS="470"/>
                  <String HEIGHT="57" WIDTH="85" VPOS="1425" HPOS="419" CONTENT="&amp;"/>
                  <SP HEIGHT="57" WIDTH="17" VPOS="1425" HPOS="504"/>
                  <String HEIGHT="57"
                          WIDTH="238"
                          VPOS="1425"
                          HPOS="453"
                          CONTENT="elementum,"/>
                  <SP HEIGHT="57" WIDTH="17" VPOS="1425" HPOS="691"/>
                  <String HEIGHT="57" WIDTH="85" VPOS="1425" HPOS="640" CONTENT="&amp;"/>
                  <SP HEIGHT="57" WIDTH="17" VPOS="1425" HPOS="725"/>
                  <String HEIGHT="57" WIDTH="34" VPOS="1425" HPOS="657" CONTENT=""/>
               </TextLine>
               <TextLine ID="r2l32"
                         BASELINE="1530"
                         HEIGHT="56"
                         WIDTH="498"
                         VPOS="1474"
                         HPOS="199">
                  <String HEIGHT="56"
                          WIDTH="135"
                          VPOS="1474"
                          HPOS="186"
                          CONTENT="causa."/>
                  <SP HEIGHT="56" WIDTH="13" VPOS="1474" HPOS="320"/>
                  <String HEIGHT="56" WIDTH="94" VPOS="1474" HPOS="280" CONTENT="sed"/>
                  <SP HEIGHT="56" WIDTH="13" VPOS="1474" HPOS="374"/>
                  <String HEIGHT="56" WIDTH="94" VPOS="1474" HPOS="334" CONTENT="non"/>
                  <SP HEIGHT="56" WIDTH="13" VPOS="1474" HPOS="428"/>
                  <String HEIGHT="56"
                          WIDTH="162"
                          VPOS="1474"
                          HPOS="387"
                          CONTENT="videntur"/>
                  <SP HEIGHT="56" WIDTH="13" VPOS="1474" HPOS="549"/>
                  <String HEIGHT="56"
                          WIDTH="108"
                          VPOS="1474"
                          HPOS="509"
                          CONTENT="ista"/>
                  <SP HEIGHT="56" WIDTH="13" VPOS="1474" HPOS="616"/>
                  <String HEIGHT="56"
                          WIDTH="108"
                          VPOS="1474"
                          HPOS="576"
                          CONTENT="esse"/>
                  <SP HEIGHT="56" WIDTH="13" VPOS="1474" HPOS="684"/>
                  <String HEIGHT="56" WIDTH="67" VPOS="1474" HPOS="630" CONTENT="sub"/>
               </TextLine>
               <TextLine ID="r2l33"
                         BASELINE="1579"
                         HEIGHT="60"
                         WIDTH="503"
                         VPOS="1519"
                         HPOS="196">
                  <String HEIGHT="60"
                          WIDTH="189"
                          VPOS="1519"
                          HPOS="180"
                          CONTENT="stantia,"/>
                  <SP HEIGHT="60" WIDTH="16" VPOS="1519" HPOS="369"/>
                  <String HEIGHT="60"
                          WIDTH="110"
                          VPOS="1519"
                          HPOS="322"
                          CONTENT="cum"/>
                  <SP HEIGHT="60" WIDTH="16" VPOS="1519" HPOS="432"/>
                  <String HEIGHT="60"
                          WIDTH="157"
                          VPOS="1519"
                          HPOS="385"
                          CONTENT="nullum"/>
                  <SP HEIGHT="60" WIDTH="16" VPOS="1519" HPOS="542"/>
                  <String HEIGHT="60"
                          WIDTH="141"
                          VPOS="1519"
                          HPOS="495"
                          CONTENT="aliud"/>
                  <SP HEIGHT="60" WIDTH="16" VPOS="1519" HPOS="636"/>
                  <String HEIGHT="60"
                          WIDTH="126"
                          VPOS="1519"
                          HPOS="573"
                          CONTENT="commi"
                          SUBS_TYPE="HypPart1"
                          SUBS_CONTENT="commine"/>
                  <HYP CONTENT="-"/>
               </TextLine>
               <TextLine ID="r2l34"
                         BASELINE="1626"
                         HEIGHT="45"
                         WIDTH="501"
                         VPOS="1581"
                         HPOS="197">
                  <String HEIGHT="45"
                          WIDTH="88"
                          VPOS="1581"
                          HPOS="182"
                          CONTENT="ne"
                          SUBS_TYPE="HypPart2"
                          SUBS_CONTENT="commine"/>
                  <SP HEIGHT="45" WIDTH="15" VPOS="1581" HPOS="271"/>
                  <String HEIGHT="45"
                          WIDTH="147"
                          VPOS="1581"
                          HPOS="226"
                          CONTENT="omnino"/>
                  <SP HEIGHT="45" WIDTH="15" VPOS="1581" HPOS="374"/>
                  <String HEIGHT="45"
                          WIDTH="103"
                          VPOS="1581"
                          HPOS="330"
                          CONTENT="sit"/>
                  <SP HEIGHT="45" WIDTH="15" VPOS="1581" HPOS="433"/>
                  <String HEIGHT="45"
                          WIDTH="221"
                          VPOS="1581"
                          HPOS="389"
                          CONTENT="substantia."/>
                  <SP HEIGHT="45" WIDTH="15" VPOS="1581" HPOS="610"/>
                  <String HEIGHT="45"
                          WIDTH="147"
                          VPOS="1581"
                          HPOS="551"
                          CONTENT="substan"
                          SUBS_TYPE="HypPart1"
                          SUBS_CONTENT="substantia"/>
                  <HYP CONTENT="-"/>
               </TextLine>
               <TextLine ID="r2l35"
                         BASELINE="1674"
                         HEIGHT="54"
                         WIDTH="503"
                         VPOS="1620"
                         HPOS="195">
                  <String HEIGHT="54"
                          WIDTH="101"
                          VPOS="1620"
                          HPOS="181"
                          CONTENT="tia"
                          SUBS_TYPE="HypPart2"
                          SUBS_CONTENT="substantia"/>
                  <SP HEIGHT="54" WIDTH="14" VPOS="1620" HPOS="281"/>
                  <String HEIGHT="54"
                          WIDTH="115"
                          VPOS="1620"
                          HPOS="238"
                          CONTENT="enim"/>
                  <SP HEIGHT="54" WIDTH="14" VPOS="1620" HPOS="353"/>
                  <String HEIGHT="54"
                          WIDTH="101"
                          VPOS="1620"
                          HPOS="310"
                          CONTENT="non"/>
                  <SP HEIGHT="54" WIDTH="14" VPOS="1620" HPOS="411"/>
                  <String HEIGHT="54"
                          WIDTH="101"
                          VPOS="1620"
                          HPOS="367"
                          CONTENT="est"/>
                  <SP HEIGHT="54" WIDTH="14" VPOS="1620" HPOS="468"/>
                  <String HEIGHT="54"
                          WIDTH="187"
                          VPOS="1620"
                          HPOS="425"
                          CONTENT="alterius,"/>
                  <SP HEIGHT="54" WIDTH="14" VPOS="1620" HPOS="612"/>
                  <String HEIGHT="54"
                          WIDTH="115"
                          VPOS="1620"
                          HPOS="569"
                          CONTENT="nisi"/>
                  <SP HEIGHT="54" WIDTH="14" VPOS="1620" HPOS="684"/>
                  <String HEIGHT="54" WIDTH="72" VPOS="1620" HPOS="626" CONTENT="suc"/>
               </TextLine>
               <TextLine ID="r2l36"
                         BASELINE="1732"
                         HEIGHT="66"
                         WIDTH="502"
                         VPOS="1666"
                         HPOS="199">
                  <String HEIGHT="66"
                          WIDTH="149"
                          VPOS="1666"
                          HPOS="185"
                          CONTENT="ipsius,"/>
                  <SP HEIGHT="66" WIDTH="14" VPOS="1666" HPOS="335"/>
                  <String HEIGHT="66" WIDTH="68" VPOS="1666" HPOS="294" CONTENT="&amp;"/>
                  <SP HEIGHT="66" WIDTH="14" VPOS="1666" HPOS="362"/>
                  <String HEIGHT="66"
                          WIDTH="136"
                          VPOS="1666"
                          HPOS="321"
                          CONTENT="illius"/>
                  <SP HEIGHT="66" WIDTH="14" VPOS="1666" HPOS="457"/>
                  <String HEIGHT="66"
                          WIDTH="122"
                          VPOS="1666"
                          HPOS="416"
                          CONTENT="cuius"/>
                  <SP HEIGHT="66" WIDTH="14" VPOS="1666" HPOS="538"/>
                  <String HEIGHT="66"
                          WIDTH="109"
                          VPOS="1666"
                          HPOS="497"
                          CONTENT="est,"/>
                  <SP HEIGHT="66" WIDTH="14" VPOS="1666" HPOS="606"/>
                  <String HEIGHT="66" WIDTH="68" VPOS="1666" HPOS="565" CONTENT="&amp;"/>
                  <SP HEIGHT="66" WIDTH="14" VPOS="1666" HPOS="633"/>
                  <String HEIGHT="66" WIDTH="95" VPOS="1666" HPOS="592" CONTENT="est"/>
                  <SP HEIGHT="66" WIDTH="14" VPOS="1666" HPOS="687"/>
                  <String HEIGHT="66" WIDTH="68" VPOS="1666" HPOS="633" CONTENT="sub"/>
               </TextLine>
               <TextLine ID="r2l37"
                         BASELINE="1778"
                         HEIGHT="61"
                         WIDTH="503"
                         VPOS="1717"
                         HPOS="189">
                  <String HEIGHT="61"
                          WIDTH="154"
                          VPOS="1717"
                          HPOS="175"
                          CONTENT="stantia"/>
                  <SP HEIGHT="61" WIDTH="14" VPOS="1717" HPOS="329"/>
                  <String HEIGHT="61"
                          WIDTH="140"
                          VPOS="1717"
                          HPOS="287"
                          CONTENT="illius"/>
                  <SP HEIGHT="61" WIDTH="14" VPOS="1717" HPOS="427"/>
                  <String HEIGHT="61"
                          WIDTH="112"
                          VPOS="1717"
                          HPOS="385"
                          CONTENT="rei."/>
                  <SP HEIGHT="61" WIDTH="14" VPOS="1717" HPOS="496"/>
                  <String HEIGHT="61" WIDTH="84" VPOS="1717" HPOS="454" CONTENT="Et"/>
                  <SP HEIGHT="61" WIDTH="14" VPOS="1717" HPOS="538"/>
                  <String HEIGHT="61"
                          WIDTH="126"
                          VPOS="1717"
                          HPOS="496"
                          CONTENT="etiam"/>
                  <SP HEIGHT="61" WIDTH="14" VPOS="1717" HPOS="622"/>
                  <String HEIGHT="61" WIDTH="84" VPOS="1717" HPOS="580" CONTENT="in"/>
                  <SP HEIGHT="61" WIDTH="14" VPOS="1717" HPOS="664"/>
                  <String HEIGHT="61"
                          WIDTH="84"
                          VPOS="1717"
                          HPOS="608"
                          CONTENT="plu"
                          SUBS_TYPE="HypPart1"
                          SUBS_CONTENT="pluribus"/>
                  <HYP CONTENT="-"/>
               </TextLine>
               <TextLine ID="r2l38"
                         BASELINE="1818"
                         HEIGHT="54"
                         WIDTH="508"
                         VPOS="1764"
                         HPOS="192">
                  <String HEIGHT="54"
                          WIDTH="143"
                          VPOS="1764"
                          HPOS="176"
                          CONTENT="ribus"
                          SUBS_TYPE="HypPart2"
                          SUBS_CONTENT="pluribus"/>
                  <SP HEIGHT="54" WIDTH="16" VPOS="1764" HPOS="319"/>
                  <String HEIGHT="54"
                          WIDTH="111"
                          VPOS="1764"
                          HPOS="271"
                          CONTENT="non"/>
                  <SP HEIGHT="54" WIDTH="16" VPOS="1764" HPOS="383"/>
                  <String HEIGHT="54"
                          WIDTH="127"
                          VPOS="1764"
                          HPOS="335"
                          CONTENT="erit"/>
                  <SP HEIGHT="54" WIDTH="16" VPOS="1764" HPOS="462"/>
                  <String HEIGHT="54"
                          WIDTH="191"
                          VPOS="1764"
                          HPOS="414"
                          CONTENT="insimul:"/>
                  <SP HEIGHT="54" WIDTH="16" VPOS="1764" HPOS="605"/>
                  <String HEIGHT="54" WIDTH="79" VPOS="1764" HPOS="557" CONTENT="&amp;"/>
                  <SP HEIGHT="54" WIDTH="16" VPOS="1764" HPOS="637"/>
                  <String HEIGHT="54"
                          WIDTH="127"
                          VPOS="1764"
                          HPOS="573"
                          CONTENT="conmi"
                          SUBS_TYPE="HypPart1"
                          SUBS_CONTENT="conmine"/>
                  <HYP CONTENT="-"/>
               </TextLine>
               <TextLine ID="r2l39"
                         BASELINE="1874"
                         HEIGHT="61"
                         WIDTH="494"
                         VPOS="1813"
                         HPOS="196">
                  <String HEIGHT="61"
                          WIDTH="96"
                          VPOS="1813"
                          HPOS="180"
                          CONTENT="ne"
                          SUBS_TYPE="HypPart2"
                          SUBS_CONTENT="conmine"/>
                  <SP HEIGHT="61" WIDTH="16" VPOS="1813" HPOS="276"/>
                  <String HEIGHT="61"
                          WIDTH="175"
                          VPOS="1813"
                          HPOS="228"
                          CONTENT="insimul"/>
                  <SP HEIGHT="61" WIDTH="16" VPOS="1813" HPOS="403"/>
                  <String HEIGHT="61"
                          WIDTH="127"
                          VPOS="1813"
                          HPOS="355"
                          CONTENT="erit"/>
                  <SP HEIGHT="61" WIDTH="16" VPOS="1813" HPOS="483"/>
                  <String HEIGHT="61"
                          WIDTH="207"
                          VPOS="1813"
                          HPOS="435"
                          CONTENT="plurimum."/>
                  <SP HEIGHT="61" WIDTH="16" VPOS="1813" HPOS="642"/>
                  <String HEIGHT="61"
                          WIDTH="112"
                          VPOS="1813"
                          HPOS="578"
                          CONTENT="Mani"/>
               </TextLine>
            </TextBlock>
            <TextBlock ID="TextRegion_1604507316096_793"
                       HEIGHT="1817"
                       WIDTH="530"
                       VPOS="84"
                       HPOS="718">
               <Shape>
                  <Polygon POINTS="718,84 1248,84 1248,1901 718,1901"/>
               </Shape>
               <TextLine ID="line_1604507316185_796"
                         BASELINE="194"
                         HEIGHT="125"
                         WIDTH="526"
                         VPOS="69"
                         HPOS="728">
                  <String HEIGHT="125"
                          WIDTH="438"
                          VPOS="69"
                          HPOS="684"
                          CONTENT="iscusa"/>
                  <SP HEIGHT="125" WIDTH="44" VPOS="69" HPOS="1123"/>
                  <String HEIGHT="125"
                          WIDTH="307"
                          VPOS="69"
                          HPOS="947"
                          CONTENT="cient"/>
               </TextLine>
               <TextLine ID="r3l4"
                         BASELINE="243"
                         HEIGHT="63"
                         WIDTH="510"
                         VPOS="180"
                         HPOS="731">
                  <String HEIGHT="63"
                          WIDTH="221"
                          VPOS="180"
                          HPOS="714"
                          CONTENT="uersalium"/>
                  <SP HEIGHT="63" WIDTH="17" VPOS="180" HPOS="935"/>
                  <String HEIGHT="63" WIDTH="119" VPOS="180" HPOS="884" CONTENT="est"/>
                  <SP HEIGHT="63" WIDTH="17" VPOS="180" HPOS="1003"/>
                  <String HEIGHT="63"
                          WIDTH="221"
                          VPOS="180"
                          HPOS="952"
                          CONTENT="separatum"/>
                  <SP HEIGHT="63" WIDTH="17" VPOS="180" HPOS="1173"/>
                  <String HEIGHT="63" WIDTH="85" VPOS="180" HPOS="1122" CONTENT="a"/>
                  <SP HEIGHT="63" WIDTH="17" VPOS="180" HPOS="1207"/>
                  <String HEIGHT="63"
                          WIDTH="102"
                          VPOS="180"
                          HPOS="1139"
                          CONTENT="par"/>
               </TextLine>
               <TextLine ID="r3l5"
                         BASELINE="274"
                         HEIGHT="45"
                         WIDTH="197"
                         VPOS="229"
                         HPOS="725">
                  <String HEIGHT="45"
                          WIDTH="230"
                          VPOS="229"
                          HPOS="692"
                          CONTENT="ticularibus."/>
               </TextLine>
               <TextLine ID="line_1604507316186_798"
                         BASELINE="350"
                         HEIGHT="57"
                         WIDTH="484"
                         VPOS="293"
                         HPOS="769">
                  <String HEIGHT="57"
                          WIDTH="125"
                          VPOS="293"
                          HPOS="753"
                          CONTENT="Quia"/>
                  <SP HEIGHT="57" WIDTH="16" VPOS="293" HPOS="878"/>
                  <String HEIGHT="57"
                          WIDTH="203"
                          VPOS="293"
                          HPOS="831"
                          CONTENT="opinantes"/>
                  <SP HEIGHT="57" WIDTH="16" VPOS="293" HPOS="1034"/>
                  <String HEIGHT="57"
                          WIDTH="234"
                          VPOS="293"
                          HPOS="988"
                          CONTENT="vniuersalia"/>
                  <SP HEIGHT="57" WIDTH="16" VPOS="293" HPOS="1222"/>
                  <String HEIGHT="57"
                          WIDTH="94"
                          VPOS="293"
                          HPOS="1159"
                          CONTENT="esse"/>
               </TextLine>
               <TextLine ID="r3l7"
                         BASELINE="390"
                         HEIGHT="50"
                         WIDTH="514"
                         VPOS="340"
                         HPOS="725">
                  <String HEIGHT="50"
                          WIDTH="206"
                          VPOS="340"
                          HPOS="712"
                          CONTENT="substantias,"/>
                  <SP HEIGHT="50" WIDTH="13" VPOS="340" HPOS="918"/>
                  <String HEIGHT="50"
                          WIDTH="129"
                          VPOS="340"
                          HPOS="879"
                          CONTENT="dicunt"/>
                  <SP HEIGHT="50" WIDTH="13" VPOS="340" HPOS="1008"/>
                  <String HEIGHT="50"
                          WIDTH="103"
                          VPOS="340"
                          HPOS="969"
                          CONTENT="quod"/>
                  <SP HEIGHT="50" WIDTH="13" VPOS="340" HPOS="1072"/>
                  <String HEIGHT="50"
                          WIDTH="129"
                          VPOS="340"
                          HPOS="1033"
                          CONTENT="illud,"/>
                  <SP HEIGHT="50" WIDTH="13" VPOS="340" HPOS="1162"/>
                  <String HEIGHT="50"
                          WIDTH="103"
                          VPOS="340"
                          HPOS="1123"
                          CONTENT="quod"/>
                  <SP HEIGHT="50" WIDTH="13" VPOS="340" HPOS="1226"/>
                  <String HEIGHT="50" WIDTH="64" VPOS="340" HPOS="1175" CONTENT="est"/>
               </TextLine>
               <TextLine ID="r3l8"
                         BASELINE="430"
                         HEIGHT="49"
                         WIDTH="497"
                         VPOS="381"
                         HPOS="737">
                  <String HEIGHT="49"
                          WIDTH="109"
                          VPOS="381"
                          HPOS="725"
                          CONTENT="magis"/>
                  <SP HEIGHT="49" WIDTH="12" VPOS="381" HPOS="834"/>
                  <String HEIGHT="49"
                          WIDTH="182"
                          VPOS="381"
                          HPOS="798"
                          CONTENT="vniversale,"/>
                  <SP HEIGHT="49" WIDTH="12" VPOS="381" HPOS="979"/>
                  <String HEIGHT="49" WIDTH="85" VPOS="381" HPOS="943" CONTENT="est"/>
                  <SP HEIGHT="49" WIDTH="12" VPOS="381" HPOS="1028"/>
                  <String HEIGHT="49"
                          WIDTH="133"
                          VPOS="381"
                          HPOS="992"
                          CONTENT="dignius"/>
                  <SP HEIGHT="49" WIDTH="12" VPOS="381" HPOS="1125"/>
                  <String HEIGHT="49"
                          WIDTH="97"
                          VPOS="381"
                          HPOS="1089"
                          CONTENT="hoc:"/>
                  <SP HEIGHT="49" WIDTH="12" VPOS="381" HPOS="1186"/>
                  <String HEIGHT="49" WIDTH="61" VPOS="381" HPOS="1149" CONTENT="&amp;"/>
                  <SP HEIGHT="49" WIDTH="12" VPOS="381" HPOS="1210"/>
                  <String HEIGHT="49"
                          WIDTH="73"
                          VPOS="381"
                          HPOS="1161"
                          CONTENT="ideo"/>
               </TextLine>
               <TextLine ID="r3l9"
                         BASELINE="466"
                         HEIGHT="50"
                         WIDTH="504"
                         VPOS="416"
                         HPOS="732">
                  <String HEIGHT="50"
                          WIDTH="144"
                          VPOS="416"
                          HPOS="718"
                          CONTENT="plures"/>
                  <SP HEIGHT="50" WIDTH="14" VPOS="416" HPOS="862"/>
                  <String HEIGHT="50"
                          WIDTH="230"
                          VPOS="416"
                          HPOS="818"
                          CONTENT="opinabantur,"/>
                  <SP HEIGHT="50" WIDTH="14" VPOS="416" HPOS="1049"/>
                  <String HEIGHT="50"
                          WIDTH="115"
                          VPOS="416"
                          HPOS="1006"
                          CONTENT="quod"/>
                  <SP HEIGHT="50" WIDTH="14" VPOS="416" HPOS="1121"/>
                  <String HEIGHT="50"
                          WIDTH="173"
                          VPOS="416"
                          HPOS="1063"
                          CONTENT="principium"/>
               </TextLine>
               <TextLine ID="r3l10"
                         BASELINE="508"
                         HEIGHT="47"
                         WIDTH="504"
                         VPOS="461"
                         HPOS="732">
                  <String HEIGHT="47"
                          WIDTH="126"
                          VPOS="461"
                          HPOS="719"
                          CONTENT="omnium"/>
                  <SP HEIGHT="47" WIDTH="13" VPOS="461" HPOS="845"/>
                  <String HEIGHT="47" WIDTH="88" VPOS="461" HPOS="808" CONTENT="est"/>
                  <SP HEIGHT="47" WIDTH="13" VPOS="461" HPOS="896"/>
                  <String HEIGHT="47"
                          WIDTH="101"
                          VPOS="461"
                          HPOS="858"
                          CONTENT="vnum"/>
                  <SP HEIGHT="47" WIDTH="13" VPOS="461" HPOS="959"/>
                  <String HEIGHT="47"
                          WIDTH="189"
                          VPOS="461"
                          HPOS="921"
                          CONTENT="vniversale:"/>
                  <SP HEIGHT="47" WIDTH="13" VPOS="461" HPOS="1110"/>
                  <String HEIGHT="47"
                          WIDTH="151"
                          VPOS="461"
                          HPOS="1072"
                          CONTENT="incoepit"/>
                  <SP HEIGHT="47" WIDTH="13" VPOS="461" HPOS="1223"/>
                  <String HEIGHT="47" WIDTH="63" VPOS="461" HPOS="1173" CONTENT="con"/>
               </TextLine>
               <TextLine ID="r3l11"
                         BASELINE="539"
                         HEIGHT="47"
                         WIDTH="504"
                         VPOS="492"
                         HPOS="735">
                  <String HEIGHT="47"
                          WIDTH="187"
                          VPOS="492"
                          HPOS="721"
                          CONTENT="tradicere"/>
                  <SP HEIGHT="47" WIDTH="14" VPOS="492" HPOS="908"/>
                  <String HEIGHT="47"
                          WIDTH="115"
                          VPOS="492"
                          HPOS="865"
                          CONTENT="eis,"/>
                  <SP HEIGHT="47" WIDTH="14" VPOS="492" HPOS="980"/>
                  <String HEIGHT="47" WIDTH="72" VPOS="492" HPOS="937" CONTENT="&amp;"/>
                  <SP HEIGHT="47" WIDTH="14" VPOS="492" HPOS="1009"/>
                  <String HEIGHT="47"
                          WIDTH="144"
                          VPOS="492"
                          HPOS="965"
                          CONTENT="dicit:"/>
                  <SP HEIGHT="47" WIDTH="14" VPOS="492" HPOS="1109"/>
                  <String HEIGHT="47"
                          WIDTH="101"
                          VPOS="492"
                          HPOS="1066"
                          CONTENT="Cum"/>
                  <SP HEIGHT="47" WIDTH="14" VPOS="492" HPOS="1167"/>
                  <String HEIGHT="47"
                          WIDTH="101"
                          VPOS="492"
                          HPOS="1124"
                          CONTENT="hoc"/>
                  <SP HEIGHT="47" WIDTH="14" VPOS="492" HPOS="1225"/>
                  <String HEIGHT="47"
                          WIDTH="72"
                          VPOS="492"
                          HPOS="1167"
                          CONTENT="no"
                          SUBS_TYPE="HypPart1"
                          SUBS_CONTENT="nomen"/>
                  <HYP CONTENT="-"/>
               </TextLine>
               <TextLine ID="r3l12"
                         BASELINE="579"
                         HEIGHT="47"
                         WIDTH="507"
                         VPOS="532"
                         HPOS="736">
                  <String HEIGHT="47"
                          WIDTH="93"
                          VPOS="532"
                          HPOS="723"
                          CONTENT="men"
                          SUBS_TYPE="HypPart2"
                          SUBS_CONTENT="nomen"/>
                  <SP HEIGHT="47" WIDTH="13" VPOS="532" HPOS="816"/>
                  <String HEIGHT="47"
                          WIDTH="107"
                          VPOS="532"
                          HPOS="776"
                          CONTENT="vnum"/>
                  <SP HEIGHT="47" WIDTH="13" VPOS="532" HPOS="883"/>
                  <String HEIGHT="47"
                          WIDTH="147"
                          VPOS="532"
                          HPOS="843"
                          CONTENT="dicitur"/>
                  <SP HEIGHT="47" WIDTH="13" VPOS="532" HPOS="990"/>
                  <String HEIGHT="47" WIDTH="80" VPOS="532" HPOS="949" CONTENT="de"/>
                  <SP HEIGHT="47" WIDTH="13" VPOS="532" HPOS="1030"/>
                  <String HEIGHT="47"
                          WIDTH="120"
                          VPOS="532"
                          HPOS="990"
                          CONTENT="omni,"/>
                  <SP HEIGHT="47" WIDTH="13" VPOS="532" HPOS="1110"/>
                  <String HEIGHT="47" WIDTH="80" VPOS="532" HPOS="1070" CONTENT="de"/>
                  <SP HEIGHT="47" WIDTH="13" VPOS="532" HPOS="1150"/>
                  <String HEIGHT="47" WIDTH="93" VPOS="532" HPOS="1110" CONTENT="quo"/>
                  <SP HEIGHT="47" WIDTH="13" VPOS="532" HPOS="1203"/>
                  <String HEIGHT="47"
                          WIDTH="93"
                          VPOS="532"
                          HPOS="1150"
                          CONTENT="dici"
                          SUBS_TYPE="HypPart1"
                          SUBS_CONTENT="dicitur"/>
                  <HYP CONTENT="-"/>
               </TextLine>
               <TextLine ID="r3l13"
                         BASELINE="612"
                         HEIGHT="32"
                         WIDTH="511"
                         VPOS="580"
                         HPOS="728">
                  <String HEIGHT="32"
                          WIDTH="123"
                          VPOS="580"
                          HPOS="710"
                          CONTENT="tur"
                          SUBS_TYPE="HypPart2"
                          SUBS_CONTENT="dicitur"/>
                  <SP HEIGHT="32" WIDTH="18" VPOS="580" HPOS="834"/>
                  <String HEIGHT="32" WIDTH="123" VPOS="580" HPOS="781" CONTENT="hoc"/>
                  <SP HEIGHT="32" WIDTH="18" VPOS="580" HPOS="904"/>
                  <String HEIGHT="32"
                          WIDTH="229"
                          VPOS="580"
                          HPOS="851"
                          CONTENT="nomenens,"/>
                  <SP HEIGHT="32" WIDTH="18" VPOS="580" HPOS="1080"/>
                  <String HEIGHT="32" WIDTH="88" VPOS="580" HPOS="1028" CONTENT="&amp;"/>
                  <SP HEIGHT="32" WIDTH="18" VPOS="580" HPOS="1116"/>
                  <String HEIGHT="32"
                          WIDTH="123"
                          VPOS="580"
                          HPOS="1063"
                          CONTENT="hoc"/>
                  <SP HEIGHT="32" WIDTH="18" VPOS="580" HPOS="1186"/>
                  <String HEIGHT="32"
                          WIDTH="123"
                          VPOS="580"
                          HPOS="1116"
                          CONTENT="nomen"/>
               </TextLine>
               <TextLine ID="r3l14"
                         BASELINE="666"
                         HEIGHT="54"
                         WIDTH="509"
                         VPOS="612"
                         HPOS="728">
                  <String HEIGHT="54" WIDTH="85" VPOS="612" HPOS="716" CONTENT="ens"/>
                  <SP HEIGHT="54" WIDTH="12" VPOS="612" HPOS="801"/>
                  <String HEIGHT="54"
                          WIDTH="133"
                          VPOS="612"
                          HPOS="764"
                          CONTENT="videtur"/>
                  <SP HEIGHT="54" WIDTH="12" VPOS="612" HPOS="898"/>
                  <String HEIGHT="54" WIDTH="97" VPOS="612" HPOS="861" CONTENT="dici"/>
                  <SP HEIGHT="54" WIDTH="12" VPOS="612" HPOS="958"/>
                  <String HEIGHT="54"
                          WIDTH="218"
                          VPOS="612"
                          HPOS="922"
                          CONTENT="multipliciter,"/>
                  <SP HEIGHT="54" WIDTH="12" VPOS="612" HPOS="1140"/>
                  <String HEIGHT="54"
                          WIDTH="97"
                          VPOS="612"
                          HPOS="1104"
                          CONTENT="ergo"/>
                  <SP HEIGHT="54" WIDTH="12" VPOS="612" HPOS="1201"/>
                  <String HEIGHT="54"
                          WIDTH="85"
                          VPOS="612"
                          HPOS="1152"
                          CONTENT="mani"
                          SUBS_TYPE="HypPart1"
                          SUBS_CONTENT="manifestum"/>
                  <HYP CONTENT="-"/>
               </TextLine>
               <TextLine ID="r3l15"
                         BASELINE="703"
                         HEIGHT="51"
                         WIDTH="508"
                         VPOS="652"
                         HPOS="734">
                  <String HEIGHT="51"
                          WIDTH="130"
                          VPOS="652"
                          HPOS="721"
                          CONTENT="festum"
                          SUBS_TYPE="HypPart2"
                          SUBS_CONTENT="manifestum"/>
                  <SP HEIGHT="51" WIDTH="13" VPOS="652" HPOS="851"/>
                  <String HEIGHT="51"
                          WIDTH="104"
                          VPOS="652"
                          HPOS="812"
                          CONTENT="est,"/>
                  <SP HEIGHT="51" WIDTH="13" VPOS="652" HPOS="916"/>
                  <String HEIGHT="51"
                          WIDTH="104"
                          VPOS="652"
                          HPOS="877"
                          CONTENT="quod"/>
                  <SP HEIGHT="51" WIDTH="13" VPOS="652" HPOS="981"/>
                  <String HEIGHT="51"
                          WIDTH="130"
                          VPOS="652"
                          HPOS="942"
                          CONTENT="illud,"/>
                  <SP HEIGHT="51" WIDTH="13" VPOS="652" HPOS="1073"/>
                  <String HEIGHT="51"
                          WIDTH="104"
                          VPOS="652"
                          HPOS="1034"
                          CONTENT="quod"/>
                  <SP HEIGHT="51" WIDTH="13" VPOS="652" HPOS="1138"/>
                  <String HEIGHT="51"
                          WIDTH="156"
                          VPOS="652"
                          HPOS="1086"
                          CONTENT="significat"/>
               </TextLine>
               <TextLine ID="r3l16"
                         BASELINE="738"
                         HEIGHT="45"
                         WIDTH="494"
                         VPOS="693"
                         HPOS="736">
                  <String HEIGHT="45"
                          WIDTH="117"
                          VPOS="693"
                          HPOS="723"
                          CONTENT="vnum,"/>
                  <SP HEIGHT="45" WIDTH="13" VPOS="693" HPOS="840"/>
                  <String HEIGHT="45"
                          WIDTH="195"
                          VPOS="693"
                          HPOS="801"
                          CONTENT="impossibile"/>
                  <SP HEIGHT="45" WIDTH="13" VPOS="693" HPOS="996"/>
                  <String HEIGHT="45" WIDTH="91" VPOS="693" HPOS="957" CONTENT="est"/>
                  <SP HEIGHT="45" WIDTH="13" VPOS="693" HPOS="1048"/>
                  <String HEIGHT="45"
                          WIDTH="104"
                          VPOS="693"
                          HPOS="1009"
                          CONTENT="quod"/>
                  <SP HEIGHT="45" WIDTH="13" VPOS="693" HPOS="1113"/>
                  <String HEIGHT="45" WIDTH="91" VPOS="693" HPOS="1074" CONTENT="sit"/>
                  <SP HEIGHT="45" WIDTH="13" VPOS="693" HPOS="1165"/>
                  <String HEIGHT="45"
                          WIDTH="117"
                          VPOS="693"
                          HPOS="1113"
                          CONTENT="princi"
                          SUBS_TYPE="HypPart1"
                          SUBS_CONTENT="principium"/>
                  <HYP CONTENT="-"/>
               </TextLine>
               <TextLine ID="r3l17"
                         BASELINE="782"
                         HEIGHT="50"
                         WIDTH="498"
                         VPOS="732"
                         HPOS="731">
                  <String HEIGHT="50"
                          WIDTH="111"
                          VPOS="732"
                          HPOS="717"
                          CONTENT="pium"
                          SUBS_TYPE="HypPart2"
                          SUBS_CONTENT="principium"/>
                  <SP HEIGHT="50" WIDTH="14" VPOS="732" HPOS="828"/>
                  <String HEIGHT="50"
                          WIDTH="138"
                          VPOS="732"
                          HPOS="786"
                          CONTENT="omnium"/>
                  <SP HEIGHT="50" WIDTH="14" VPOS="732" HPOS="925"/>
                  <String HEIGHT="50"
                          WIDTH="152"
                          VPOS="732"
                          HPOS="883"
                          CONTENT="entium,"/>
                  <SP HEIGHT="50" WIDTH="14" VPOS="732" HPOS="1035"/>
                  <String HEIGHT="50" WIDTH="97" VPOS="732" HPOS="994" CONTENT="ita"/>
                  <SP HEIGHT="50" WIDTH="14" VPOS="732" HPOS="1091"/>
                  <String HEIGHT="50"
                          WIDTH="111"
                          VPOS="732"
                          HPOS="1049"
                          CONTENT="quod"/>
                  <SP HEIGHT="50" WIDTH="14" VPOS="732" HPOS="1160"/>
                  <String HEIGHT="50" WIDTH="97" VPOS="732" HPOS="1118" CONTENT="sit"/>
                  <SP HEIGHT="50" WIDTH="14" VPOS="732" HPOS="1215"/>
                  <String HEIGHT="50" WIDTH="69" VPOS="732" HPOS="1160" CONTENT="com"/>
               </TextLine>
               <TextLine ID="r3l18"
                         BASELINE="821"
                         HEIGHT="53"
                         WIDTH="510"
                         VPOS="768"
                         HPOS="729">
                  <String HEIGHT="53"
                          WIDTH="110"
                          VPOS="768"
                          HPOS="715"
                          CONTENT="mune"/>
                  <SP HEIGHT="53" WIDTH="14" VPOS="768" HPOS="825"/>
                  <String HEIGHT="53" WIDTH="96" VPOS="768" HPOS="784" CONTENT="eis"/>
                  <SP HEIGHT="53" WIDTH="14" VPOS="768" HPOS="881"/>
                  <String HEIGHT="53"
                          WIDTH="124"
                          VPOS="768"
                          HPOS="839"
                          CONTENT="sicut"/>
                  <SP HEIGHT="53" WIDTH="14" VPOS="768" HPOS="963"/>
                  <String HEIGHT="53" WIDTH="96" VPOS="768" HPOS="922" CONTENT="est"/>
                  <SP HEIGHT="53" WIDTH="14" VPOS="768" HPOS="1018"/>
                  <String HEIGHT="53"
                          WIDTH="207"
                          VPOS="768"
                          HPOS="977"
                          CONTENT="impossibile"/>
                  <SP HEIGHT="53" WIDTH="14" VPOS="768" HPOS="1184"/>
                  <String HEIGHT="53" WIDTH="83" VPOS="768" HPOS="1143" CONTENT="vt"/>
                  <SP HEIGHT="53" WIDTH="14" VPOS="768" HPOS="1225"/>
                  <String HEIGHT="53" WIDTH="69" VPOS="768" HPOS="1170" CONTENT="hoc"/>
               </TextLine>
               <TextLine ID="r3l19"
                         BASELINE="859"
                         HEIGHT="52"
                         WIDTH="506"
                         VPOS="807"
                         HPOS="729">
                  <String HEIGHT="52"
                          WIDTH="152"
                          VPOS="807"
                          HPOS="712"
                          CONTENT="homen"/>
                  <SP HEIGHT="52" WIDTH="17" VPOS="807" HPOS="864"/>
                  <String HEIGHT="52"
                          WIDTH="236"
                          VPOS="807"
                          HPOS="813"
                          CONTENT="principium"/>
                  <SP HEIGHT="52" WIDTH="17" VPOS="807" HPOS="1049"/>
                  <String HEIGHT="52" WIDTH="118" VPOS="807" HPOS="999" CONTENT="sit"/>
                  <SP HEIGHT="52" WIDTH="17" VPOS="807" HPOS="1117"/>
                  <String HEIGHT="52"
                          WIDTH="135"
                          VPOS="807"
                          HPOS="1066"
                          CONTENT="vnum"/>
                  <SP HEIGHT="52" WIDTH="17" VPOS="807" HPOS="1201"/>
                  <String HEIGHT="52"
                          WIDTH="101"
                          VPOS="807"
                          HPOS="1134"
                          CONTENT="com"
                          SUBS_TYPE="HypPart1"
                          SUBS_CONTENT="commune"/>
                  <HYP CONTENT="-"/>
               </TextLine>
               <TextLine ID="r3l20"
                         BASELINE="890"
                         HEIGHT="46"
                         WIDTH="505"
                         VPOS="844"
                         HPOS="734">
                  <String HEIGHT="46"
                          WIDTH="106"
                          VPOS="844"
                          HPOS="721"
                          CONTENT="mune"
                          SUBS_TYPE="HypPart2"
                          SUBS_CONTENT="commune"/>
                  <SP HEIGHT="46" WIDTH="13" VPOS="844" HPOS="827"/>
                  <String HEIGHT="46"
                          WIDTH="173"
                          VPOS="844"
                          HPOS="787"
                          CONTENT="elementis"/>
                  <SP HEIGHT="46" WIDTH="13" VPOS="844" HPOS="960"/>
                  <String HEIGHT="46"
                          WIDTH="159"
                          VPOS="844"
                          HPOS="920"
                          CONTENT="omnibus."/>
                  <SP HEIGHT="46" WIDTH="13" VPOS="844" HPOS="1080"/>
                  <String HEIGHT="46" WIDTH="93" VPOS="844" HPOS="1040" CONTENT="Sed"/>
                  <SP HEIGHT="46" WIDTH="13" VPOS="844" HPOS="1133"/>
                  <String HEIGHT="46"
                          WIDTH="159"
                          VPOS="844"
                          HPOS="1080"
                          CONTENT="quaerendum"/>
               </TextLine>
               <TextLine ID="r3l21"
                         BASELINE="930"
                         HEIGHT="38"
                         WIDTH="509"
                         VPOS="892"
                         HPOS="732">
                  <String HEIGHT="38" WIDTH="96" VPOS="892" HPOS="718" CONTENT="est"/>
                  <SP HEIGHT="38" WIDTH="14" VPOS="892" HPOS="815"/>
                  <String HEIGHT="38" WIDTH="83" VPOS="892" HPOS="773" CONTENT="in"/>
                  <SP HEIGHT="38" WIDTH="14" VPOS="892" HPOS="856"/>
                  <String HEIGHT="38"
                          WIDTH="151"
                          VPOS="892"
                          HPOS="815"
                          CONTENT="entibus"/>
                  <SP HEIGHT="38" WIDTH="14" VPOS="892" HPOS="966"/>
                  <String HEIGHT="38"
                          WIDTH="110"
                          VPOS="892"
                          HPOS="925"
                          CONTENT="quid"/>
                  <SP HEIGHT="38" WIDTH="14" VPOS="892" HPOS="1035"/>
                  <String HEIGHT="38" WIDTH="96" VPOS="892" HPOS="993" CONTENT="est"/>
                  <SP HEIGHT="38" WIDTH="14" VPOS="892" HPOS="1090"/>
                  <String HEIGHT="38"
                          WIDTH="151"
                          VPOS="892"
                          HPOS="1048"
                          CONTENT="dignius"/>
                  <SP HEIGHT="38" WIDTH="14" VPOS="892" HPOS="1200"/>
                  <String HEIGHT="38"
                          WIDTH="96"
                          VPOS="892"
                          HPOS="1145"
                          CONTENT="vnita"/>
               </TextLine>
               <TextLine ID="r3l22"
                         BASELINE="975"
                         HEIGHT="50"
                         WIDTH="505"
                         VPOS="925"
                         HPOS="730">
                  <String HEIGHT="50" WIDTH="82" VPOS="925" HPOS="718" CONTENT="te,"/>
                  <SP HEIGHT="50" WIDTH="12" VPOS="925" HPOS="800"/>
                  <String HEIGHT="50" WIDTH="59" VPOS="925" HPOS="765" CONTENT="&amp;"/>
                  <SP HEIGHT="50" WIDTH="12" VPOS="925" HPOS="824"/>
                  <String HEIGHT="50" WIDTH="94" VPOS="925" HPOS="789" CONTENT="none"/>
                  <SP HEIGHT="50" WIDTH="12" VPOS="925" HPOS="883"/>
                  <String HEIGHT="50"
                          WIDTH="176"
                          VPOS="925"
                          HPOS="847"
                          CONTENT="principium:"/>
                  <SP HEIGHT="50" WIDTH="12" VPOS="925" HPOS="1024"/>
                  <String HEIGHT="50" WIDTH="59" VPOS="925" HPOS="988" CONTENT="&amp;"/>
                  <SP HEIGHT="50" WIDTH="12" VPOS="925" HPOS="1047"/>
                  <String HEIGHT="50"
                          WIDTH="106"
                          VPOS="925"
                          HPOS="1012"
                          CONTENT="illud"/>
                  <SP HEIGHT="50" WIDTH="12" VPOS="925" HPOS="1118"/>
                  <String HEIGHT="50"
                          WIDTH="94"
                          VPOS="925"
                          HPOS="1082"
                          CONTENT="est,"/>
                  <SP HEIGHT="50" WIDTH="12" VPOS="925" HPOS="1176"/>
                  <String HEIGHT="50"
                          WIDTH="106"
                          VPOS="925"
                          HPOS="1129"
                          CONTENT="propter"/>
               </TextLine>
               <TextLine ID="r3l23"
                         BASELINE="1011"
                         HEIGHT="45"
                         WIDTH="499"
                         VPOS="966"
                         HPOS="734">
                  <String HEIGHT="45"
                          WIDTH="102"
                          VPOS="966"
                          HPOS="721"
                          CONTENT="quod"/>
                  <SP HEIGHT="45" WIDTH="13" VPOS="966" HPOS="824"/>
                  <String HEIGHT="45"
                          WIDTH="166"
                          VPOS="966"
                          HPOS="785"
                          CONTENT="inuenitur"/>
                  <SP HEIGHT="45" WIDTH="13" VPOS="966" HPOS="952"/>
                  <String HEIGHT="45" WIDTH="77" VPOS="966" HPOS="913" CONTENT="in"/>
                  <SP HEIGHT="45" WIDTH="13" VPOS="966" HPOS="990"/>
                  <String HEIGHT="45"
                          WIDTH="115"
                          VPOS="966"
                          HPOS="952"
                          CONTENT="aliis"/>
                  <SP HEIGHT="45" WIDTH="13" VPOS="966" HPOS="1067"/>
                  <String HEIGHT="45"
                          WIDTH="179"
                          VPOS="966"
                          HPOS="1028"
                          CONTENT="habentibus"/>
                  <SP HEIGHT="45" WIDTH="13" VPOS="966" HPOS="1207"/>
                  <String HEIGHT="45"
                          WIDTH="77"
                          VPOS="966"
                          HPOS="1156"
                          CONTENT="haec"/>
               </TextLine>
               <TextLine ID="r3l24"
                         BASELINE="1043"
                         HEIGHT="31"
                         WIDTH="506"
                         VPOS="1012"
                         HPOS="733">
                  <String HEIGHT="31"
                          WIDTH="121"
                          VPOS="1012"
                          HPOS="722"
                          CONTENT="nomnia."/>
                  <SP HEIGHT="31" WIDTH="11" VPOS="1012" HPOS="843"/>
                  <String HEIGHT="31"
                          WIDTH="121"
                          VPOS="1012"
                          HPOS="810"
                          CONTENT="apparet"/>
                  <SP HEIGHT="31" WIDTH="11" VPOS="1012" HPOS="931"/>
                  <String HEIGHT="31"
                          WIDTH="88"
                          VPOS="1012"
                          HPOS="898"
                          CONTENT="enim"/>
                  <SP HEIGHT="31" WIDTH="11" VPOS="1012" HPOS="986"/>
                  <String HEIGHT="31"
                          WIDTH="88"
                          VPOS="1012"
                          HPOS="953"
                          CONTENT="quod"/>
                  <SP HEIGHT="31" WIDTH="11" VPOS="1012" HPOS="1041"/>
                  <String HEIGHT="31"
                          WIDTH="88"
                          VPOS="1012"
                          HPOS="1008"
                          CONTENT="haec"/>
                  <SP HEIGHT="31" WIDTH="11" VPOS="1012" HPOS="1096"/>
                  <String HEIGHT="31"
                          WIDTH="99"
                          VPOS="1012"
                          HPOS="1063"
                          CONTENT="nonia"/>
                  <SP HEIGHT="31" WIDTH="11" VPOS="1012" HPOS="1162"/>
                  <String HEIGHT="31"
                          WIDTH="121"
                          VPOS="1012"
                          HPOS="1118"
                          CONTENT="dicantur,"/>
               </TextLine>
               <TextLine ID="r3l25"
                         BASELINE="1082"
                         HEIGHT="40"
                         WIDTH="496"
                         VPOS="1042"
                         HPOS="734">
                  <String HEIGHT="40"
                          WIDTH="145"
                          VPOS="1042"
                          HPOS="722"
                          CONTENT="secundum"/>
                  <SP HEIGHT="40" WIDTH="12" VPOS="1042" HPOS="867"/>
                  <String HEIGHT="40"
                          WIDTH="109"
                          VPOS="1042"
                          HPOS="831"
                          CONTENT="prius"/>
                  <SP HEIGHT="40" WIDTH="12" VPOS="1042" HPOS="940"/>
                  <String HEIGHT="40" WIDTH="60" VPOS="1042" HPOS="903" CONTENT="&amp;"/>
                  <SP HEIGHT="40" WIDTH="12" VPOS="1042" HPOS="964"/>
                  <String HEIGHT="40"
                          WIDTH="169"
                          VPOS="1042"
                          HPOS="928"
                          CONTENT="posterius,"/>
                  <SP HEIGHT="40" WIDTH="12" VPOS="1042" HPOS="1097"/>
                  <String HEIGHT="40" WIDTH="60" VPOS="1042" HPOS="1061" CONTENT="&amp;"/>
                  <SP HEIGHT="40" WIDTH="12" VPOS="1042" HPOS="1121"/>
                  <String HEIGHT="40"
                          WIDTH="85"
                          VPOS="1042"
                          HPOS="1085"
                          CONTENT="hoc"/>
                  <SP HEIGHT="40" WIDTH="12" VPOS="1042" HPOS="1170"/>
                  <String HEIGHT="40"
                          WIDTH="109"
                          VPOS="1042"
                          HPOS="1121"
                          CONTENT="intende"/>
               </TextLine>
               <TextLine ID="r3l26"
                         BASELINE="1128"
                         HEIGHT="48"
                         WIDTH="504"
                         VPOS="1080"
                         HPOS="732">
                  <String HEIGHT="48"
                          WIDTH="103"
                          VPOS="1080"
                          HPOS="719"
                          CONTENT="bat,"/>
                  <SP HEIGHT="48" WIDTH="13" VPOS="1080" HPOS="822"/>
                  <String HEIGHT="48" WIDTH="90" VPOS="1080" HPOS="784" CONTENT="cum"/>
                  <SP HEIGHT="48" WIDTH="13" VPOS="1080" HPOS="874"/>
                  <String HEIGHT="48" WIDTH="78" VPOS="1080" HPOS="835" CONTENT="d."/>
                  <SP HEIGHT="48" WIDTH="13" VPOS="1080" HPOS="913"/>
                  <String HEIGHT="48"
                          WIDTH="181"
                          VPOS="1080"
                          HPOS="874"
                          CONTENT="manifestum"/>
                  <SP HEIGHT="48" WIDTH="13" VPOS="1080" HPOS="1055"/>
                  <String HEIGHT="48"
                          WIDTH="90"
                          VPOS="1080"
                          HPOS="1016"
                          CONTENT="est"/>
                  <SP HEIGHT="48" WIDTH="13" VPOS="1080" HPOS="1107"/>
                  <String HEIGHT="48"
                          WIDTH="142"
                          VPOS="1080"
                          HPOS="1068"
                          CONTENT="igitur,"/>
                  <SP HEIGHT="48" WIDTH="13" VPOS="1080" HPOS="1210"/>
                  <String HEIGHT="48"
                          WIDTH="78"
                          VPOS="1080"
                          HPOS="1158"
                          CONTENT="quod"/>
               </TextLine>
               <TextLine ID="r3l27"
                         BASELINE="1173"
                         HEIGHT="54"
                         WIDTH="500"
                         VPOS="1119"
                         HPOS="732">
                  <String HEIGHT="54"
                          WIDTH="208"
                          VPOS="1119"
                          HPOS="718"
                          CONTENT="impossibile"/>
                  <SP HEIGHT="54" WIDTH="14" VPOS="1119" HPOS="926"/>
                  <String HEIGHT="54"
                          WIDTH="111"
                          VPOS="1119"
                          HPOS="885"
                          CONTENT="est,"/>
                  <SP HEIGHT="54" WIDTH="14" VPOS="1119" HPOS="996"/>
                  <String HEIGHT="54" WIDTH="97" VPOS="1119" HPOS="954" CONTENT="&amp;c."/>
                  <SP HEIGHT="54" WIDTH="14" VPOS="1119" HPOS="1051"/>
                  <String HEIGHT="54" WIDTH="83" VPOS="1119" HPOS="1010" CONTENT="i."/>
                  <SP HEIGHT="54" WIDTH="14" VPOS="1119" HPOS="1093"/>
                  <String HEIGHT="54" WIDTH="69" VPOS="1119" HPOS="1051" CONTENT="&amp;"/>
                  <SP HEIGHT="54" WIDTH="14" VPOS="1119" HPOS="1121"/>
                  <String HEIGHT="54"
                          WIDTH="167"
                          VPOS="1119"
                          HPOS="1065"
                          CONTENT="manifestum"/>
               </TextLine>
               <TextLine ID="r3l28"
                         BASELINE="1202"
                         HEIGHT="45"
                         WIDTH="505"
                         VPOS="1157"
                         HPOS="732">
                  <String HEIGHT="45" WIDTH="88" VPOS="1157" HPOS="719" CONTENT="est"/>
                  <SP HEIGHT="45" WIDTH="13" VPOS="1157" HPOS="808"/>
                  <String HEIGHT="45"
                          WIDTH="139"
                          VPOS="1157"
                          HPOS="770"
                          CONTENT="igitur,"/>
                  <SP HEIGHT="45" WIDTH="13" VPOS="1157" HPOS="909"/>
                  <String HEIGHT="45"
                          WIDTH="101"
                          VPOS="1157"
                          HPOS="871"
                          CONTENT="quod"/>
                  <SP HEIGHT="45" WIDTH="13" VPOS="1157" HPOS="972"/>
                  <String HEIGHT="45"
                          WIDTH="189"
                          VPOS="1157"
                          HPOS="934"
                          CONTENT="impossibile"/>
                  <SP HEIGHT="45" WIDTH="13" VPOS="1157" HPOS="1123"/>
                  <String HEIGHT="45"
                          WIDTH="88"
                          VPOS="1157"
                          HPOS="1086"
                          CONTENT="est"/>
                  <SP HEIGHT="45" WIDTH="13" VPOS="1157" HPOS="1174"/>
                  <String HEIGHT="45" WIDTH="76" VPOS="1157" HPOS="1136" CONTENT="vt"/>
                  <SP HEIGHT="45" WIDTH="13" VPOS="1157" HPOS="1212"/>
                  <String HEIGHT="45"
                          WIDTH="76"
                          VPOS="1157"
                          HPOS="1161"
                          CONTENT="vnum"/>
               </TextLine>
               <TextLine ID="r3l29"
                         BASELINE="1242"
                         HEIGHT="45"
                         WIDTH="511"
                         VPOS="1197"
                         HPOS="730">
                  <String HEIGHT="45" WIDTH="73" VPOS="1197" HPOS="715" CONTENT="&amp;"/>
                  <SP HEIGHT="45" WIDTH="15" VPOS="1197" HPOS="788"/>
                  <String HEIGHT="45"
                          WIDTH="102"
                          VPOS="1197"
                          HPOS="745"
                          CONTENT="ens"/>
                  <SP HEIGHT="45" WIDTH="15" VPOS="1197" HPOS="847"/>
                  <String HEIGHT="45"
                          WIDTH="117"
                          VPOS="1197"
                          HPOS="803"
                          CONTENT="sint"/>
                  <SP HEIGHT="45" WIDTH="15" VPOS="1197" HPOS="920"/>
                  <String HEIGHT="45"
                          WIDTH="204"
                          VPOS="1197"
                          HPOS="876"
                          CONTENT="substantia"/>
                  <SP HEIGHT="45" WIDTH="15" VPOS="1197" HPOS="1080"/>
                  <String HEIGHT="45"
                          WIDTH="175"
                          VPOS="1197"
                          HPOS="1037"
                          CONTENT="plurium."/>
                  <SP HEIGHT="45" WIDTH="15" VPOS="1197" HPOS="1212"/>
                  <String HEIGHT="45"
                          WIDTH="88"
                          VPOS="1197"
                          HPOS="1153"
                          CONTENT="D.d."/>
               </TextLine>
               <TextLine ID="r3l30"
                         BASELINE="1287"
                         HEIGHT="50"
                         WIDTH="494"
                         VPOS="1237"
                         HPOS="735">
                  <String HEIGHT="50"
                          WIDTH="106"
                          VPOS="1237"
                          HPOS="723"
                          CONTENT="sicut"/>
                  <SP HEIGHT="50" WIDTH="12" VPOS="1237" HPOS="829"/>
                  <String HEIGHT="50" WIDTH="82" VPOS="1237" HPOS="794" CONTENT="est"/>
                  <SP HEIGHT="50" WIDTH="12" VPOS="1237" HPOS="876"/>
                  <String HEIGHT="50"
                          WIDTH="188"
                          VPOS="1237"
                          HPOS="841"
                          CONTENT="impossibile,"/>
                  <SP HEIGHT="50" WIDTH="12" VPOS="1237" HPOS="1029"/>
                  <String HEIGHT="50" WIDTH="82" VPOS="1237" HPOS="994" CONTENT="&amp;c."/>
                  <SP HEIGHT="50" WIDTH="12" VPOS="1237" HPOS="1076"/>
                  <String HEIGHT="50" WIDTH="71" VPOS="1237" HPOS="1041" CONTENT="i."/>
                  <SP HEIGHT="50" WIDTH="12" VPOS="1237" HPOS="1111"/>
                  <String HEIGHT="50"
                          WIDTH="106"
                          VPOS="1237"
                          HPOS="1076"
                          CONTENT="sicut"/>
                  <SP HEIGHT="50" WIDTH="12" VPOS="1237" HPOS="1182"/>
                  <String HEIGHT="50"
                          WIDTH="82"
                          VPOS="1237"
                          HPOS="1147"
                          CONTENT="est"/>
                  <SP HEIGHT="50" WIDTH="12" VPOS="1237" HPOS="1229"/>
                  <String HEIGHT="50" WIDTH="47" VPOS="1237" HPOS="1182" CONTENT="in"/>
               </TextLine>
               <TextLine ID="r3l31"
                         BASELINE="1323"
                         HEIGHT="48"
                         WIDTH="494"
                         VPOS="1275"
                         HPOS="734">
                  <String HEIGHT="48"
                          WIDTH="203"
                          VPOS="1275"
                          HPOS="719"
                          CONTENT="possibile,"/>
                  <SP HEIGHT="48" WIDTH="15" VPOS="1275" HPOS="923"/>
                  <String HEIGHT="48" WIDTH="87" VPOS="1275" HPOS="879" CONTENT="vt"/>
                  <SP HEIGHT="48" WIDTH="15" VPOS="1275" HPOS="966"/>
                  <String HEIGHT="48"
                          WIDTH="203"
                          VPOS="1275"
                          HPOS="923"
                          CONTENT="principium"/>
                  <SP HEIGHT="48" WIDTH="15" VPOS="1275" HPOS="1126"/>
                  <String HEIGHT="48"
                          WIDTH="145"
                          VPOS="1275"
                          HPOS="1083"
                          CONTENT="dictum"/>
                  <SP HEIGHT="48" WIDTH="15" VPOS="1275" HPOS="1228"/>
                  <String HEIGHT="48" WIDTH="58" VPOS="1275" HPOS="1170" CONTENT="de"/>
               </TextLine>
               <TextLine ID="r3l32"
                         BASELINE="1366"
                         HEIGHT="49"
                         WIDTH="500"
                         VPOS="1317"
                         HPOS="734">
                  <String HEIGHT="49"
                          WIDTH="191"
                          VPOS="1317"
                          HPOS="719"
                          CONTENT="elementis"/>
                  <SP HEIGHT="49" WIDTH="15" VPOS="1317" HPOS="910"/>
                  <String HEIGHT="49"
                          WIDTH="206"
                          VPOS="1317"
                          HPOS="866"
                          CONTENT="communibus"/>
                  <SP HEIGHT="49" WIDTH="15" VPOS="1317" HPOS="1072"/>
                  <String HEIGHT="49"
                          WIDTH="103"
                          VPOS="1317"
                          HPOS="1028"
                          CONTENT="sit"/>
                  <SP HEIGHT="49" WIDTH="15" VPOS="1317" HPOS="1131"/>
                  <String HEIGHT="49"
                          WIDTH="132"
                          VPOS="1317"
                          HPOS="1087"
                          CONTENT="prima"/>
                  <SP HEIGHT="49" WIDTH="15" VPOS="1317" HPOS="1219"/>
                  <String HEIGHT="49"
                          WIDTH="74"
                          VPOS="1317"
                          HPOS="1160"
                          CONTENT="sub"/>
               </TextLine>
               <TextLine ID="r3l33"
                         BASELINE="1395"
                         HEIGHT="43"
                         WIDTH="497"
                         VPOS="1352"
                         HPOS="728">
                  <String HEIGHT="43"
                          WIDTH="161"
                          VPOS="1352"
                          HPOS="713"
                          CONTENT="stantia"/>
                  <SP HEIGHT="43" WIDTH="15" VPOS="1352" HPOS="874"/>
                  <String HEIGHT="43"
                          WIDTH="249"
                          VPOS="1352"
                          HPOS="830"
                          CONTENT="principiorum."/>
                  <SP HEIGHT="43" WIDTH="15" VPOS="1352" HPOS="1079"/>
                  <String HEIGHT="43"
                          WIDTH="117"
                          VPOS="1352"
                          HPOS="1035"
                          CONTENT="D.d."/>
                  <SP HEIGHT="43" WIDTH="15" VPOS="1352" HPOS="1152"/>
                  <String HEIGHT="43" WIDTH="88" VPOS="1352" HPOS="1108" CONTENT="Et"/>
                  <SP HEIGHT="43" WIDTH="15" VPOS="1352" HPOS="1196"/>
                  <String HEIGHT="43"
                          WIDTH="88"
                          VPOS="1352"
                          HPOS="1137"
                          CONTENT="sub"
                          SUBS_TYPE="HypPart1"
                          SUBS_CONTENT="substantia,"/>
                  <HYP CONTENT="-"/>
               </TextLine>
               <TextLine ID="r3l34"
                         BASELINE="1434"
                         HEIGHT="41"
                         WIDTH="500"
                         VPOS="1393"
                         HPOS="734">
                  <String HEIGHT="41"
                          WIDTH="154"
                          VPOS="1393"
                          HPOS="721"
                          CONTENT="stantia,"
                          SUBS_TYPE="HypPart2"
                          SUBS_CONTENT="substantia,"/>
                  <SP HEIGHT="41" WIDTH="13" VPOS="1393" HPOS="875"/>
                  <String HEIGHT="41"
                          WIDTH="103"
                          VPOS="1393"
                          HPOS="837"
                          CONTENT="quae"/>
                  <SP HEIGHT="41" WIDTH="13" VPOS="1393" HPOS="939"/>
                  <String HEIGHT="41"
                          WIDTH="103"
                          VPOS="1393"
                          HPOS="901"
                          CONTENT="est,"/>
                  <SP HEIGHT="41" WIDTH="13" VPOS="1393" HPOS="1003"/>
                  <String HEIGHT="41" WIDTH="90" VPOS="1393" HPOS="965" CONTENT="&amp;c."/>
                  <SP HEIGHT="41" WIDTH="13" VPOS="1393" HPOS="1055"/>
                  <String HEIGHT="41" WIDTH="77" VPOS="1393" HPOS="1016" CONTENT="i."/>
                  <SP HEIGHT="41" WIDTH="13" VPOS="1393" HPOS="1093"/>
                  <String HEIGHT="41" WIDTH="64" VPOS="1393" HPOS="1055" CONTENT="&amp;"/>
                  <SP HEIGHT="41" WIDTH="13" VPOS="1393" HPOS="1119"/>
                  <String HEIGHT="41"
                          WIDTH="167"
                          VPOS="1393"
                          HPOS="1067"
                          CONTENT="existimatur"/>
               </TextLine>
               <TextLine ID="r3l35"
                         BASELINE="1474"
                         HEIGHT="36"
                         WIDTH="496"
                         VPOS="1438"
                         HPOS="736">
                  <String HEIGHT="36"
                          WIDTH="102"
                          VPOS="1438"
                          HPOS="723"
                          CONTENT="quod"/>
                  <SP HEIGHT="36" WIDTH="13" VPOS="1438" HPOS="825"/>
                  <String HEIGHT="36"
                          WIDTH="127"
                          VPOS="1438"
                          HPOS="787"
                          CONTENT="illud,"/>
                  <SP HEIGHT="36" WIDTH="13" VPOS="1438" HPOS="914"/>
                  <String HEIGHT="36"
                          WIDTH="102"
                          VPOS="1438"
                          HPOS="876"
                          CONTENT="quod"/>
                  <SP HEIGHT="36" WIDTH="13" VPOS="1438" HPOS="978"/>
                  <String HEIGHT="36" WIDTH="89" VPOS="1438" HPOS="939" CONTENT="est"/>
                  <SP HEIGHT="36" WIDTH="13" VPOS="1438" HPOS="1029"/>
                  <String HEIGHT="36"
                          WIDTH="140"
                          VPOS="1438"
                          HPOS="990"
                          CONTENT="dignius"/>
                  <SP HEIGHT="36" WIDTH="13" VPOS="1438" HPOS="1130"/>
                  <String HEIGHT="36"
                          WIDTH="89"
                          VPOS="1438"
                          HPOS="1092"
                          CONTENT="hoc"/>
                  <SP HEIGHT="36" WIDTH="13" VPOS="1438" HPOS="1181"/>
                  <String HEIGHT="36"
                          WIDTH="102"
                          VPOS="1438"
                          HPOS="1130"
                          CONTENT="nomine"/>
               </TextLine>
               <TextLine ID="r3l36"
                         BASELINE="1514"
                         HEIGHT="45"
                         WIDTH="504"
                         VPOS="1469"
                         HPOS="728">
                  <String HEIGHT="45"
                          WIDTH="189"
                          VPOS="1469"
                          HPOS="715"
                          CONTENT="substantia,"/>
                  <SP HEIGHT="45" WIDTH="13" VPOS="1469" HPOS="904"/>
                  <String HEIGHT="45"
                          WIDTH="113"
                          VPOS="1469"
                          HPOS="867"
                          CONTENT="inter"/>
                  <SP HEIGHT="45" WIDTH="13" VPOS="1469" HPOS="980"/>
                  <String HEIGHT="45"
                          WIDTH="101"
                          VPOS="1469"
                          HPOS="942"
                          CONTENT="ista"/>
                  <SP HEIGHT="45" WIDTH="13" VPOS="1469" HPOS="1043"/>
                  <String HEIGHT="45"
                          WIDTH="151"
                          VPOS="1469"
                          HPOS="1005"
                          CONTENT="concessa"/>
                  <SP HEIGHT="45" WIDTH="13" VPOS="1469" HPOS="1156"/>
                  <String HEIGHT="45"
                          WIDTH="101"
                          VPOS="1469"
                          HPOS="1119"
                          CONTENT="esse"/>
                  <SP HEIGHT="45" WIDTH="13" VPOS="1469" HPOS="1219"/>
                  <String HEIGHT="45"
                          WIDTH="63"
                          VPOS="1469"
                          HPOS="1169"
                          CONTENT="sub"/>
               </TextLine>
               <TextLine ID="r3l37"
                         BASELINE="1562"
                         HEIGHT="52"
                         WIDTH="503"
                         VPOS="1510"
                         HPOS="734">
                  <String HEIGHT="52"
                          WIDTH="152"
                          VPOS="1510"
                          HPOS="722"
                          CONTENT="stantias,"/>
                  <SP HEIGHT="52" WIDTH="12" VPOS="1510" HPOS="874"/>
                  <String HEIGHT="52" WIDTH="82" VPOS="1510" HPOS="839" CONTENT="est"/>
                  <SP HEIGHT="52" WIDTH="12" VPOS="1510" HPOS="921"/>
                  <String HEIGHT="52"
                          WIDTH="117"
                          VPOS="1510"
                          HPOS="886"
                          CONTENT="illud,"/>
                  <SP HEIGHT="52" WIDTH="12" VPOS="1510" HPOS="1003"/>
                  <String HEIGHT="52" WIDTH="70" VPOS="1510" HPOS="968" CONTENT="de"/>
                  <SP HEIGHT="52" WIDTH="12" VPOS="1510" HPOS="1038"/>
                  <String HEIGHT="52"
                          WIDTH="82"
                          VPOS="1510"
                          HPOS="1003"
                          CONTENT="quo"/>
                  <SP HEIGHT="52" WIDTH="12" VPOS="1510" HPOS="1085"/>
                  <String HEIGHT="52"
                          WIDTH="175"
                          VPOS="1510"
                          HPOS="1050"
                          CONTENT="simpliciter"/>
                  <SP HEIGHT="52" WIDTH="12" VPOS="1510" HPOS="1225"/>
                  <String HEIGHT="52"
                          WIDTH="58"
                          VPOS="1510"
                          HPOS="1179"
                          CONTENT="di"
                          SUBS_TYPE="HypPart1"
                          SUBS_CONTENT="dicitur"/>
                  <HYP CONTENT="-"/>
               </TextLine>
               <TextLine ID="r3l38"
                         BASELINE="1587"
                         HEIGHT="31"
                         WIDTH="496"
                         VPOS="1556"
                         HPOS="736">
                  <String HEIGHT="31"
                          WIDTH="140"
                          VPOS="1556"
                          HPOS="721"
                          CONTENT="citur"
                          SUBS_TYPE="HypPart2"
                          SUBS_CONTENT="dicitur"/>
                  <SP HEIGHT="31" WIDTH="16" VPOS="1556" HPOS="860"/>
                  <String HEIGHT="31"
                          WIDTH="109"
                          VPOS="1556"
                          HPOS="814"
                          CONTENT="hoc"/>
                  <SP HEIGHT="31" WIDTH="16" VPOS="1556" HPOS="922"/>
                  <String HEIGHT="31"
                          WIDTH="140"
                          VPOS="1556"
                          HPOS="876"
                          CONTENT="nomen"/>
                  <SP HEIGHT="31" WIDTH="16" VPOS="1556" HPOS="1015"/>
                  <String HEIGHT="31"
                          WIDTH="124"
                          VPOS="1556"
                          HPOS="969"
                          CONTENT="ens,"/>
                  <SP HEIGHT="31" WIDTH="16" VPOS="1556" HPOS="1093"/>
                  <String HEIGHT="31" WIDTH="78" VPOS="1556" HPOS="1046" CONTENT="&amp;"/>
                  <SP HEIGHT="31" WIDTH="16" VPOS="1556" HPOS="1124"/>
                  <String HEIGHT="31"
                          WIDTH="109"
                          VPOS="1556"
                          HPOS="1077"
                          CONTENT="hoc"/>
                  <SP HEIGHT="31" WIDTH="16" VPOS="1556" HPOS="1186"/>
                  <String HEIGHT="31"
                          WIDTH="109"
                          VPOS="1556"
                          HPOS="1124"
                          CONTENT="nomen"/>
               </TextLine>
               <TextLine ID="r3l39"
                         BASELINE="1639"
                         HEIGHT="50"
                         WIDTH="497"
                         VPOS="1589"
                         HPOS="736">
                  <String HEIGHT="50"
                          WIDTH="140"
                          VPOS="1589"
                          HPOS="720"
                          CONTENT="vnum,"/>
                  <SP HEIGHT="50" WIDTH="16" VPOS="1589" HPOS="860"/>
                  <String HEIGHT="50" WIDTH="78" VPOS="1589" HPOS="814" CONTENT="&amp;"/>
                  <SP HEIGHT="50" WIDTH="16" VPOS="1589" HPOS="891"/>
                  <String HEIGHT="50"
                          WIDTH="217"
                          VPOS="1589"
                          HPOS="845"
                          CONTENT="elementum,"/>
                  <SP HEIGHT="50" WIDTH="16" VPOS="1589" HPOS="1062"/>
                  <String HEIGHT="50" WIDTH="78" VPOS="1589" HPOS="1016" CONTENT="&amp;"/>
                  <SP HEIGHT="50" WIDTH="16" VPOS="1589" HPOS="1093"/>
                  <String HEIGHT="50"
                          WIDTH="202"
                          VPOS="1589"
                          HPOS="1031"
                          CONTENT="principium,"/>
               </TextLine>
               <TextLine ID="r3l40"
                         BASELINE="1666"
                         HEIGHT="41"
                         WIDTH="508"
                         VPOS="1625"
                         HPOS="732">
                  <String HEIGHT="41" WIDTH="67" VPOS="1625" HPOS="719" CONTENT="&amp;"/>
                  <SP HEIGHT="41" WIDTH="13" VPOS="1625" HPOS="785"/>
                  <String HEIGHT="41"
                          WIDTH="134"
                          VPOS="1625"
                          HPOS="745"
                          CONTENT="causa."/>
                  <SP HEIGHT="41" WIDTH="13" VPOS="1625" HPOS="879"/>
                  <String HEIGHT="41" WIDTH="94" VPOS="1625" HPOS="839" CONTENT="sed"/>
                  <SP HEIGHT="41" WIDTH="13" VPOS="1625" HPOS="933"/>
                  <String HEIGHT="41"
                          WIDTH="201"
                          VPOS="1625"
                          HPOS="892"
                          CONTENT="vniuersalia"/>
                  <SP HEIGHT="41" WIDTH="13" VPOS="1625" HPOS="1093"/>
                  <String HEIGHT="41"
                          WIDTH="120"
                          VPOS="1625"
                          HPOS="1053"
                          CONTENT="sunt,"/>
                  <SP HEIGHT="41" WIDTH="13" VPOS="1625" HPOS="1173"/>
                  <String HEIGHT="41"
                          WIDTH="107"
                          VPOS="1625"
                          HPOS="1133"
                          CONTENT="quae"/>
                  <SP HEIGHT="41" WIDTH="13" VPOS="1625" HPOS="1240"/>
                  <String HEIGHT="41" WIDTH="53" VPOS="1625" HPOS="1187" CONTENT="si"/>
               </TextLine>
               <TextLine ID="r3l41"
                         BASELINE="1717"
                         HEIGHT="53"
                         WIDTH="504"
                         VPOS="1664"
                         HPOS="735">
                  <String HEIGHT="53"
                          WIDTH="146"
                          VPOS="1664"
                          HPOS="724"
                          CONTENT="gnificant"/>
                  <SP HEIGHT="53" WIDTH="11" VPOS="1664" HPOS="869"/>
                  <String HEIGHT="53"
                          WIDTH="90"
                          VPOS="1664"
                          HPOS="836"
                          CONTENT="haec"/>
                  <SP HEIGHT="53" WIDTH="11" VPOS="1664" HPOS="925"/>
                  <String HEIGHT="53"
                          WIDTH="123"
                          VPOS="1664"
                          HPOS="892"
                          CONTENT="nomnia,"/>
                  <SP HEIGHT="53" WIDTH="11" VPOS="1664" HPOS="1015"/>
                  <String HEIGHT="53"
                          WIDTH="134"
                          VPOS="1664"
                          HPOS="981"
                          CONTENT="scilicet"/>
                  <SP HEIGHT="53" WIDTH="11" VPOS="1664" HPOS="1116"/>
                  <String HEIGHT="53"
                          WIDTH="90"
                          VPOS="1664"
                          HPOS="1082"
                          CONTENT="quia"/>
                  <SP HEIGHT="53" WIDTH="11" VPOS="1664" HPOS="1172"/>
                  <String HEIGHT="53"
                          WIDTH="112"
                          VPOS="1664"
                          HPOS="1127"
                          CONTENT="existima"/>
               </TextLine>
               <TextLine ID="r3l42"
                         BASELINE="1754"
                         HEIGHT="45"
                         WIDTH="498"
                         VPOS="1709"
                         HPOS="737">
                  <String HEIGHT="45"
                          WIDTH="100"
                          VPOS="1709"
                          HPOS="725"
                          CONTENT="tur,"/>
                  <SP HEIGHT="45" WIDTH="12" VPOS="1709" HPOS="824"/>
                  <String HEIGHT="45"
                          WIDTH="100"
                          VPOS="1709"
                          HPOS="787"
                          CONTENT="quod"/>
                  <SP HEIGHT="45" WIDTH="12" VPOS="1709" HPOS="886"/>
                  <String HEIGHT="45"
                          WIDTH="187"
                          VPOS="1709"
                          HPOS="849"
                          CONTENT="vniuersalia"/>
                  <SP HEIGHT="45" WIDTH="12" VPOS="1709" HPOS="1036"/>
                  <String HEIGHT="45"
                          WIDTH="100"
                          VPOS="1709"
                          HPOS="998"
                          CONTENT="sint"/>
                  <SP HEIGHT="45" WIDTH="12" VPOS="1709" HPOS="1098"/>
                  <String HEIGHT="45"
                          WIDTH="162"
                          VPOS="1709"
                          HPOS="1061"
                          CONTENT="principia"/>
                  <SP HEIGHT="45" WIDTH="12" VPOS="1709" HPOS="1223"/>
                  <String HEIGHT="45"
                          WIDTH="62"
                          VPOS="1709"
                          HPOS="1173"
                          CONTENT="re"
                          SUBS_TYPE="HypPart1"
                          SUBS_CONTENT="rerum,"/>
                  <HYP CONTENT="-"/>
               </TextLine>
               <TextLine ID="r3l43"
                         BASELINE="1795"
                         HEIGHT="50"
                         WIDTH="510"
                         VPOS="1745"
                         HPOS="727">
                  <String HEIGHT="50"
                          WIDTH="95"
                          VPOS="1745"
                          HPOS="715"
                          CONTENT="rum,"
                          SUBS_TYPE="HypPart2"
                          SUBS_CONTENT="rerum,"/>
                  <SP HEIGHT="50" WIDTH="12" VPOS="1745" HPOS="810"/>
                  <String HEIGHT="50" WIDTH="71" VPOS="1745" HPOS="774" CONTENT="de"/>
                  <SP HEIGHT="50" WIDTH="12" VPOS="1745" HPOS="846"/>
                  <String HEIGHT="50"
                          WIDTH="119"
                          VPOS="1745"
                          HPOS="810"
                          CONTENT="quibus"/>
                  <SP HEIGHT="50" WIDTH="12" VPOS="1745" HPOS="929"/>
                  <String HEIGHT="50"
                          WIDTH="202"
                          VPOS="1745"
                          HPOS="893"
                          CONTENT="praedicantur,"/>
                  <SP HEIGHT="50" WIDTH="12" VPOS="1745" HPOS="1095"/>
                  <String HEIGHT="50"
                          WIDTH="142"
                          VPOS="1745"
                          HPOS="1059"
                          CONTENT="secundum"/>
                  <SP HEIGHT="50" WIDTH="12" VPOS="1745" HPOS="1201"/>
                  <String HEIGHT="50"
                          WIDTH="95"
                          VPOS="1745"
                          HPOS="1166"
                          CONTENT="quod"/>
                  <SP HEIGHT="50" WIDTH="12" VPOS="1745" HPOS="1261"/>
                  <String HEIGHT="50" WIDTH="24" VPOS="1745" HPOS="1213" CONTENT=""/>
               </TextLine>
               <TextLine ID="r3l44"
                         BASELINE="1827"
                         HEIGHT="46"
                         WIDTH="509"
                         VPOS="1781"
                         HPOS="724">
                  <String HEIGHT="46"
                          WIDTH="113"
                          VPOS="1781"
                          HPOS="710"
                          CONTENT="sunt"/>
                  <SP HEIGHT="46" WIDTH="14" VPOS="1781" HPOS="823"/>
                  <String HEIGHT="46"
                          WIDTH="226"
                          VPOS="1781"
                          HPOS="781"
                          CONTENT="vniuersalia."/>
                  <SP HEIGHT="46" WIDTH="14" VPOS="1781" HPOS="1007"/>
                  <String HEIGHT="46"
                          WIDTH="141"
                          VPOS="1781"
                          HPOS="964"
                          CONTENT="Deinde"/>
                  <SP HEIGHT="46" WIDTH="14" VPOS="1781" HPOS="1106"/>
                  <String HEIGHT="46" WIDTH="85" VPOS="1781" HPOS="1063" CONTENT="d."/>
                  <SP HEIGHT="46" WIDTH="14" VPOS="1781" HPOS="1148"/>
                  <String HEIGHT="46"
                          WIDTH="99"
                          VPOS="1781"
                          HPOS="1106"
                          CONTENT="sed"/>
                  <SP HEIGHT="46" WIDTH="14" VPOS="1781" HPOS="1205"/>
                  <String HEIGHT="46"
                          WIDTH="99"
                          VPOS="1781"
                          HPOS="1162"
                          CONTENT="non"/>
                  <SP HEIGHT="46" WIDTH="14" VPOS="1781" HPOS="1261"/>
                  <String HEIGHT="46" WIDTH="28" VPOS="1781" HPOS="1205" CONTENT=""/>
               </TextLine>
               <TextLine ID="r3l45"
                         BASELINE="1875"
                         HEIGHT="53"
                         WIDTH="508"
                         VPOS="1822"
                         HPOS="729">
                  <String HEIGHT="53"
                          WIDTH="144"
                          VPOS="1822"
                          HPOS="718"
                          CONTENT="videntur,"/>
                  <SP HEIGHT="53" WIDTH="11" VPOS="1822" HPOS="862"/>
                  <String HEIGHT="53" WIDTH="77" VPOS="1822" HPOS="828" CONTENT="&amp;c."/>
                  <SP HEIGHT="53" WIDTH="11" VPOS="1822" HPOS="906"/>
                  <String HEIGHT="53" WIDTH="66" VPOS="1822" HPOS="873" CONTENT="i."/>
                  <SP HEIGHT="53" WIDTH="11" VPOS="1822" HPOS="939"/>
                  <String HEIGHT="53" WIDTH="77" VPOS="1822" HPOS="906" CONTENT="sed"/>
                  <SP HEIGHT="53" WIDTH="11" VPOS="1822" HPOS="983"/>
                  <String HEIGHT="53"
                          WIDTH="88"
                          VPOS="1822"
                          HPOS="950"
                          CONTENT="ista"/>
                  <SP HEIGHT="53" WIDTH="11" VPOS="1822" HPOS="1038"/>
                  <String HEIGHT="53"
                          WIDTH="166"
                          VPOS="1822"
                          HPOS="1005"
                          CONTENT="vniversalia"/>
                  <SP HEIGHT="53" WIDTH="11" VPOS="1822" HPOS="1171"/>
                  <String HEIGHT="53"
                          WIDTH="110"
                          VPOS="1822"
                          HPOS="1127"
                          CONTENT="impossi"/>
               </TextLine>
            </TextBlock>
         </PrintSpace>
      </Page>
   </Layout>
</alto>
