1475 2066
201 149 123 46 sed
272 149 246 46 principium
465 149 141 46 est.
536 149 193 46 Elementum

218 197 142 54 autem
313 197 126 54 est,
392 197 95 54 in
439 197 126 54 quod
518 197 189 54 existens
644 197 79 54 di-

217 240 200 50 uiditur
363 240 109 50 vt
417 240 237 50 materiam,
581 240 146 50 vtputa

208 281 200 50 syllabae
358 281 150 50 ipsum
458 281 100 50 A,
508 281 83 50 &
524 281 67 50 n.

255 323 96 63 Et
303 323 112 63 cum
367 323 176 63 oportet
496 323 96 63 vt
544 323 160 63 habeat
640 323 80 63 est

215 372 144 62 sentia,
320 372 92 62 aut
372 372 105 62 erit
438 372 183 62 essentiam,
582 372 79 62 et
608 372 118 62 manifo-

219 421 105 61 stum
284 421 105 61 est,
350 421 105 61 quod
415 421 144 61 materia
520 421 144 61 quritur
624 421 118 61 quare
690 421 39 61 e

229 469 114 62 v.g.
300 469 128 62 quare
385 469 114 62 haec
456 469 71 62 e
484 469 142 62 domuss
584 469 114 62 quia
641 469 85 62 tale

212 516 99 62 est:
273 516 74 62 et
310 516 111 62 tale,
384 516 86 62 cum
433 516 123 62 fuerit
520 516 148 62 essentia
630 516 123 62 domus.

221 565 76 64 et
259 565 115 64 quare
336 565 89 64 hoc
387 565 89 64 est
438 565 102 64 homo
501 565 64 64 s
527 565 102 64 quia
591 565 115 64 habet
654 565 64 64 hoc

220 613 84 61 et
262 613 98 61 hoc
318 613 98 61 est
374 613 154 61 corpus.
487 613 140 61 igitur
571 613 154 61 manifesti

222 661 98 61 est,
283 661 98 61 quod
345 661 147 61 quaritur
455 661 86 61 ea,
504 661 98 61 quod
566 661 86 61 est
602 661 111 61 materia

217 709 76 65 et
255 709 101 65 ista
318 709 88 65 est
369 709 114 65 forma
444 709 114 65 eius,
520 709 101 65 quod
583 709 114 65 habet
646 709 76 65 ali-

217 757 132 68 quid,
305 757 88 68 et
349 757 102 68 est
407 757 219 68 substantia.
568 757 161 68 Manifestu

215 804 145 65 igitur,
320 804 105 65 quod
386 804 79 65 in
426 804 198 65 simplicibus
584 804 92 65 non
624 804 105 65 quari-

223 853 97 70 tur,
284 853 122 70 neque,
369 853 207 70 consyderatur,
539 853 85 70 sed
588 853 158 70 quaeritur

217 905 109 67 tale
285 905 109 67 alio
353 905 95 67 mo.
407 905 109 67 Etgo
475 905 176 67 compositu
611 905 95 67 est
652 905 81 67 ali-

224 954 116 60 quid,
301 954 103 60 quod
366 954 90 60 est
418 954 142 60 secudum
521 954 103 60 hunc
585 954 129 60 modus,
663 954 64 60 ita

223 1001 107 57 quod
290 1001 121 57 totum
370 1001 94 57 sit
424 1001 121 57 vnum,
504 1001 94 57 non
558 1001 94 57 ita
611 1001 107 57 quod
665 1001 67 57 sit

220 1050 133 56 sicut
309 1050 237 56 coaceruatio.
502 1050 222 56 quemadmodum
665 1050 59 56 sl

224 1099 108 62 laba
291 1099 94 62 non
345 1099 94 62 est
398 1099 148 62 litera,
506 1099 81 62 et
546 1099 81 62 E,
587 1099 81 62 et
627 1099 81 62 A,
654 1099 67 62 nec

218 1148 106 56 caro
284 1148 93 56 est
337 1148 133 56 ignis,
430 1148 80 56 et
470 1148 133 56 terra.
563 1148 146 56 quoniam
656 1148 80 56 ista

213 1181 106 77 cum
274 1181 243 77 dissoluuntur
471 1181 167 77 quaeda,
592 1181 106 77 non
638 1181 91 77 sunt

215 1245 125 61 sicut
298 1245 125 61 caro,
381 1245 83 61 et
423 1245 166 61 syllaba:
547 1245 152 61 literae
644 1245 83 61 vere

223 1292 108 63 sunt
290 1292 121 63 sicut
370 1292 121 63 ignis
451 1292 81 63 et
491 1292 134 63 terra.
586 1292 108 63 eroo
639 1292 81 63 syl-

214 1341 109 61 laba
283 1341 96 61 est
337 1341 136 61 aliud,
433 1341 109 61 quod
501 1341 96 61 non
556 1341 96 61 est
597 1341 136 61 titerae.

211 1388 151 61 scilicet
325 1388 138 61 literae
425 1388 151 61 vocales,
539 1388 63 61 &
551 1388 164 61 consonantes

225 1436 83 62 sed
273 1436 83 62 est
320 1436 107 62 aliud
392 1436 119 62 etiam.
476 1436 72 62 et
511 1436 95 62 caro
571 1436 83 62 non
619 1436 83 62 est
654 1436 72 62 igni

216 1484 88 62 &
251 1484 175 62 terra,
373 1484 88 62 &
408 1484 193 62 calidum
548 1484 88 62 &
566 1484 158 62 frigidi

224 1533 87 61 sed
273 1533 112 61 sicut
348 1533 112 61 aliud
422 1533 124 61 etiam.
509 1533 74 61 Si
546 1533 124 61 igitur
621 1533 99 61 fuerit

220 1580 144 70 necesse
325 1580 79 70 vt
364 1580 118 70 illud
443 1580 92 70 sit
495 1580 79 70 et
534 1580 183 70 elementum,
665 1580 66 70 aut

219 1628 85 63 ex
261 1628 198 63 elementis,
416 1628 113 63 quod
487 1628 85 63 si
529 1628 141 63 fueri.
614 1628 113 63 eleme-

216 1676 108 54 tum,
283 1676 121 54 sermo
364 1676 81 54 de
404 1676 81 54 eo
444 1676 121 54 etiam
525 1676 108 54 est,
592 1676 121 54 sicut
660 1676 67 54 di-

211 1725 106 61 ctum
277 1725 92 61 est
330 1725 119 61 idem.
409 1725 106 61 caro
475 1725 106 61 enim
541 1725 92 61 est
594 1725 132 61 istius
686 1725 79 61 et

220 1788 137 44 ignis,
316 1788 68 44 &
344 1788 151 44 terrae,
453 1788 82 44 et
494 1788 123 44 etiam
576 1788 178 44 alterius,

213 1832 134 58 donec
302 1832 208 58 procedatur
466 1832 89 58 in
510 1832 208 58 infinitum.
659 1832 74 58 et,

749 148 87 62 si
792 148 145 62 fuerit
894 148 87 62 ex
937 148 232 62 elententius,
1111 148 174 62 manifestum

745 197 99 61 est
802 197 113 61 quod
872 197 99 61 non
929 197 99 61 est
986 197 85 61 ex
1028 197 113 61 vno,
1099 197 99 61 sed
1156 197 85 61 ex
1184 197 85 61 plu-

742 249 138 59 ribus.
839 249 69 59 &
866 249 83 59 si
907 249 110 59 non,
976 249 110 59 erit
1045 249 124 59 illud
1127 249 124 59 idem.
1210 249 83 59 et

740 300 127 54 etia
820 300 95 54 it
867 300 191 54 erabimus
1010 300 143 54 istum
1089 300 175 54 sermonem,

740 344 125 58 quem
818 344 171 58 dicimus
943 344 93 58 de
990 344 140 58 carne
1083 344 93 58 et
1114 344 156 58 syllaba,

742 393 88 59 et
786 393 206 59 apparebit,
949 393 118 59 quod
1022 393 103 59 hoc
1081 393 103 59 est
1140 393 162 59 aliquod

742 441 94 63 ex
789 441 219 63 elementis,
962 441 78 63 &
993 441 141 63 causa
1087 441 141 63 eius,
1181 441 125 63 quod

750 489 96 63 est
805 489 96 63 per
860 489 179 63 essentia,
998 489 83 63 et
1039 489 110 63 quod
1108 489 96 63 est
1149 489 110 63 alicu-

745 541 96 52 tus
800 541 124 52 caro,
883 541 83 52 et
924 541 165 52 alicuius
1048 541 165 52 syllaba.
1173 541 83 52 et
1200 541 69 52 si-

746 585 148 58 militer
853 585 121 58 aliud
933 585 134 58 etiam.
1027 585 67 58 &
1054 585 94 58 hoc
1108 585 94 58 est
1148 585 121 58 quodli-

739 632 123 57 bet,
816 632 169 57 quoniam
939 632 123 57 haec
1016 632 108 57 est
1077 632 139 57 causa
1154 632 108 57 prima

752 684 177 54 essentiae.
891 684 88 54 Et,
942 684 88 54 cum
993 684 139 54 quaedam
1094 684 88 54 non
1144 684 101 54 sunt
1195 684 63 54 sub

751 733 175 46 stantiae
882 733 146 46 rerum,
984 733 102 46 sed
1043 733 248 46 constituuntur

749 781 180 47 insimul,
884 781 150 47 rectum
989 781 105 47 est
1048 781 90 47 vt
1093 781 120 47 ista
1153 781 105 47 natu-

736 829 94 62 ra
783 829 188 62 appareat
924 829 94 62 in
971 829 156 62 aliqua
1065 829 188 62 substantia

741 877 122 51 quae
817 877 106 51 est
878 877 106 51 non
939 877 213 51 elementum,
1106 877 106 51 sed
1152 877 106 51 prin-

741 925 162 61 cipium.
859 925 176 61 Elementu
991 925 117 61 enim
1064 925 103 61 est
1123 925 147 61 illud,
1211 925 59 61 in

745 971 107 61 quod
811 971 173 61 diuiditur
945 971 107 61 res,
1011 971 80 61 et
1052 971 93 61 est
1105 971 80 61 in
1145 971 80 61 re
1185 971 107 61 quae

741 1020 89 62 si
786 1020 179 62 materia,
920 1020 89 62 Vt
965 1020 89 62 A,
1010 1020 89 62 et
1054 1020 75 62 E
1084 1020 89 62 in
1114 1020 149 62 syllaba.

775 1084 135 46 Idest,
869 1084 67 46 &
896 1084 94 46 cum
950 1084 148 46 necesse
1057 1084 108 46 est,
1125 1084 81 46 vt
1165 1084 108 46 ista
1219 1084 54 46 ha

743 1125 132 45 beant
831 1125 220 45 quiditatem,
1007 1125 73 45 &
1036 1125 176 45 quiditas
1168 1125 103 45 est
1212 1125 59 45 in

749 1164 153 47 materia
860 1164 194 47 manifestum
1013 1164 111 47 est,
1082 1164 111 47 quod
1138 1164 125 47 quaeri-

743 1203 90 47 tur
795 1203 77 47 in
833 1203 116 47 istis
911 1203 116 47 rebus
988 1203 90 47 per
1040 1203 116 47 quare
1117 1203 129 47 causa,
1195 1203 64 47 qua

744 1244 81 45 est
791 1244 138 45 secundum
894 1244 150 45 materiam,
1010 1244 104 45 sicut
1079 1244 150 45 quaeritur
1182 1244 81 45 causa

753 1285 95 43 quae
812 1285 83 43 est
860 1285 142 43 secundum
967 1285 130 43 formam.
1061 1285 59 43 &
1085 1285 142 43 intendit
1192 1285 95 43 quod

745 1328 69 42 si
779 1328 69 42 in
813 1328 126 42 entibus
905 1328 80 42 non
951 1328 103 42 esset
1019 1328 92 42 ista
1077 1328 126 42 natura,
1157 1328 103 42 scilice

742 1359 158 44 forma,
853 1359 142 44 solum
947 1359 126 44 modo
1026 1359 189 44 materia,
1152 1359 110 44 nihil

746 1407 110 43 esset
819 1407 146 43 quaerere
929 1407 73 43 de
965 1407 110 43 causa
1038 1407 171 43 materiali,
1160 1407 110 43 quoniam

753 1439 116 51 esset
830 1439 154 51 quaestio
946 1439 77 51 de
985 1439 103 51 ipsa
1049 1439 90 51 re.
1101 1439 103 51 D.d.
1165 1439 77 51 v.
1191 1439 77 51 gra-

754 1478 89 45 tia
805 1478 127 45 quarae
894 1478 101 45 haec
957 1478 89 45 est
1007 1478 127 45 domus:
1096 1478 76 45 i.
1134 1478 76 45 v.
1172 1478 76 45 g.
1197 1478 76 45 qua-

746 1517 86 42 re
789 1517 114 42 haec
860 1517 100 42 est
917 1517 143 42 domus:
1017 1517 114 42 quia
1089 1517 100 42 est
1146 1517 129 42 facta
1218 1517 57 42 ex

750 1556 93 46 hoc,
808 1556 139 46 scilicet
912 1556 150 46 lateribus
1028 1556 58 46 &
1051 1556 162 46 lapidibus,
1167 1556 104 46 quoniam

753 1597 182 45 essentia
890 1597 137 45 domus
981 1597 137 45 debet
1072 1597 122 45 esse
1148 1597 91 45 ex
1179 1597 106 45 istis

741 1637 113 48 aut
805 1637 145 48 quare
902 1637 113 48 hoc
967 1637 113 48 est
1031 1637 145 48 homo:
1128 1637 129 48 quia
1192 1637 81 48 est

752 1677 183 50 generatus
892 1677 84 50 ex
935 1677 112 50 hoc,
1005 1677 70 50 &
1033 1677 112 50 hoc,
1103 1677 169 50 scilicet
1216 1677 56 50 ex

750 1725 146 29 rebus,
853 1725 88 29 ex
897 1725 146 29 quibus
999 1725 234 29 constituitur
1175 1725 88 29 cor-

745 1755 116 48 pus
812 1755 198 48 proprium
960 1755 182 48 homini.
1093 1755 165 48 Deinde
1192 1755 66 48 di

748 1797 90 49 cit
799 1797 128 49 igitur
889 1797 179 49 manifestum
1030 1797 103 49 est,
1094 1797 103 49 quod
1146 1797 115 49 quaeri-

742 1832 96 50 tur
797 1832 138 50 causa,
894 1832 110 50 quae
962 1832 96 50 est
1017 1832 165 50 materia,
1127 1832 138 50 ercaere.
