1475 2066
204 147 152 58 idest,
310 147 213 58 manifestum
478 147 107 58 est
539 147 168 58 igitur,
646 147 91 58 quod

223 189 186 53 quandoque
366 189 186 53 quaeritur
509 189 143 53 causa,
609 189 115 53 quae
666 189 72 53 est

218 229 156 53 materia
331 229 99 53 per
388 229 142 53 quare,
487 229 71 53 &
515 229 99 53 est
572 229 142 53 forma,
657 229 71 53 pre

228 269 107 54 pter
294 269 107 54 quam
361 269 93 54 est
415 269 160 54 materia,
535 269 67 54 &
561 269 93 54 est
601 269 134 54 substan-

221 316 92 39 tia
274 316 106 39 rei.
340 316 66 39 &
366 316 106 39 ista
432 316 132 39 natura
525 316 92 39 est
577 316 119 39 illa,
644 316 92 39 cuius

224 344 182 48 quiditas,
364 344 70 48 &
392 344 126 48 forma
476 344 98 48 est
533 344 168 48 recipere
645 344 84 48 for-

215 383 124 53 mam.
292 383 124 53 D.d.
370 383 217 53 Manifestum
540 383 109 53 est
587 383 140 53 igitur,

221 423 105 48 quod
286 423 78 48 in
326 423 209 48 simplicibus,
496 423 92 48 &c.
548 423 78 48 i.
587 423 78 48 &,
626 423 92 48 cum
666 423 65 48 hoc

220 461 100 48 sit
277 461 213 48 declaratum,
447 461 199 48 manifestum
604 461 114 48 est,
661 461 71 48 quo

220 501 91 45 in
265 501 136 45 rebus
356 501 226 45 simplicibus
537 501 106 45 non
582 501 151 45 composi-

219 548 90 38 tis
271 548 90 38 non
322 548 181 38 quaeritur,
464 548 116 38 neque
542 548 90 38 per
593 548 129 38 quare,
671 548 64 38 ne-

226 582 86 42 que
275 582 86 42 per
324 582 111 42 quid,
399 582 86 42 sed
448 582 148 42 quaestio
559 582 74 42 in
596 582 111 42 istis
658 582 74 42 erit

228 618 130 52 alio
309 618 147 52 modo.
407 618 114 52 D.d
472 618 130 52 ergo
537 618 196 52 compositum

222 656 95 42 &c.
277 656 82 42 i.
318 656 82 42 &,
359 656 95 42 cum
413 656 95 42 sit
468 656 191 42 declaratum
617 656 95 42 hic
658 656 82 42 esse

224 693 143 56 aliqua
324 693 200 56 composita,
481 693 86 56 ex
524 693 143 56 quibus
610 693 114 56 congre

220 734 133 53 gatur
309 734 119 53 vnum
383 734 89 53 in
428 734 133 53 actu,
517 734 104 53 non
576 734 133 53 sicut
650 734 89 53 com-

231 772 144 46 posita
332 772 87 46 ex
375 772 144 46 rebus,
476 772 87 46 ex
519 772 144 46 quibus
620 772 101 46 non
664 772 72 46 fit

225 812 120 53 vnum
300 812 120 53 nisi
375 812 105 53 per
435 812 210 53 contactum,
599 812 90 53 vt
629 812 105 53 acer-

226 860 99 45 uus
283 860 213 45 congregatus
453 860 85 45 ex
496 860 170 45 pluribus
609 860 128 45 granis,

223 889 95 54 sed
278 889 81 54 ex
318 889 189 54 congregato
467 889 81 54 ex
507 889 95 54 eis
561 889 108 54 fiet
615 889 122 54 aliquod

221 927 166 52 additum
342 927 136 52 aliud
433 927 76 52 a
463 927 272 52 componentibus,
675 927 60 52 vt

226 967 141 44 syllaba,
332 967 94 44 quae
391 967 82 44 fit
438 967 70 44 ex
473 967 141 44 literis.
578 967 129 44 Syllaba
661 967 70 44 enim

222 1005 92 45 non
275 1005 198 45 estliterae,
433 1005 79 45 ex
472 1005 132 45 quibus
565 1005 105 45 fit,
631 1005 92 45 sed
670 1005 66 45 est

228 1045 159 51 aliquod
343 1045 159 51 additum
459 1045 173 51 literis.
589 1045 72 51 &
603 1045 130 51 simili-

227 1083 90 54 ter
279 1083 103 54 caro
343 1083 90 54 non
394 1083 90 54 est
446 1083 116 54 terra
523 1083 64 54 &
549 1083 129 54 ignis,
639 1083 77 54 ex
665 1083 64 54 qui

226 1123 95 52 bus
281 1123 204 52 componitur,
444 1123 95 52 sed
498 1123 95 52 est
553 1123 150 52 aliquod
648 1123 95 52 aliud

223 1165 180 48 additum.
358 1165 90 48 Et
403 1165 150 48 signum
508 1165 135 48 eius,
598 1165 120 48 quod
658 1165 75 48 est

224 1200 153 42 aliquod
335 1200 153 42 additum
446 1200 194 42 elementis,
599 1200 111 42 est,
655 1200 69 42 quo

229 1246 130 44 niam,
315 1246 130 44 ista,
402 1246 145 44 quando
503 1246 246 44 dissoluuntur,
692 1246 43 44 &

224 1286 248 44 corrumpuntur,
428 1286 116 44 tunc
501 1286 160 44 syllaba
618 1286 102 44 non
661 1286 73 44 rem

204 1318 178 45 soluitur
338 1318 89 45 in
382 1318 193 45 syllabas,
531 1318 134 45 neque
620 1318 119 45 caro
680 1318 59 45 in

224 1364 151 48 carnes,
334 1364 124 48 sicut
417 1364 206 48 resoluuntur
582 1364 96 48 res
623 1364 110 48 congre

223 1397 120 53 gatae
302 1397 80 53 in
342 1397 120 53 illa,
422 1397 80 53 ex
462 1397 133 53 quibus
542 1397 186 53 congregantur

218 1436 83 54 i.
260 1436 111 54 res,
329 1436 83 54 in
371 1436 139 54 quibus
468 1436 97 54 per
510 1436 222 54 congrepationem

215 1468 116 54 non
282 1468 116 54 sit
348 1468 166 54 auquod
464 1468 199 54 additum.
597 1468 133 54 Deinde

225 1516 118 52 dicit
304 1516 145 52 literae
409 1516 118 52 vero,
488 1516 118 52 sicut
567 1516 118 52 ignis
646 1516 66 52 &
659 1516 66 52 ter

218 1565 96 42 ra,
273 1565 137 42 idest,
369 1565 151 42 literae
479 1565 110 42 vero
547 1565 96 42 ita
588 1565 151 42 componunt

223 1595 174 53 syllabam,
356 1595 120 53 sicut
436 1595 120 53 ignis
516 1595 67 53 &
543 1595 120 53 terra
610 1595 120 53 carnem,

227 1633 135 41 Deinde
321 1633 135 41 dicit:
415 1633 108 41 ergo
483 1633 148 41 syllaba
590 1633 94 41 est
631 1633 94 41 aliud

227 1666 89 61 &c.
278 1666 115 61 idest
355 1666 102 61 ergo
418 1666 140 61 syllaba
520 1666 89 61 non
571 1666 89 61 est
609 1666 115 61 literae

219 1716 89 45 ex
264 1716 148 45 quibus
367 1716 222 45 componitur.
545 1716 118 45 D.d.
618 1716 89 45 Si
648 1716 74 45 igi

230 1753 82 42 tur
277 1753 128 42 fuerit,
370 1753 128 42 necesse
464 1753 82 42 est
510 1753 70 42 vt
545 1753 105 42 illud
615 1753 82 42 sit
650 1753 82 42 etiam

224 1791 91 52 &c.
276 1791 78 52 i.
315 1791 78 52 si
354 1791 130 52 igitur
445 1791 104 52 caro
510 1791 91 52 non
562 1791 91 52 est
614 1791 117 52 aliud
679 1791 52 52 ab

225 1830 180 44 elementis,
366 1830 141 44 necesse
469 1830 90 44 est
521 1830 77 44 vt
559 1830 90 44 sit
610 1830 90 44 aut
649 1830 77 44 ele

750 149 172 45 mentum,
876 149 110 45 aut
938 149 219 45 compositum
1111 149 94 45 ex
1158 149 157 45 elemen

755 192 102 52 tis
814 192 161 52 praeter
931 192 132 52 prima
1019 192 190 52 elementa.
1150 192 117 52 Deinde

759 228 137 50 dicit,
855 228 110 50 quod
924 228 82 50 si
965 228 137 50 fuerit
1061 228 192 50 elementum,
1198 228 68 50 &c.

759 268 82 37 i.
800 268 82 37 &,
841 268 82 37 si
882 268 95 37 hoc
936 268 150 37 additum
1045 268 177 37 elementis
1168 268 109 37 fuerit

753 309 211 52 elementum
915 309 195 52 aliquod,
1061 309 211 52 continger
1207 309 65 52 vt

757 345 104 53 hoc
816 345 207 53 elementum,
979 345 74 53 &
1009 345 148 53 ignis,
1112 345 74 53 &
1142 345 133 53 terra
1216 345 59 53 ha

762 385 121 42 beant
842 385 148 42 aliquod
950 385 148 42 additum
1058 385 108 42 eis.
1126 385 67 42 &
1153 385 81 42 si
1180 385 94 42 illud

756 423 171 44 additum
881 423 156 44 fuerit
990 423 218 44 elementum,
1146 423 125 44 contin

747 469 104 47 get
807 469 134 47 etiam
896 469 89 47 vt
941 469 119 47 illa
1016 469 179 47 elementa
1150 469 104 47 cum
1194 469 75 47 hoc

750 508 188 38 elemento
891 508 172 38 habeant
1017 508 172 38 aliquod
1126 508 141 38 additum

751 548 69 30 &
779 548 83 30 si
820 548 124 30 illud
903 548 152 30 additum
1013 548 138 30 fuerit
1109 548 124 30 etiam
1178 548 83 30 ele-

755 580 157 54 mentum,
869 580 186 54 continget
1012 580 86 54 in
1055 580 86 54 eo
1098 580 143 54 illud,
1183 580 86 54 quod

758 628 176 43 continget
894 628 81 43 in
934 628 135 43 aliis:
1029 628 68 43 &
1056 628 95 43 sic
1097 628 176 43 proceditur,

757 657 86 41 in
800 657 186 41 infinitum
943 657 72 41 &
971 657 115 41 ideo
1043 657 215 41 impossibile
1200 657 72 41 est

761 698 84 40 vt
803 698 126 40 illud
887 698 154 40 additum
999 698 98 40 sit
1055 698 182 40 elementum
1181 698 84 40 com-

755 741 109 37 mune
824 741 123 37 ignis
905 741 68 37 &
933 741 150 37 terrae,
1042 741 68 37 &
1069 741 136 37 istius
1151 741 109 37 elemen

753 772 107 55 ti,
814 772 107 55 cum
875 772 122 55 caro
951 772 107 55 sit
1012 772 137 55 nomen
1088 772 183 55 congregati

749 813 94 45 ex
796 813 219 45 elementis.
969 813 94 45 Et
1016 813 110 45 hoc
1062 813 204 45 intendebat,

754 853 94 45 cum
807 853 81 45 d.
848 853 108 45 caro
915 853 108 45 enim
982 853 94 45 est
1036 853 148 45 istius,
1144 853 67 45 &
1157 853 108 45 ignis,

759 893 64 37 &
785 893 142 37 terrae,
888 893 129 37 idest,
978 893 77 37 &,
1017 893 77 37 si
1056 893 168 37 dixerimus
1172 893 90 37 etiam

755 929 109 46 quod
824 929 123 46 illud
906 929 150 46 tertium
1015 929 96 46 est
1070 929 123 46 etiam
1138 929 123 46 elemen-

754 973 125 48 tum,
832 973 202 48 contingit
988 973 93 48 vt
1035 973 233 48 congregatum
1206 973 62 48 ex

750 1006 135 44 istis
840 1006 150 44 habeat
945 1006 165 44 aliquod
1066 1006 165 44 additum
1171 1006 90 44 con-

758 1044 160 54 gregato
875 1044 87 54 ex
918 1044 203 54 elementis.
1078 1044 73 54 &
1093 1044 174 54 similiter.

757 1085 184 53 contingit
898 1085 85 53 in
941 1085 156 53 quarto.
1054 1085 71 53 &
1082 1085 99 53 sic
1139 1085 99 53 aut
1181 1085 85 53 pro-

758 1125 177 37 cederetur
895 1125 82 37 in
936 1125 191 37 infinitum,
1086 1125 95 37 aut
1140 1125 109 37 erit
1195 1125 68 37 hoc

751 1172 169 41 aliquod
874 1172 169 41 additum
997 1172 215 41 elementis,
1166 1172 123 41 quod

750 1201 109 41 non
813 1201 109 41 est
875 1201 218 41 elementum.
1047 1201 78 41 &
1078 1201 109 41 hoc
1125 1201 140 41 intende

752 1241 115 41 bat,
824 1241 101 41 cum
881 1241 86 41 d.
924 1241 72 41 &
953 1241 130 41 etiam
1040 1241 187 41 alterius,
1169 1241 101 41 donec

752 1280 217 51 procedatur
923 1280 93 51 in
970 1280 217 51 infinitum.
1141 1280 109 51 Et,
1187 1280 78 51 cum

754 1320 190 42 destruxit
900 1320 146 42 illud,
1002 1320 102 42 per
1061 1320 117 42 quod
1134 1320 117 42 caro
1192 1320 73 42 est

754 1358 218 45 elementum,
926 1358 187 45 destruit
1066 1358 140 45 etiam
1160 1358 94 45 vt
1191 1358 78 45 sit

753 1402 176 44 compositum
892 1402 76 44 ex
930 1402 176 44 elementis,
1068 1402 63 44 &
1093 1402 76 44 d.
1131 1402 63 44 &
1144 1402 113 44 scilice

750 1438 134 44 fuerit
843 1438 80 44 ex
884 1438 188 44 elementis,
1031 1438 94 44 &c.
1085 1438 80 44 i.
1125 1438 67 44 &
1152 1438 94 44 cum
1192 1438 67 44 il-

749 1477 105 45 lud
809 1477 165 45 additum
929 1477 195 45 elementis
1079 1477 150 45 fuerit
1169 1477 90 45 com-

759 1516 159 49 positum
874 1516 86 49 ex
917 1516 202 49 elementis,
1076 1516 101 49 non
1133 1516 115 49 fiet
1191 1516 72 49 ex-

762 1557 148 53 elementis
875 1557 136 53 scilicet
977 1557 91 53 quod
1034 1557 170 53 congregatum
1170 1557 68 53 ex
1193 1557 68 53 ele-

754 1597 154 45 mentis
862 1597 108 45 non
923 1597 124 45 erit
1001 1597 139 45 vnum,
1093 1597 108 45 sed
1140 1597 124 45 plura,

749 1636 75 46 &
779 1636 104 46 non
839 1636 119 46 fiet
913 1636 89 46 ex
958 1636 104 46 eis
1017 1636 164 46 aliquod
1122 1636 134 46 additum

758 1675 136 47 Deinde
854 1675 82 47 d.
895 1675 68 47 &
922 1675 82 47 si
963 1675 109 47 non,
1031 1675 109 47 erit
1099 1675 123 47 illud
1168 1675 95 47 idem,

753 1713 95 53 &c.
808 1713 136 53 idest,
903 1713 150 53 quoniam
1012 1713 82 53 si
1053 1713 136 53 fuerit
1148 1713 82 53 ex
1175 1713 82 53 ele-

751 1764 160 30 mentis,
868 1764 117 30 erit
941 1764 88 30 in
985 1764 88 30 eo
1029 1764 160 30 aliquod
1131 1764 131 30 additum

755 1792 113 43 eis.
825 1792 71 43 &
854 1792 85 43 si
896 1792 141 43 fuerit
995 1792 198 43 elementum,
1136 1792 127 43 contin-

754 1837 101 53 gen
811 1837 87 53 vt
855 1837 159 53 habeant
970 1837 130 53 etiam
1057 1837 116 53 alia
1115 1837 144 53 elementa
