1475 2066
194 124 264 63 existimantur
409 124 132 63 enim
492 124 132 63 esse
558 124 165 63 substan-

197 181 131 53 tiae,
285 181 116 53 quia
357 181 189 53 recipiunt
502 181 116 53 vnum
560 181 160 53 sermonem,

204 220 114 66 Ergo
275 220 114 66 quid
346 220 100 66 est
403 220 100 66 per
460 220 185 66 essentiam
602 220 100 66 est
645 220 71 66 sui

203 268 168 64 stantia,
329 268 70 64 &
357 268 126 64 sermo
441 268 112 64 eius
511 268 98 64 est
553 268 168 64 definitio-

203 317 74 64 &
233 317 118 64 ideo
307 317 148 64 dictum
410 317 104 64 est
470 317 118 64 quod
543 317 148 64 dictum
647 317 104 64 est

201 365 89 61 in
246 365 223 61 definitione
424 365 74 61 &
454 365 89 61 in
498 365 119 61 illo
572 365 119 61 quod
647 365 104 61 est

204 412 98 63 per
260 412 98 63 se.
316 412 98 63 Et,
372 412 98 63 cum
428 412 182 63 definitio
568 412 98 63 est
610 412 98 63 sermo

205 461 78 62 &
237 461 141 62 omnis
331 461 141 62 sermo
425 461 141 62 habet
518 461 172 62 partes,
628 461 94 62 con-

202 512 228 59 syderandum
381 512 146 59 etiam
478 512 114 59 est
527 512 195 59 necessario

206 561 86 66 de
249 561 143 66 parte.
349 561 72 66 &
377 561 172 66 cognitio
506 561 115 66 est,
578 561 115 66 quae
635 561 86 66 sunt

201 608 154 66 partes
308 608 277 66 substantiarum,
539 608 77 66 &
570 608 123 66 quae
647 608 108 66 non

210 658 131 56 sunt.
297 658 73 56 &
326 658 87 56 si
369 658 116 56 sint
442 658 145 56 partes
529 658 189 56 substantia-

196 708 121 62 rum,
272 708 137 62 etiam
363 708 106 62 non
424 708 106 62 est
484 708 213 62 substantia
636 708 76 62 nec

214 757 210 61 vniuersale,
382 757 140 61 neque,
481 757 154 61 geneus.
593 757 84 61 De
621 757 98 61 exem-

203 804 199 63 plaribus
353 804 149 63 vero,
452 804 83 63 &
486 804 100 63 de
519 804 199 63 mathemati-

207 853 104 62 cis
266 853 237 62 persrutandum
459 853 104 62 est
518 853 133 62 post,
592 853 133 62 quidam,

204 900 84 62 nm
246 900 141 62 dicunt
345 900 112 62 ipsa
415 900 112 62 esse
485 900 211 62 substantias
640 900 84 62 alia

208 948 84 62 ab
250 948 126 62 ipsis
334 948 210 62 substantiis
488 948 210 62 sensibilibus,

255 997 80 45 Et
295 997 148 45 accidit
402 997 121 45 nobis
483 997 148 45 dixisse
590 997 80 45 in
617 997 107 45 tracta

220 1044 59 38 tu
250 1044 137 38 praeterito
358 1044 118 38 scilicet
446 1044 79 38 quod
495 1044 137 38 substantia
603 1044 108 38 dicitur
672 1044 49 38 fa-

218 1076 98 46 mose
279 1076 74 46 de
316 1076 147 46 quatuor,
426 1076 74 46 de
463 1076 196 46 definitione,
610 1076 123 46 scilicet

208 1117 148 45 forma:
312 1117 74 45 &
341 1117 89 45 de
385 1117 177 45 subiecto
518 1117 162 45 formae,
636 1117 74 45 &
651 1117 74 45 de-

218 1158 130 54 genere
309 1158 117 54 magis
387 1158 104 54 quam
452 1158 78 54 de
491 1158 143 54 specie,
595 1158 65 54 &
621 1158 78 54 de
647 1158 78 54 vni-

223 1196 143 53 uersali
327 1196 117 53 magis
405 1196 91 53 qui
457 1196 78 53 de
497 1196 195 53 prticulari.
653 1196 65 53 &
666 1196 65 53 hoc

216 1236 145 50 accidit
321 1236 118 50 nobis
400 1236 79 50 ex
440 1236 105 50 hoc,
505 1236 105 50 quod
571 1236 66 50 *
597 1236 118 50 omnes
663 1236 66 50 di-

210 1276 108 47 cunt
278 1276 81 47 de
319 1276 203 47 substantia.
481 1276 68 47 &
508 1276 190 47 exemplaria
644 1276 81 47 etia

212 1317 110 37 apud
281 1317 166 37 dicentes
405 1317 110 37 ipsa
475 1317 207 37 collocantur
640 1317 83 37 in
668 1317 55 37 vn

207 1355 201 39 uersalibus.
367 1355 201 39 existimatur
528 1355 121 39 enim,
608 1355 107 39 quod
662 1355 67 39 vni

205 1395 175 39 uersalia
336 1395 116 39 sunt
409 1395 218 39 exemplaria.
584 1395 116 39 D.d.
642 1395 87 39 Ergo

212 1433 115 50 quid
284 1433 101 50 est
341 1433 101 50 per
399 1433 187 50 essentiam
542 1433 101 50 est
586 1433 129 50 substan

214 1476 103 46 tia.
278 1476 77 46 i.
317 1476 64 46 &
342 1476 103 46 quia
406 1476 128 46 illud,
496 1476 103 46 quod
560 1476 90 46 est
599 1476 128 46 quiditas

205 1509 104 44 rei,
270 1509 91 44 est
322 1509 194 44 substantia:
477 1509 65 44 &
503 1509 129 44 sermo,
594 1509 91 44 qui
632 1509 91 44 signi

214 1550 108 43 ficat
286 1550 120 43 ipsam,
370 1550 132 43 dicitur
466 1550 168 43 definitio:
597 1550 120 43 rectum
669 1550 60 43 est

215 1589 153 54 ponere
322 1589 215 54 principium
476 1589 246 54 consyderationi

210 1628 85 46 in
252 1628 141 46 natura
351 1628 212 46 substantiae
521 1628 71 46 a
535 1628 198 46 consyderatio

209 1671 82 43 ne
250 1671 82 43 de
291 1671 218 43 definitione.
469 1671 109 43 D.d.
537 1671 95 43 Et,
591 1671 95 43 cum
632 1671 82 43 defi

204 1709 116 50 nitio
282 1709 90 50 est
333 1709 129 50 sermo,
424 1709 90 50 &c.
475 1709 78 50 i.
514 1709 78 50 &,
553 1709 103 50 quia
605 1709 116 50 incipie

201 1749 103 49 dum
260 1749 103 49 est
319 1749 221 49 consyderare
495 1749 88 49 de
525 1749 191 49 definitione

214 1788 64 51 &
240 1788 166 51 definitio
367 1788 115 51 habet
444 1788 140 51 partes,
546 1788 102 51 quia
610 1788 89 51 est
648 1788 77 51 ser-

205 1828 97 54 mo
253 1828 241 54 compositus,
446 1828 113 54 est
495 1828 225 54 consyderandu

740 123 83 47 de
782 123 167 47 partibus
907 123 236 47 definitionis,
1101 123 111 47 quae
1171 123 125 47 earum
1240 123 42 47 l

735 166 98 44 est
791 166 210 44 substantia,
959 166 70 44 &
987 166 112 44 quae
1057 166 112 44 non.
1127 166 70 44 &
1141 166 112 44 inten-

734 205 102 45 dit
793 205 145 45 facere
894 205 262 45 rememorationem
1113 205 87 45 de
1142 205 116 45 illis,

740 245 112 39 quae
810 245 182 39 declarata
950 245 112 39 sunt
1020 245 84 39 de
1062 245 210 39 substantia,
1216 245 42 39 &

739 284 122 49 dare
815 284 168 49 causam,
937 284 168 49 propter
1059 284 122 49 quam
1121 284 137 49 locutus

736 325 108 37 fuit
803 325 81 37 de
843 325 256 37 definitionibus,
1058 325 81 37 ne
1085 325 175 37 existimetur

745 361 107 51 quod
811 361 120 51 loqui
891 361 80 51 de
931 361 93 51 hoc
985 361 160 51 pertinet
1104 361 80 51 ad
1131 361 120 51 Logicum

738 403 111 47 D.d.
808 403 69 47 &
835 403 83 47 si
877 403 111 47 sint
946 403 139 47 partes
1030 403 222 47 substantiarum,

740 439 95 50 &c.
795 439 81 50 i.
835 439 68 50 &
863 439 190 50 declaratum
1012 439 95 50 est
1066 439 95 50 cum
1120 439 109 50 hoc,
1175 439 81 50 quod

738 478 136 53 forma,
834 478 68 53 &
861 478 136 53 partes
957 478 109 53 eius
1025 478 109 53 sunt
1080 478 177 53 substantia,

743 525 54 46 &
765 525 86 46 quod
819 525 151 46 vniversale
937 525 75 46 non
980 525 75 46 est
1023 525 161 46 substantia,
1152 525 97 46 neque
1206 525 43 46 ge

740 560 112 47 nus,
810 560 112 47 quia
880 560 98 47 est
936 560 154 47 aliquod
1049 560 210 47 vniuersale.
1203 560 56 47 D.

744 597 74 48 d.
781 597 74 48 de
818 597 198 48 exemplaribus
979 597 112 48 vero,
1054 597 87 48 &c.
1103 597 74 48 i.
1140 597 62 48 &
1153 597 99 48 inten-

735 637 102 37 dit,
799 637 102 37 quod
863 637 77 37 de
901 637 89 37 hoc
952 637 89 37 non
1003 637 89 37 est
1054 637 204 37 perscrutatus
1207 637 51 37 in

736 673 172 49 tractatu
865 673 229 49 praecedenti,
1051 673 72 49 &
1080 673 115 49 post
1137 673 115 49 persru

737 712 147 54 tabitur
843 712 80 54 de
883 712 107 54 hoc,
950 712 147 54 quoniam
1057 712 133 54 quidam
1137 712 120 54 dicunt,

743 751 102 57 quod
807 751 102 57 sunt
870 751 191 57 substantiae
1023 751 165 57 separatae
1150 751 114 57 aliae
1214 751 38 57 a

736 790 201 52 substantiis
883 790 201 52 sensibilibus,

737 840 188 50 Substantiae
888 840 151 50 diuisio:
1001 840 188 50 Nateriamque
1139 840 113 50 substan

831 883 146 47 tiam
922 883 164 47 esse.
1031 883 146 47 Cap.
1104 883 55 47 2

811 941 204 45 Ensibiles
968 941 126 45 vero
1047 941 173 45 cunctae
1157 941 94 45 sub-

807 986 214 40 stantiae
968 986 214 40 materiam
1110 986 143 40 habent

739 1025 104 49 EA
791 1025 121 49 Est
860 1025 155 49 autem
963 1025 242 49 substantia
1136 1025 121 49 idip-

744 1068 121 55 sum,
819 1068 121 55 quod
895 1068 227 55 subiicitur,
1077 1068 151 55 aliter
1167 1068 91 55 qui-

741 1117 108 37 dem
802 1117 184 37 materia,
940 1117 77 37 *
971 1117 77 37 &
1002 1117 154 37 aliter
1109 1117 154 37 ratio.
1202 1117 61 37 ma

746 1157 155 37 teriam
854 1157 139 37 autem
947 1157 139 37 dico,
1039 1157 139 37 quae,
1132 1157 108 37 cum
1179 1157 77 37 non

738 1192 127 50 quod
817 1192 127 50 quid
896 1192 127 50 actu
975 1192 127 50 fit,
1054 1192 190 50 potentia
1181 1192 79 50 est

740 1237 138 46 quod
826 1237 155 46 quid.
929 1237 172 46 Aliter
1050 1237 155 46 autem
1136 1237 120 46 ratio

738 1284 80 53 &
770 1284 161 53 forma,
883 1284 129 53 quod
963 1284 113 53 cum
1028 1284 113 53 sit
1092 1284 129 53 quid
1156 1284 97 53 quid

738 1328 180 35 ratione
869 1328 229 35 separabile
1049 1328 131 35 est.
1115 1328 147 35 Tertium

749 1372 136 46 vero,
840 1372 121 46 quod
915 1372 91 46 ex
961 1372 106 46 his
1021 1372 121 46 est,
1097 1372 136 46 cuius
1172 1372 91 46 gene

738 1408 145 50 ratio
835 1408 177 50 solius,
964 1408 81 50 &
996 1408 210 50 corruptio
1157 1408 129 50 est,
1222 1408 48 50 &

737 1454 207 44 separabile
900 1454 236 44 simpliciter.
1092 1454 148 44 earum.
1180 1454 89 44 enim

734 1493 329 46 substantiarum,
1008 1493 146 46 quae
1081 1493 183 46 secundum

731 1538 233 40 rantionem,
915 1538 183 40 quaedam
1048 1538 133 40 sunt
1115 1538 150 40 separa-

739 1581 168 53 biles,
857 1581 184 53 quaedam
991 1581 134 53 vero
1074 1581 117 53 non

787 1621 88 53 Et
831 1621 131 53 omnes
919 1621 219 53 substantiae
1079 1621 190 53 sensibiles,

745 1669 153 53 habent
852 1669 183 53 materia.
989 1669 92 53 Et
1035 1669 214 53 substantia
1188 1669 76 53 est

745 1721 215 57 subiectum,
914 1721 77 57 &
944 1721 123 57 alio
1021 1721 92 57 mo
1067 1721 108 57 est
1113 1721 154 57 materia.

740 1772 80 62 &
772 1772 128 62 dico
852 1772 192 62 materiam
996 1772 160 62 illud,
1107 1772 128 62 quod
1187 1772 112 62 non

737 1821 102 67 est
796 1821 102 67 hoc
854 1821 87 67 in
898 1821 131 67 actu,
985 1821 87 67 &e
1029 1821 102 67 hoc
1073 1821 189 67 inpotentia,
