<?xml version="1.0" encoding="UTF-8"?>
<alto xmlns:xsi="http://www.w3.org/2001/XMLSchema-instance"
      xmlns="http://www.loc.gov/standards/alto/ns-v2#"
      xmlns:page="http://schema.primaresearch.org/PAGE/gts/pagecontent/2013-07-15"
      xsi:schemaLocation="http://www.loc.gov/standards/alto/ns-v2# http://www.loc.gov/standards/alto/alto.xsd">
   <Description>
      <MeasurementUnit>pixel</MeasurementUnit>
      <OCRProcessing ID="IdOcr">
         <ocrProcessingStep>
            <processingDateTime>2020-11-21T10:32:46.927-05:00</processingDateTime>
            <processingSoftware>
               <softwareCreator>READ COOP</softwareCreator>
               <softwareName>Transkribus</softwareName>
            </processingSoftware>
         </ocrProcessingStep>
      </OCRProcessing>
   </Description>
   <Tags/>
   <Layout>
      <Page ID="Page1" PHYSICAL_IMG_NR="1" HEIGHT="2066" WIDTH="1475">
         <TopMargin HEIGHT="0" WIDTH="1475" VPOS="0" HPOS="0"/>
         <LeftMargin HEIGHT="2066" WIDTH="0" VPOS="0" HPOS="0"/>
         <RightMargin HEIGHT="2066" WIDTH="0" VPOS="0" HPOS="1475"/>
         <BottomMargin HEIGHT="0" WIDTH="1475" VPOS="2066" HPOS="0"/>
         <PrintSpace HEIGHT="2066" WIDTH="1475" VPOS="0" HPOS="0">
            <TextBlock ID="TextRegion_1604537286129_283"
                       HEIGHT="1807"
                       WIDTH="521"
                       VPOS="93"
                       HPOS="232">
               <Shape>
                  <Polygon POINTS="232,93 753,93 753,1900 232,1900"/>
               </Shape>
               <TextLine ID="line_1604537231310_251"
                         BASELINE="190"
                         HEIGHT="58"
                         WIDTH="496"
                         VPOS="132"
                         HPOS="227">
                  <String HEIGHT="58" WIDTH="88" VPOS="132" HPOS="212" CONTENT="Et"/>
                  <SP HEIGHT="58" WIDTH="15" VPOS="132" HPOS="300"/>
                  <String HEIGHT="58"
                          WIDTH="117"
                          VPOS="132"
                          HPOS="256"
                          CONTENT="alio"/>
                  <SP HEIGHT="58" WIDTH="15" VPOS="132" HPOS="373"/>
                  <String HEIGHT="58"
                          WIDTH="117"
                          VPOS="132"
                          HPOS="329"
                          CONTENT="modo"/>
                  <SP HEIGHT="58" WIDTH="15" VPOS="132" HPOS="446"/>
                  <String HEIGHT="58" WIDTH="102" VPOS="132" HPOS="402" CONTENT="est"/>
                  <SP HEIGHT="58" WIDTH="15" VPOS="132" HPOS="504"/>
                  <String HEIGHT="58"
                          WIDTH="204"
                          VPOS="132"
                          HPOS="460"
                          CONTENT="definitio,"/>
                  <SP HEIGHT="58" WIDTH="15" VPOS="132" HPOS="665"/>
                  <String HEIGHT="58" WIDTH="73" VPOS="132" HPOS="621" CONTENT="&amp;"/>
                  <SP HEIGHT="58" WIDTH="15" VPOS="132" HPOS="694"/>
                  <String HEIGHT="58"
                          WIDTH="88"
                          VPOS="132"
                          HPOS="635"
                          CONTENT="for"
                          SUBS_TYPE="HypPart1"
                          SUBS_CONTENT="forma,"/>
                  <HYP CONTENT="-"/>
               </TextLine>
               <TextLine ID="r5l5"
                         BASELINE="242"
                         HEIGHT="61"
                         WIDTH="500"
                         VPOS="181"
                         HPOS="234">
                  <String HEIGHT="61"
                          WIDTH="103"
                          VPOS="181"
                          HPOS="219"
                          CONTENT="ma,"
                          SUBS_TYPE="HypPart2"
                          SUBS_CONTENT="forma,"/>
                  <SP HEIGHT="61" WIDTH="15" VPOS="181" HPOS="322"/>
                  <String HEIGHT="61"
                          WIDTH="118"
                          VPOS="181"
                          HPOS="278"
                          CONTENT="quae"/>
                  <SP HEIGHT="61" WIDTH="15" VPOS="181" HPOS="396"/>
                  <String HEIGHT="61" WIDTH="103" VPOS="181" HPOS="352" CONTENT="est"/>
                  <SP HEIGHT="61" WIDTH="15" VPOS="181" HPOS="455"/>
                  <String HEIGHT="61"
                          WIDTH="206"
                          VPOS="181"
                          HPOS="410"
                          CONTENT="principium"/>
                  <SP HEIGHT="61" WIDTH="15" VPOS="181" HPOS="616"/>
                  <String HEIGHT="61"
                          WIDTH="118"
                          VPOS="181"
                          HPOS="572"
                          CONTENT="rei,"/>
                  <SP HEIGHT="61" WIDTH="15" VPOS="181" HPOS="690"/>
                  <String HEIGHT="61" WIDTH="74" VPOS="181" HPOS="646" CONTENT="&amp;"/>
                  <SP HEIGHT="61" WIDTH="15" VPOS="181" HPOS="719"/>
                  <String HEIGHT="61" WIDTH="74" VPOS="181" HPOS="660" CONTENT="est"/>
               </TextLine>
               <TextLine ID="r5l7"
                         BASELINE="290"
                         HEIGHT="62"
                         WIDTH="494"
                         VPOS="228"
                         HPOS="232">
                  <String HEIGHT="62" WIDTH="102" VPOS="228" HPOS="217" CONTENT="per"/>
                  <SP HEIGHT="62" WIDTH="15" VPOS="228" HPOS="319"/>
                  <String HEIGHT="62"
                          WIDTH="232"
                          VPOS="228"
                          HPOS="276"
                          CONTENT="definitionem"/>
                  <SP HEIGHT="62" WIDTH="15" VPOS="228" HPOS="508"/>
                  <String HEIGHT="62"
                          WIDTH="189"
                          VPOS="228"
                          HPOS="464"
                          CONTENT="separata."/>
                  <SP HEIGHT="62" WIDTH="15" VPOS="228" HPOS="653"/>
                  <String HEIGHT="62" WIDTH="87" VPOS="228" HPOS="610" CONTENT="Et"/>
                  <SP HEIGHT="62" WIDTH="15" VPOS="228" HPOS="697"/>
                  <String HEIGHT="62"
                          WIDTH="87"
                          VPOS="228"
                          HPOS="639"
                          CONTENT="ter"
                          SUBS_TYPE="HypPart1"
                          SUBS_CONTENT="tertio"/>
                  <HYP CONTENT="-"/>
               </TextLine>
               <TextLine ID="r5l9"
                         BASELINE="339"
                         HEIGHT="63"
                         WIDTH="502"
                         VPOS="276"
                         HPOS="232">
                  <String HEIGHT="63"
                          WIDTH="98"
                          VPOS="276"
                          HPOS="218"
                          CONTENT="tio"
                          SUBS_TYPE="HypPart2"
                          SUBS_CONTENT="tertio"/>
                  <SP HEIGHT="63" WIDTH="14" VPOS="276" HPOS="316"/>
                  <String HEIGHT="63"
                          WIDTH="112"
                          VPOS="276"
                          HPOS="274"
                          CONTENT="modo"/>
                  <SP HEIGHT="63" WIDTH="14" VPOS="276" HPOS="385"/>
                  <String HEIGHT="63"
                          WIDTH="139"
                          VPOS="276"
                          HPOS="344"
                          CONTENT="illud,"/>
                  <SP HEIGHT="63" WIDTH="14" VPOS="276" HPOS="483"/>
                  <String HEIGHT="63"
                          WIDTH="112"
                          VPOS="276"
                          HPOS="441"
                          CONTENT="quod"/>
                  <SP HEIGHT="63" WIDTH="14" VPOS="276" HPOS="553"/>
                  <String HEIGHT="63" WIDTH="84" VPOS="276" HPOS="511" CONTENT="ex"/>
                  <SP HEIGHT="63" WIDTH="14" VPOS="276" HPOS="595"/>
                  <String HEIGHT="63"
                          WIDTH="139"
                          VPOS="276"
                          HPOS="553"
                          CONTENT="istis,"/>
                  <SP HEIGHT="63" WIDTH="14" VPOS="276" HPOS="692"/>
                  <String HEIGHT="63"
                          WIDTH="98"
                          VPOS="276"
                          HPOS="636"
                          CONTENT="cuius"/>
               </TextLine>
               <TextLine ID="r5l11"
                         BASELINE="386"
                         HEIGHT="61"
                         WIDTH="490"
                         VPOS="325"
                         HPOS="228">
                  <String HEIGHT="61"
                          WIDTH="153"
                          VPOS="325"
                          HPOS="213"
                          CONTENT="solius"/>
                  <SP HEIGHT="61" WIDTH="15" VPOS="325" HPOS="366"/>
                  <String HEIGHT="61" WIDTH="107" VPOS="325" HPOS="320" CONTENT="est"/>
                  <SP HEIGHT="61" WIDTH="15" VPOS="325" HPOS="427"/>
                  <String HEIGHT="61"
                          WIDTH="199"
                          VPOS="325"
                          HPOS="381"
                          CONTENT="generatio"/>
                  <SP HEIGHT="61" WIDTH="15" VPOS="325" HPOS="580"/>
                  <String HEIGHT="61" WIDTH="77" VPOS="325" HPOS="534" CONTENT="&amp;"/>
                  <SP HEIGHT="61" WIDTH="15" VPOS="325" HPOS="611"/>
                  <String HEIGHT="61"
                          WIDTH="168"
                          VPOS="325"
                          HPOS="550"
                          CONTENT="corruptio"/>
               </TextLine>
               <TextLine ID="r5l14"
                         BASELINE="434"
                         HEIGHT="62"
                         WIDTH="498"
                         VPOS="372"
                         HPOS="229">
                  <String HEIGHT="62" WIDTH="86" VPOS="372" HPOS="212" CONTENT="&amp;"/>
                  <SP HEIGHT="62" WIDTH="17" VPOS="372" HPOS="298"/>
                  <String HEIGHT="62" WIDTH="120" VPOS="372" HPOS="246" CONTENT="est"/>
                  <SP HEIGHT="62" WIDTH="17" VPOS="372" HPOS="366"/>
                  <String HEIGHT="62"
                          WIDTH="223"
                          VPOS="372"
                          HPOS="315"
                          CONTENT="separatum"/>
                  <SP HEIGHT="62" WIDTH="17" VPOS="372" HPOS="538"/>
                  <String HEIGHT="62"
                          WIDTH="137"
                          VPOS="372"
                          HPOS="487"
                          CONTENT="modo"/>
                  <SP HEIGHT="62" WIDTH="17" VPOS="372" HPOS="624"/>
                  <String HEIGHT="62"
                          WIDTH="172"
                          VPOS="372"
                          HPOS="555"
                          CONTENT="simplici"/>
               </TextLine>
               <TextLine ID="r5l16"
                         BASELINE="488"
                         HEIGHT="68"
                         WIDTH="506"
                         VPOS="420"
                         HPOS="231">
                  <String HEIGHT="68"
                          WIDTH="217"
                          VPOS="420"
                          HPOS="217"
                          CONTENT="substantiae"/>
                  <SP HEIGHT="68" WIDTH="14" VPOS="420" HPOS="433"/>
                  <String HEIGHT="68"
                          WIDTH="130"
                          VPOS="420"
                          HPOS="390"
                          CONTENT="enim,"/>
                  <SP HEIGHT="68" WIDTH="14" VPOS="420" HPOS="520"/>
                  <String HEIGHT="68"
                          WIDTH="116"
                          VPOS="420"
                          HPOS="477"
                          CONTENT="quae"/>
                  <SP HEIGHT="68" WIDTH="14" VPOS="420" HPOS="592"/>
                  <String HEIGHT="68"
                          WIDTH="116"
                          VPOS="420"
                          HPOS="549"
                          CONTENT="sunt"/>
                  <SP HEIGHT="68" WIDTH="14" VPOS="420" HPOS="665"/>
                  <String HEIGHT="68"
                          WIDTH="130"
                          VPOS="420"
                          HPOS="607"
                          CONTENT="substan"/>
               </TextLine>
               <TextLine ID="r5l18"
                         BASELINE="530"
                         HEIGHT="62"
                         WIDTH="502"
                         VPOS="468"
                         HPOS="232">
                  <String HEIGHT="62"
                          WIDTH="118"
                          VPOS="468"
                          HPOS="217"
                          CONTENT="tiae"/>
                  <SP HEIGHT="62" WIDTH="15" VPOS="468" HPOS="335"/>
                  <String HEIGHT="62" WIDTH="103" VPOS="468" HPOS="291" CONTENT="per"/>
                  <SP HEIGHT="62" WIDTH="15" VPOS="468" HPOS="394"/>
                  <String HEIGHT="62"
                          WIDTH="236"
                          VPOS="468"
                          HPOS="350"
                          CONTENT="definitione,"/>
                  <SP HEIGHT="62" WIDTH="15" VPOS="468" HPOS="586"/>
                  <String HEIGHT="62"
                          WIDTH="162"
                          VPOS="468"
                          HPOS="542"
                          CONTENT="quaedam"/>
                  <SP HEIGHT="62" WIDTH="15" VPOS="468" HPOS="704"/>
                  <String HEIGHT="62" WIDTH="89" VPOS="468" HPOS="645" CONTENT="sunt"/>
               </TextLine>
               <TextLine ID="r5l20"
                         BASELINE="576"
                         HEIGHT="59"
                         WIDTH="324"
                         VPOS="517"
                         HPOS="232">
                  <String HEIGHT="59"
                          WIDTH="146"
                          VPOS="517"
                          HPOS="216"
                          CONTENT="ista,"/>
                  <SP HEIGHT="59" WIDTH="16" VPOS="517" HPOS="362"/>
                  <String HEIGHT="59" WIDTH="81" VPOS="517" HPOS="313" CONTENT="&amp;"/>
                  <SP HEIGHT="59" WIDTH="16" VPOS="517" HPOS="394"/>
                  <String HEIGHT="59"
                          WIDTH="178"
                          VPOS="517"
                          HPOS="345"
                          CONTENT="quaedam"/>
                  <SP HEIGHT="59" WIDTH="16" VPOS="517" HPOS="524"/>
                  <String HEIGHT="59" WIDTH="113" VPOS="517" HPOS="475" CONTENT="non"/>
                  <SP HEIGHT="59" WIDTH="16" VPOS="517" HPOS="588"/>
                  <String HEIGHT="59" WIDTH="32" VPOS="517" HPOS="524" CONTENT=""/>
               </TextLine>
               <TextLine ID="r5l22"
                         BASELINE="618"
                         HEIGHT="52"
                         WIDTH="458"
                         VPOS="566"
                         HPOS="277">
                  <String HEIGHT="52" WIDTH="83" VPOS="566" HPOS="267" CONTENT="Hoc,"/>
                  <SP HEIGHT="52" WIDTH="10" VPOS="566" HPOS="350"/>
                  <String HEIGHT="52" WIDTH="83" VPOS="566" HPOS="319" CONTENT="quod"/>
                  <SP HEIGHT="52" WIDTH="10" VPOS="566" HPOS="402"/>
                  <String HEIGHT="52"
                          WIDTH="104"
                          VPOS="566"
                          HPOS="371"
                          CONTENT="dicit,"/>
                  <SP HEIGHT="52" WIDTH="10" VPOS="566" HPOS="475"/>
                  <String HEIGHT="52" WIDTH="83" VPOS="566" HPOS="444" CONTENT="quod"/>
                  <SP HEIGHT="52" WIDTH="10" VPOS="566" HPOS="527"/>
                  <String HEIGHT="52"
                          WIDTH="94"
                          VPOS="566"
                          HPOS="496"
                          CONTENT="omnes"/>
                  <SP HEIGHT="52" WIDTH="10" VPOS="566" HPOS="589"/>
                  <String HEIGHT="52"
                          WIDTH="156"
                          VPOS="566"
                          HPOS="558"
                          CONTENT="substantiae"/>
                  <SP HEIGHT="52" WIDTH="10" VPOS="566" HPOS="714"/>
                  <String HEIGHT="52"
                          WIDTH="62"
                          VPOS="566"
                          HPOS="673"
                          CONTENT="sen"
                          SUBS_TYPE="HypPart1"
                          SUBS_CONTENT="sensibiles"/>
                  <HYP CONTENT="-"/>
               </TextLine>
               <TextLine ID="r5l24"
                         BASELINE="642"
                         HEIGHT="37"
                         WIDTH="499"
                         VPOS="605"
                         HPOS="236">
                  <String HEIGHT="37"
                          WIDTH="152"
                          VPOS="605"
                          HPOS="222"
                          CONTENT="sibiles"
                          SUBS_TYPE="HypPart2"
                          SUBS_CONTENT="sensibiles"/>
                  <SP HEIGHT="37" WIDTH="14" VPOS="605" HPOS="375"/>
                  <String HEIGHT="37"
                          WIDTH="152"
                          VPOS="605"
                          HPOS="333"
                          CONTENT="habeant"/>
                  <SP HEIGHT="37" WIDTH="14" VPOS="605" HPOS="486"/>
                  <String HEIGHT="37"
                          WIDTH="180"
                          VPOS="605"
                          HPOS="444"
                          CONTENT="materiam,"/>
                  <SP HEIGHT="37" WIDTH="14" VPOS="605" HPOS="624"/>
                  <String HEIGHT="37"
                          WIDTH="166"
                          VPOS="605"
                          HPOS="569"
                          CONTENT="declaratum"/>
               </TextLine>
               <TextLine ID="r5l26"
                         BASELINE="682"
                         HEIGHT="37"
                         WIDTH="499"
                         VPOS="645"
                         HPOS="228">
                  <String HEIGHT="37" WIDTH="81" VPOS="645" HPOS="216" CONTENT="est"/>
                  <SP HEIGHT="37" WIDTH="12" VPOS="645" HPOS="298"/>
                  <String HEIGHT="37" WIDTH="70" VPOS="645" HPOS="263" CONTENT="in"/>
                  <SP HEIGHT="37" WIDTH="12" VPOS="645" HPOS="332"/>
                  <String HEIGHT="37"
                          WIDTH="139"
                          VPOS="645"
                          HPOS="298"
                          CONTENT="scientia"/>
                  <SP HEIGHT="37" WIDTH="12" VPOS="645" HPOS="437"/>
                  <String HEIGHT="37"
                          WIDTH="151"
                          VPOS="645"
                          HPOS="402"
                          CONTENT="Naturali."/>
                  <SP HEIGHT="37" WIDTH="12" VPOS="645" HPOS="553"/>
                  <String HEIGHT="37" WIDTH="81" VPOS="645" HPOS="518" CONTENT="Et,"/>
                  <SP HEIGHT="37" WIDTH="12" VPOS="645" HPOS="599"/>
                  <String HEIGHT="37" WIDTH="81" VPOS="645" HPOS="565" CONTENT="cum"/>
                  <SP HEIGHT="37" WIDTH="12" VPOS="645" HPOS="646"/>
                  <String HEIGHT="37" WIDTH="70" VPOS="645" HPOS="611" CONTENT="d."/>
                  <SP HEIGHT="37" WIDTH="12" VPOS="645" HPOS="681"/>
                  <String HEIGHT="37" WIDTH="70" VPOS="645" HPOS="646" CONTENT="Et"/>
                  <SP HEIGHT="37" WIDTH="12" VPOS="645" HPOS="715"/>
                  <String HEIGHT="37" WIDTH="58" VPOS="645" HPOS="669" CONTENT="sub"/>
               </TextLine>
               <TextLine ID="r5l28"
                         BASELINE="722"
                         HEIGHT="38"
                         WIDTH="493"
                         VPOS="684"
                         HPOS="234">
                  <String HEIGHT="38"
                          WIDTH="143"
                          VPOS="684"
                          HPOS="221"
                          CONTENT="stantia"/>
                  <SP HEIGHT="38" WIDTH="13" VPOS="684" HPOS="364"/>
                  <String HEIGHT="38" WIDTH="91" VPOS="684" HPOS="325" CONTENT="est"/>
                  <SP HEIGHT="38" WIDTH="13" VPOS="684" HPOS="416"/>
                  <String HEIGHT="38"
                          WIDTH="182"
                          VPOS="684"
                          HPOS="377"
                          CONTENT="subiectum,"/>
                  <SP HEIGHT="38" WIDTH="13" VPOS="684" HPOS="558"/>
                  <String HEIGHT="38" WIDTH="91" VPOS="684" HPOS="519" CONTENT="&amp;c."/>
                  <SP HEIGHT="38" WIDTH="13" VPOS="684" HPOS="610"/>
                  <String HEIGHT="38" WIDTH="78" VPOS="684" HPOS="571" CONTENT="i."/>
                  <SP HEIGHT="38" WIDTH="13" VPOS="684" HPOS="649"/>
                  <String HEIGHT="38" WIDTH="65" VPOS="684" HPOS="610" CONTENT="&amp;"/>
                  <SP HEIGHT="38" WIDTH="13" VPOS="684" HPOS="675"/>
                  <String HEIGHT="38"
                          WIDTH="104"
                          VPOS="684"
                          HPOS="623"
                          CONTENT="inten"
                          SUBS_TYPE="HypPart1"
                          SUBS_CONTENT="intendit,"/>
                  <HYP CONTENT="-"/>
               </TextLine>
               <TextLine ID="r5l30"
                         BASELINE="771"
                         HEIGHT="52"
                         WIDTH="506"
                         VPOS="719"
                         HPOS="228">
                  <String HEIGHT="52"
                          WIDTH="90"
                          VPOS="719"
                          HPOS="217"
                          CONTENT="dit,"
                          SUBS_TYPE="HypPart2"
                          SUBS_CONTENT="intendit,"/>
                  <SP HEIGHT="52" WIDTH="11" VPOS="719" HPOS="307"/>
                  <String HEIGHT="52" WIDTH="90" VPOS="719" HPOS="273" CONTENT="quod"/>
                  <SP HEIGHT="52" WIDTH="11" VPOS="719" HPOS="363"/>
                  <String HEIGHT="52"
                          WIDTH="157"
                          VPOS="719"
                          HPOS="329"
                          CONTENT="substantia"/>
                  <SP HEIGHT="52" WIDTH="11" VPOS="719" HPOS="487"/>
                  <String HEIGHT="52"
                          WIDTH="124"
                          VPOS="719"
                          HPOS="453"
                          CONTENT="dicitur"/>
                  <SP HEIGHT="52" WIDTH="11" VPOS="719" HPOS="577"/>
                  <String HEIGHT="52"
                          WIDTH="101"
                          VPOS="719"
                          HPOS="543"
                          CONTENT="primo"/>
                  <SP HEIGHT="52" WIDTH="11" VPOS="719" HPOS="644"/>
                  <String HEIGHT="52" WIDTH="90" VPOS="719" HPOS="610" CONTENT="modo"/>
                  <SP HEIGHT="52" WIDTH="11" VPOS="719" HPOS="700"/>
                  <String HEIGHT="52" WIDTH="67" VPOS="719" HPOS="667" CONTENT="de"/>
                  <SP HEIGHT="52" WIDTH="11" VPOS="719" HPOS="734"/>
                  <String HEIGHT="52" WIDTH="45" VPOS="719" HPOS="689" CONTENT="il"/>
               </TextLine>
               <TextLine ID="r5l32"
                         BASELINE="802"
                         HEIGHT="45"
                         WIDTH="492"
                         VPOS="757"
                         HPOS="231">
                  <String HEIGHT="45" WIDTH="78" VPOS="757" HPOS="220" CONTENT="lo,"/>
                  <SP HEIGHT="45" WIDTH="11" VPOS="757" HPOS="298"/>
                  <String HEIGHT="45" WIDTH="89" VPOS="757" HPOS="265" CONTENT="quod"/>
                  <SP HEIGHT="45" WIDTH="11" VPOS="757" HPOS="354"/>
                  <String HEIGHT="45" WIDTH="78" VPOS="757" HPOS="320" CONTENT="est"/>
                  <SP HEIGHT="45" WIDTH="11" VPOS="757" HPOS="399"/>
                  <String HEIGHT="45"
                          WIDTH="134"
                          VPOS="757"
                          HPOS="365"
                          CONTENT="existens"/>
                  <SP HEIGHT="45" WIDTH="11" VPOS="757" HPOS="499"/>
                  <String HEIGHT="45" WIDTH="78" VPOS="757" HPOS="466" CONTENT="per"/>
                  <SP HEIGHT="45" WIDTH="11" VPOS="757" HPOS="544"/>
                  <String HEIGHT="45" WIDTH="78" VPOS="757" HPOS="511" CONTENT="se,"/>
                  <SP HEIGHT="45" WIDTH="11" VPOS="757" HPOS="589"/>
                  <String HEIGHT="45" WIDTH="89" VPOS="757" HPOS="555" CONTENT="quod"/>
                  <SP HEIGHT="45" WIDTH="11" VPOS="757" HPOS="645"/>
                  <String HEIGHT="45" WIDTH="78" VPOS="757" HPOS="611" CONTENT="est"/>
                  <SP HEIGHT="45" WIDTH="11" VPOS="757" HPOS="689"/>
                  <String HEIGHT="45"
                          WIDTH="78"
                          VPOS="757"
                          HPOS="645"
                          CONTENT="subie"/>
               </TextLine>
               <TextLine ID="r5l34"
                         BASELINE="842"
                         HEIGHT="43"
                         WIDTH="490"
                         VPOS="799"
                         HPOS="237">
                  <String HEIGHT="43"
                          WIDTH="106"
                          VPOS="799"
                          HPOS="224"
                          CONTENT="ctum"/>
                  <SP HEIGHT="43" WIDTH="13" VPOS="799" HPOS="330"/>
                  <String HEIGHT="43"
                          WIDTH="119"
                          VPOS="799"
                          HPOS="290"
                          CONTENT="aliis"/>
                  <SP HEIGHT="43" WIDTH="13" VPOS="799" HPOS="409"/>
                  <String HEIGHT="43"
                          WIDTH="252"
                          VPOS="799"
                          HPOS="369"
                          CONTENT="praedicamentis,"/>
                  <SP HEIGHT="43" WIDTH="13" VPOS="799" HPOS="621"/>
                  <String HEIGHT="43" WIDTH="66" VPOS="799" HPOS="581" CONTENT="&amp;"/>
                  <SP HEIGHT="43" WIDTH="13" VPOS="799" HPOS="648"/>
                  <String HEIGHT="43" WIDTH="93" VPOS="799" HPOS="608" CONTENT="est"/>
                  <SP HEIGHT="43" WIDTH="13" VPOS="799" HPOS="701"/>
                  <String HEIGHT="43"
                          WIDTH="79"
                          VPOS="799"
                          HPOS="648"
                          CONTENT="com"
                          SUBS_TYPE="HypPart1"
                          SUBS_CONTENT="compositum"/>
                  <HYP CONTENT="-"/>
               </TextLine>
               <TextLine ID="r5l36"
                         BASELINE="890"
                         HEIGHT="53"
                         WIDTH="506"
                         VPOS="837"
                         HPOS="230">
                  <String HEIGHT="53"
                          WIDTH="155"
                          VPOS="837"
                          HPOS="216"
                          CONTENT="positum"
                          SUBS_TYPE="HypPart2"
                          SUBS_CONTENT="compositum"/>
                  <SP HEIGHT="53" WIDTH="14" VPOS="837" HPOS="371"/>
                  <String HEIGHT="53" WIDTH="84" VPOS="837" HPOS="328" CONTENT="ex"/>
                  <SP HEIGHT="53" WIDTH="14" VPOS="837" HPOS="413"/>
                  <String HEIGHT="53"
                          WIDTH="155"
                          VPOS="837"
                          HPOS="371"
                          CONTENT="materia"/>
                  <SP HEIGHT="53" WIDTH="14" VPOS="837" HPOS="525"/>
                  <String HEIGHT="53" WIDTH="70" VPOS="837" HPOS="483" CONTENT="&amp;"/>
                  <SP HEIGHT="53" WIDTH="14" VPOS="837" HPOS="553"/>
                  <String HEIGHT="53"
                          WIDTH="141"
                          VPOS="837"
                          HPOS="511"
                          CONTENT="forma:"/>
                  <SP HEIGHT="53" WIDTH="14" VPOS="837" HPOS="652"/>
                  <String HEIGHT="53" WIDTH="70" VPOS="837" HPOS="610" CONTENT="&amp;"/>
                  <SP HEIGHT="53" WIDTH="14" VPOS="837" HPOS="680"/>
                  <String HEIGHT="53"
                          WIDTH="112"
                          VPOS="837"
                          HPOS="624"
                          CONTENT="dicitu"/>
               </TextLine>
               <TextLine ID="r5l37"
                         BASELINE="922"
                         HEIGHT="45"
                         WIDTH="496"
                         VPOS="877"
                         HPOS="234">
                  <String HEIGHT="45"
                          WIDTH="110"
                          VPOS="877"
                          HPOS="220"
                          CONTENT="alio"/>
                  <SP HEIGHT="45" WIDTH="14" VPOS="877" HPOS="330"/>
                  <String HEIGHT="45"
                          WIDTH="110"
                          VPOS="877"
                          HPOS="289"
                          CONTENT="modo"/>
                  <SP HEIGHT="45" WIDTH="14" VPOS="877" HPOS="399"/>
                  <String HEIGHT="45" WIDTH="83" VPOS="877" HPOS="358" CONTENT="de"/>
                  <SP HEIGHT="45" WIDTH="14" VPOS="877" HPOS="441"/>
                  <String HEIGHT="45"
                          WIDTH="152"
                          VPOS="877"
                          HPOS="399"
                          CONTENT="materia"/>
                  <SP HEIGHT="45" WIDTH="14" VPOS="877" HPOS="551"/>
                  <String HEIGHT="45"
                          WIDTH="138"
                          VPOS="877"
                          HPOS="510"
                          CONTENT="istius"/>
                  <SP HEIGHT="45" WIDTH="14" VPOS="877" HPOS="647"/>
                  <String HEIGHT="45"
                          WIDTH="138"
                          VPOS="877"
                          HPOS="592"
                          CONTENT="substans"/>
               </TextLine>
               <TextLine ID="r5l39"
                         BASELINE="967"
                         HEIGHT="50"
                         WIDTH="498"
                         VPOS="917"
                         HPOS="232">
                  <String HEIGHT="50"
                          WIDTH="121"
                          VPOS="917"
                          HPOS="219"
                          CONTENT="tiae."/>
                  <SP HEIGHT="50" WIDTH="13" VPOS="917" HPOS="340"/>
                  <String HEIGHT="50" WIDTH="67" VPOS="917" HPOS="299" CONTENT="&amp;"/>
                  <SP HEIGHT="50" WIDTH="13" VPOS="917" HPOS="367"/>
                  <String HEIGHT="50"
                          WIDTH="108"
                          VPOS="917"
                          HPOS="326"
                          CONTENT="dico"/>
                  <SP HEIGHT="50" WIDTH="13" VPOS="917" HPOS="434"/>
                  <String HEIGHT="50"
                          WIDTH="162"
                          VPOS="917"
                          HPOS="394"
                          CONTENT="materiam"/>
                  <SP HEIGHT="50" WIDTH="13" VPOS="917" HPOS="555"/>
                  <String HEIGHT="50"
                          WIDTH="135"
                          VPOS="917"
                          HPOS="515"
                          CONTENT="illud,"/>
                  <SP HEIGHT="50" WIDTH="13" VPOS="917" HPOS="649"/>
                  <String HEIGHT="50"
                          WIDTH="108"
                          VPOS="917"
                          HPOS="609"
                          CONTENT="quod"/>
                  <SP HEIGHT="50" WIDTH="13" VPOS="917" HPOS="717"/>
                  <String HEIGHT="50" WIDTH="67" VPOS="917" HPOS="663" CONTENT="non"/>
               </TextLine>
               <TextLine ID="r5l41"
                         BASELINE="1002"
                         HEIGHT="46"
                         WIDTH="498"
                         VPOS="956"
                         HPOS="241">
                  <String HEIGHT="46" WIDTH="100" VPOS="956" HPOS="227" CONTENT="est"/>
                  <SP HEIGHT="46" WIDTH="14" VPOS="956" HPOS="326"/>
                  <String HEIGHT="46" WIDTH="85" VPOS="956" HPOS="284" CONTENT="in"/>
                  <SP HEIGHT="46" WIDTH="14" VPOS="956" HPOS="369"/>
                  <String HEIGHT="46"
                          WIDTH="114"
                          VPOS="956"
                          HPOS="326"
                          CONTENT="actu"/>
                  <SP HEIGHT="46" WIDTH="14" VPOS="956" HPOS="440"/>
                  <String HEIGHT="46"
                          WIDTH="157"
                          VPOS="956"
                          HPOS="398"
                          CONTENT="aliquod"/>
                  <SP HEIGHT="46" WIDTH="14" VPOS="956" HPOS="554"/>
                  <String HEIGHT="46"
                          WIDTH="242"
                          VPOS="956"
                          HPOS="511"
                          CONTENT="demonstratum,"/>
                  <SP HEIGHT="46" WIDTH="14" VPOS="956" HPOS="753"/>
                  <String HEIGHT="46" WIDTH="43" VPOS="956" HPOS="696" CONTENT="&amp;"/>
               </TextLine>
               <TextLine ID="r5l43"
                         BASELINE="1048"
                         HEIGHT="52"
                         WIDTH="498"
                         VPOS="996"
                         HPOS="241">
                  <String HEIGHT="52" WIDTH="85" VPOS="996" HPOS="229" CONTENT="est"/>
                  <SP HEIGHT="52" WIDTH="12" VPOS="996" HPOS="314"/>
                  <String HEIGHT="52" WIDTH="73" VPOS="996" HPOS="277" CONTENT="in"/>
                  <SP HEIGHT="52" WIDTH="12" VPOS="996" HPOS="350"/>
                  <String HEIGHT="52"
                          WIDTH="146"
                          VPOS="996"
                          HPOS="314"
                          CONTENT="potentia"/>
                  <SP HEIGHT="52" WIDTH="12" VPOS="996" HPOS="460"/>
                  <String HEIGHT="52"
                          WIDTH="134"
                          VPOS="996"
                          HPOS="423"
                          CONTENT="illius."/>
                  <SP HEIGHT="52" WIDTH="12" VPOS="996" HPOS="557"/>
                  <String HEIGHT="52" WIDTH="97" VPOS="996" HPOS="520" CONTENT="D.d."/>
                  <SP HEIGHT="52" WIDTH="12" VPOS="996" HPOS="618"/>
                  <String HEIGHT="52" WIDTH="73" VPOS="996" HPOS="581" CONTENT="Et"/>
                  <SP HEIGHT="52" WIDTH="12" VPOS="996" HPOS="654"/>
                  <String HEIGHT="52" WIDTH="97" VPOS="996" HPOS="618" CONTENT="alio"/>
                  <SP HEIGHT="52" WIDTH="12" VPOS="996" HPOS="715"/>
                  <String HEIGHT="52" WIDTH="73" VPOS="996" HPOS="666" CONTENT="modo"/>
               </TextLine>
               <TextLine ID="r5l45"
                         BASELINE="1074"
                         HEIGHT="37"
                         WIDTH="499"
                         VPOS="1037"
                         HPOS="236">
                  <String HEIGHT="37" WIDTH="78" VPOS="1037" HPOS="225" CONTENT="est"/>
                  <SP HEIGHT="37" WIDTH="11" VPOS="1037" HPOS="303"/>
                  <String HEIGHT="37"
                          WIDTH="155"
                          VPOS="1037"
                          HPOS="269"
                          CONTENT="definitio."/>
                  <SP HEIGHT="37" WIDTH="11" VPOS="1037" HPOS="425"/>
                  <String HEIGHT="37" WIDTH="67" VPOS="1037" HPOS="391" CONTENT="i."/>
                  <SP HEIGHT="37" WIDTH="11" VPOS="1037" HPOS="458"/>
                  <String HEIGHT="37" WIDTH="55" VPOS="1037" HPOS="425" CONTENT="&amp;"/>
                  <SP HEIGHT="37" WIDTH="11" VPOS="1037" HPOS="480"/>
                  <String HEIGHT="37"
                          WIDTH="155"
                          VPOS="1037"
                          HPOS="447"
                          CONTENT="substantia"/>
                  <SP HEIGHT="37" WIDTH="11" VPOS="1037" HPOS="602"/>
                  <String HEIGHT="37"
                          WIDTH="122"
                          VPOS="1037"
                          HPOS="569"
                          CONTENT="dicitur"/>
                  <SP HEIGHT="37" WIDTH="11" VPOS="1037" HPOS="691"/>
                  <String HEIGHT="37"
                          WIDTH="89"
                          VPOS="1037"
                          HPOS="646"
                          CONTENT="secun"
                          SUBS_TYPE="HypPart1"
                          SUBS_CONTENT="secundo"/>
                  <HYP CONTENT="-"/>
               </TextLine>
               <TextLine ID="r5l47"
                         BASELINE="1127"
                         HEIGHT="50"
                         WIDTH="492"
                         VPOS="1077"
                         HPOS="239">
                  <String HEIGHT="50"
                          WIDTH="84"
                          VPOS="1077"
                          HPOS="225"
                          CONTENT="do"
                          SUBS_TYPE="HypPart2"
                          SUBS_CONTENT="secundo"/>
                  <SP HEIGHT="50" WIDTH="14" VPOS="1077" HPOS="309"/>
                  <String HEIGHT="50"
                          WIDTH="112"
                          VPOS="1077"
                          HPOS="267"
                          CONTENT="modo"/>
                  <SP HEIGHT="50" WIDTH="14" VPOS="1077" HPOS="380"/>
                  <String HEIGHT="50" WIDTH="84" VPOS="1077" HPOS="337" CONTENT="de"/>
                  <SP HEIGHT="50" WIDTH="14" VPOS="1077" HPOS="422"/>
                  <String HEIGHT="50"
                          WIDTH="127"
                          VPOS="1077"
                          HPOS="380"
                          CONTENT="illo,"/>
                  <SP HEIGHT="50" WIDTH="14" VPOS="1077" HPOS="506"/>
                  <String HEIGHT="50"
                          WIDTH="112"
                          VPOS="1077"
                          HPOS="464"
                          CONTENT="quod"/>
                  <SP HEIGHT="50" WIDTH="14" VPOS="1077" HPOS="576"/>
                  <String HEIGHT="50"
                          WIDTH="197"
                          VPOS="1077"
                          HPOS="534"
                          CONTENT="significat"/>
                  <SP HEIGHT="50" WIDTH="14" VPOS="1077" HPOS="731"/>
                  <String HEIGHT="50" WIDTH="56" VPOS="1077" HPOS="675" CONTENT="de"/>
               </TextLine>
               <TextLine ID="r5l49"
                         BASELINE="1155"
                         HEIGHT="42"
                         WIDTH="490"
                         VPOS="1113"
                         HPOS="238">
                  <String HEIGHT="42"
                          WIDTH="123"
                          VPOS="1113"
                          HPOS="227"
                          CONTENT="finitio"/>
                  <SP HEIGHT="42" WIDTH="11" VPOS="1113" HPOS="349"/>
                  <String HEIGHT="42"
                          WIDTH="134"
                          VPOS="1113"
                          HPOS="316"
                          CONTENT="scilicet"/>
                  <SP HEIGHT="42" WIDTH="11" VPOS="1113" HPOS="450"/>
                  <String HEIGHT="42"
                          WIDTH="111"
                          VPOS="1113"
                          HPOS="416"
                          CONTENT="forma."/>
                  <SP HEIGHT="42" WIDTH="11" VPOS="1113" HPOS="528"/>
                  <String HEIGHT="42"
                          WIDTH="89"
                          VPOS="1113"
                          HPOS="494"
                          CONTENT="D.d."/>
                  <SP HEIGHT="42" WIDTH="11" VPOS="1113" HPOS="583"/>
                  <String HEIGHT="42" WIDTH="56" VPOS="1113" HPOS="550" CONTENT="&amp;"/>
                  <SP HEIGHT="42" WIDTH="11" VPOS="1113" HPOS="606"/>
                  <String HEIGHT="42" WIDTH="78" VPOS="1113" HPOS="572" CONTENT="est"/>
                  <SP HEIGHT="42" WIDTH="11" VPOS="1113" HPOS="650"/>
                  <String HEIGHT="42" WIDTH="78" VPOS="1113" HPOS="617" CONTENT="per"/>
                  <SP HEIGHT="42" WIDTH="11" VPOS="1113" HPOS="695"/>
                  <String HEIGHT="42"
                          WIDTH="78"
                          VPOS="1113"
                          HPOS="650"
                          CONTENT="defi"
                          SUBS_TYPE="HypPart1"
                          SUBS_CONTENT="definitionem"/>
                  <HYP CONTENT="-"/>
               </TextLine>
               <TextLine ID="r5l51"
                         BASELINE="1202"
                         HEIGHT="50"
                         WIDTH="498"
                         VPOS="1152"
                         HPOS="237">
                  <String HEIGHT="50"
                          WIDTH="171"
                          VPOS="1152"
                          HPOS="223"
                          CONTENT="nitionem"
                          SUBS_TYPE="HypPart2"
                          SUBS_CONTENT="definitionem"/>
                  <SP HEIGHT="50" WIDTH="14" VPOS="1152" HPOS="394"/>
                  <String HEIGHT="50"
                          WIDTH="185"
                          VPOS="1152"
                          HPOS="351"
                          CONTENT="separata."/>
                  <SP HEIGHT="50" WIDTH="14" VPOS="1152" HPOS="536"/>
                  <String HEIGHT="50" WIDTH="85" VPOS="1152" HPOS="493" CONTENT="i."/>
                  <SP HEIGHT="50" WIDTH="14" VPOS="1152" HPOS="578"/>
                  <String HEIGHT="50" WIDTH="71" VPOS="1152" HPOS="536" CONTENT="&amp;"/>
                  <SP HEIGHT="50" WIDTH="14" VPOS="1152" HPOS="607"/>
                  <String HEIGHT="50"
                          WIDTH="185"
                          VPOS="1152"
                          HPOS="550"
                          CONTENT="substantia,"/>
               </TextLine>
               <TextLine ID="r5l53"
                         BASELINE="1244"
                         HEIGHT="53"
                         WIDTH="482"
                         VPOS="1191"
                         HPOS="242">
                  <String HEIGHT="53" WIDTH="75" VPOS="1191" HPOS="231" CONTENT="qua"/>
                  <SP HEIGHT="53" WIDTH="11" VPOS="1191" HPOS="306"/>
                  <String HEIGHT="53" WIDTH="75" VPOS="1191" HPOS="274" CONTENT="est"/>
                  <SP HEIGHT="53" WIDTH="11" VPOS="1191" HPOS="349"/>
                  <String HEIGHT="53"
                          WIDTH="107"
                          VPOS="1191"
                          HPOS="317"
                          CONTENT="forma,"/>
                  <SP HEIGHT="53" WIDTH="11" VPOS="1191" HPOS="424"/>
                  <String HEIGHT="53" WIDTH="75" VPOS="1191" HPOS="392" CONTENT="est"/>
                  <SP HEIGHT="53" WIDTH="11" VPOS="1191" HPOS="467"/>
                  <String HEIGHT="53"
                          WIDTH="129"
                          VPOS="1191"
                          HPOS="435"
                          CONTENT="secundum"/>
                  <SP HEIGHT="53" WIDTH="11" VPOS="1191" HPOS="563"/>
                  <String HEIGHT="53"
                          WIDTH="171"
                          VPOS="1191"
                          HPOS="531"
                          CONTENT="definitionem"/>
                  <SP HEIGHT="53" WIDTH="11" VPOS="1191" HPOS="703"/>
                  <String HEIGHT="53"
                          WIDTH="64"
                          VPOS="1191"
                          HPOS="660"
                          CONTENT="sepa"/>
               </TextLine>
               <TextLine ID="r5l55"
                         BASELINE="1274"
                         HEIGHT="46"
                         WIDTH="495"
                         VPOS="1228"
                         HPOS="238">
                  <String HEIGHT="46"
                          WIDTH="107"
                          VPOS="1228"
                          HPOS="225"
                          CONTENT="rata"/>
                  <SP HEIGHT="46" WIDTH="13" VPOS="1228" HPOS="332"/>
                  <String HEIGHT="46" WIDTH="67" VPOS="1228" HPOS="292" CONTENT="a"/>
                  <SP HEIGHT="46" WIDTH="13" VPOS="1228" HPOS="358"/>
                  <String HEIGHT="46"
                          WIDTH="147"
                          VPOS="1228"
                          HPOS="318"
                          CONTENT="materia"/>
                  <SP HEIGHT="46" WIDTH="13" VPOS="1228" HPOS="465"/>
                  <String HEIGHT="46" WIDTH="94" VPOS="1228" HPOS="425" CONTENT="non"/>
                  <SP HEIGHT="46" WIDTH="13" VPOS="1228" HPOS="519"/>
                  <String HEIGHT="46"
                          WIDTH="147"
                          VPOS="1228"
                          HPOS="479"
                          CONTENT="inesse."/>
                  <SP HEIGHT="46" WIDTH="13" VPOS="1228" HPOS="626"/>
                  <String HEIGHT="46"
                          WIDTH="161"
                          VPOS="1228"
                          HPOS="572"
                          CONTENT="impossibus"/>
               </TextLine>
               <TextLine ID="r5l57"
                         BASELINE="1318"
                         HEIGHT="49"
                         WIDTH="500"
                         VPOS="1269"
                         HPOS="234">
                  <String HEIGHT="49" WIDTH="79" VPOS="1269" HPOS="221" CONTENT="le"/>
                  <SP HEIGHT="49" WIDTH="13" VPOS="1269" HPOS="300"/>
                  <String HEIGHT="49"
                          WIDTH="105"
                          VPOS="1269"
                          HPOS="260"
                          CONTENT="enim"/>
                  <SP HEIGHT="49" WIDTH="13" VPOS="1269" HPOS="366"/>
                  <String HEIGHT="49" WIDTH="92" VPOS="1269" HPOS="326" CONTENT="est"/>
                  <SP HEIGHT="49" WIDTH="13" VPOS="1269" HPOS="418"/>
                  <String HEIGHT="49"
                          WIDTH="158"
                          VPOS="1269"
                          HPOS="379"
                          CONTENT="separari"/>
                  <SP HEIGHT="49" WIDTH="13" VPOS="1269" HPOS="537"/>
                  <String HEIGHT="49"
                          WIDTH="132"
                          VPOS="1269"
                          HPOS="497"
                          CONTENT="formam"/>
                  <SP HEIGHT="49" WIDTH="13" VPOS="1269" HPOS="629"/>
                  <String HEIGHT="49" WIDTH="66" VPOS="1269" HPOS="589" CONTENT="a"/>
                  <SP HEIGHT="49" WIDTH="13" VPOS="1269" HPOS="655"/>
                  <String HEIGHT="49"
                          WIDTH="132"
                          VPOS="1269"
                          HPOS="602"
                          CONTENT="materia,"/>
               </TextLine>
               <TextLine ID="r5l58"
                         BASELINE="1359"
                         HEIGHT="50"
                         WIDTH="500"
                         VPOS="1309"
                         HPOS="237">
                  <String HEIGHT="50"
                          WIDTH="105"
                          VPOS="1309"
                          HPOS="224"
                          CONTENT="D.d."/>
                  <SP HEIGHT="50" WIDTH="13" VPOS="1309" HPOS="329"/>
                  <String HEIGHT="50" WIDTH="66" VPOS="1309" HPOS="290" CONTENT="&amp;"/>
                  <SP HEIGHT="50" WIDTH="13" VPOS="1309" HPOS="355"/>
                  <String HEIGHT="50"
                          WIDTH="132"
                          VPOS="1309"
                          HPOS="316"
                          CONTENT="tertio"/>
                  <SP HEIGHT="50" WIDTH="13" VPOS="1309" HPOS="448"/>
                  <String HEIGHT="50"
                          WIDTH="105"
                          VPOS="1309"
                          HPOS="408"
                          CONTENT="modo"/>
                  <SP HEIGHT="50" WIDTH="13" VPOS="1309" HPOS="513"/>
                  <String HEIGHT="50"
                          WIDTH="132"
                          VPOS="1309"
                          HPOS="474"
                          CONTENT="illud,"/>
                  <SP HEIGHT="50" WIDTH="13" VPOS="1309" HPOS="605"/>
                  <String HEIGHT="50"
                          WIDTH="105"
                          VPOS="1309"
                          HPOS="566"
                          CONTENT="quod"/>
                  <SP HEIGHT="50" WIDTH="13" VPOS="1309" HPOS="671"/>
                  <String HEIGHT="50" WIDTH="92" VPOS="1309" HPOS="632" CONTENT="est"/>
                  <SP HEIGHT="50" WIDTH="13" VPOS="1309" HPOS="724"/>
                  <String HEIGHT="50"
                          WIDTH="66"
                          VPOS="1309"
                          HPOS="671"
                          CONTENT="ex"
                          SUBS_TYPE="HypPart1"
                          SUBS_CONTENT="existis,"/>
                  <HYP CONTENT="-"/>
               </TextLine>
               <TextLine ID="r5l60"
                         BASELINE="1394"
                         HEIGHT="46"
                         WIDTH="495"
                         VPOS="1348"
                         HPOS="240">
                  <String HEIGHT="46"
                          WIDTH="124"
                          VPOS="1348"
                          HPOS="228"
                          CONTENT="istis,"
                          SUBS_TYPE="HypPart2"
                          SUBS_CONTENT="existis,"/>
                  <SP HEIGHT="46" WIDTH="12" VPOS="1348" HPOS="351"/>
                  <String HEIGHT="46" WIDTH="87" VPOS="1348" HPOS="314" CONTENT="&amp;c."/>
                  <SP HEIGHT="46" WIDTH="12" VPOS="1348" HPOS="401"/>
                  <String HEIGHT="46" WIDTH="74" VPOS="1348" HPOS="364" CONTENT="i."/>
                  <SP HEIGHT="46" WIDTH="12" VPOS="1348" HPOS="438"/>
                  <String HEIGHT="46" WIDTH="62" VPOS="1348" HPOS="401" CONTENT="&amp;"/>
                  <SP HEIGHT="46" WIDTH="12" VPOS="1348" HPOS="463"/>
                  <String HEIGHT="46"
                          WIDTH="173"
                          VPOS="1348"
                          HPOS="426"
                          CONTENT="substantia"/>
                  <SP HEIGHT="46" WIDTH="12" VPOS="1348" HPOS="599"/>
                  <String HEIGHT="46"
                          WIDTH="124"
                          VPOS="1348"
                          HPOS="562"
                          CONTENT="tertia"/>
                  <SP HEIGHT="46" WIDTH="12" VPOS="1348" HPOS="686"/>
                  <String HEIGHT="46"
                          WIDTH="99"
                          VPOS="1348"
                          HPOS="636"
                          CONTENT="illud,"/>
               </TextLine>
               <TextLine ID="r5l62"
                         BASELINE="1433"
                         HEIGHT="44"
                         WIDTH="502"
                         VPOS="1389"
                         HPOS="239">
                  <String HEIGHT="44"
                          WIDTH="118"
                          VPOS="1389"
                          HPOS="224"
                          CONTENT="quod"/>
                  <SP HEIGHT="44" WIDTH="15" VPOS="1389" HPOS="342"/>
                  <String HEIGHT="44"
                          WIDTH="221"
                          VPOS="1389"
                          HPOS="298"
                          CONTENT="congregatur"/>
                  <SP HEIGHT="44" WIDTH="15" VPOS="1389" HPOS="520"/>
                  <String HEIGHT="44" WIDTH="74" VPOS="1389" HPOS="475" CONTENT="a"/>
                  <SP HEIGHT="44" WIDTH="15" VPOS="1389" HPOS="549"/>
                  <String HEIGHT="44"
                          WIDTH="162"
                          VPOS="1389"
                          HPOS="505"
                          CONTENT="materia"/>
                  <SP HEIGHT="44" WIDTH="15" VPOS="1389" HPOS="667"/>
                  <String HEIGHT="44" WIDTH="89" VPOS="1389" HPOS="623" CONTENT="et"/>
                  <SP HEIGHT="44" WIDTH="15" VPOS="1389" HPOS="711"/>
                  <String HEIGHT="44"
                          WIDTH="89"
                          VPOS="1389"
                          HPOS="652"
                          CONTENT="for"
                          SUBS_TYPE="HypPart1"
                          SUBS_CONTENT="forma:"/>
                  <HYP CONTENT="-"/>
               </TextLine>
               <TextLine ID="r5l63"
                         BASELINE="1466"
                         HEIGHT="43"
                         WIDTH="491"
                         VPOS="1423"
                         HPOS="240">
                  <String HEIGHT="43"
                          WIDTH="86"
                          VPOS="1423"
                          HPOS="228"
                          CONTENT="ma:"
                          SUBS_TYPE="HypPart2"
                          SUBS_CONTENT="forma:"/>
                  <SP HEIGHT="43" WIDTH="12" VPOS="1423" HPOS="314"/>
                  <String HEIGHT="43" WIDTH="74" VPOS="1423" HPOS="277" CONTENT="et"/>
                  <SP HEIGHT="43" WIDTH="12" VPOS="1423" HPOS="350"/>
                  <String HEIGHT="43" WIDTH="86" VPOS="1423" HPOS="314" CONTENT="est"/>
                  <SP HEIGHT="43" WIDTH="12" VPOS="1423" HPOS="400"/>
                  <String HEIGHT="43"
                          WIDTH="123"
                          VPOS="1423"
                          HPOS="363"
                          CONTENT="illud,"/>
                  <SP HEIGHT="43" WIDTH="12" VPOS="1423" HPOS="486"/>
                  <String HEIGHT="43"
                          WIDTH="110"
                          VPOS="1423"
                          HPOS="449"
                          CONTENT="cuius"/>
                  <SP HEIGHT="43" WIDTH="12" VPOS="1423" HPOS="559"/>
                  <String HEIGHT="43"
                          WIDTH="135"
                          VPOS="1423"
                          HPOS="522"
                          CONTENT="solius,"/>
                  <SP HEIGHT="43" WIDTH="12" VPOS="1423" HPOS="657"/>
                  <String HEIGHT="43" WIDTH="74" VPOS="1423" HPOS="621" CONTENT="vt"/>
                  <SP HEIGHT="43" WIDTH="12" VPOS="1423" HPOS="694"/>
                  <String HEIGHT="43"
                          WIDTH="86"
                          VPOS="1423"
                          HPOS="645"
                          CONTENT="decla"/>
               </TextLine>
               <TextLine ID="r5l65"
                         BASELINE="1516"
                         HEIGHT="40"
                         WIDTH="490"
                         VPOS="1476"
                         HPOS="239">
                  <String HEIGHT="40"
                          WIDTH="123"
                          VPOS="1476"
                          HPOS="225"
                          CONTENT="ratum"/>
                  <SP HEIGHT="40" WIDTH="14" VPOS="1476" HPOS="348"/>
                  <String HEIGHT="40"
                          WIDTH="109"
                          VPOS="1476"
                          HPOS="307"
                          CONTENT="est,"/>
                  <SP HEIGHT="40" WIDTH="14" VPOS="1476" HPOS="416"/>
                  <String HEIGHT="40" WIDTH="95" VPOS="1476" HPOS="375" CONTENT="est"/>
                  <SP HEIGHT="40" WIDTH="14" VPOS="1476" HPOS="470"/>
                  <String HEIGHT="40"
                          WIDTH="177"
                          VPOS="1476"
                          HPOS="430"
                          CONTENT="generatio"/>
                  <SP HEIGHT="40" WIDTH="14" VPOS="1476" HPOS="607"/>
                  <String HEIGHT="40" WIDTH="68" VPOS="1476" HPOS="566" CONTENT="&amp;"/>
                  <SP HEIGHT="40" WIDTH="14" VPOS="1476" HPOS="634"/>
                  <String HEIGHT="40"
                          WIDTH="150"
                          VPOS="1476"
                          HPOS="579"
                          CONTENT="corruptio"/>
               </TextLine>
               <TextLine ID="r5l67"
                         BASELINE="1545"
                         HEIGHT="44"
                         WIDTH="489"
                         VPOS="1501"
                         HPOS="237">
                  <String HEIGHT="44"
                          WIDTH="122"
                          VPOS="1501"
                          HPOS="222"
                          CONTENT="D.d."/>
                  <SP HEIGHT="44" WIDTH="15" VPOS="1501" HPOS="344"/>
                  <String HEIGHT="44" WIDTH="76" VPOS="1501" HPOS="298" CONTENT="&amp;"/>
                  <SP HEIGHT="44" WIDTH="15" VPOS="1501" HPOS="375"/>
                  <String HEIGHT="44"
                          WIDTH="107"
                          VPOS="1501"
                          HPOS="329"
                          CONTENT="est"/>
                  <SP HEIGHT="44" WIDTH="15" VPOS="1501" HPOS="436"/>
                  <String HEIGHT="44"
                          WIDTH="199"
                          VPOS="1501"
                          HPOS="390"
                          CONTENT="separatum"/>
                  <SP HEIGHT="44" WIDTH="15" VPOS="1501" HPOS="588"/>
                  <String HEIGHT="44"
                          WIDTH="122"
                          VPOS="1501"
                          HPOS="543"
                          CONTENT="modo"/>
                  <SP HEIGHT="44" WIDTH="15" VPOS="1501" HPOS="665"/>
                  <String HEIGHT="44"
                          WIDTH="122"
                          VPOS="1501"
                          HPOS="604"
                          CONTENT="simpli"/>
               </TextLine>
               <TextLine ID="line_1604537253507_261"
                         BASELINE="1580"
                         HEIGHT="39"
                         WIDTH="497"
                         VPOS="1541"
                         HPOS="234">
                  <String HEIGHT="39" WIDTH="72" VPOS="1541" HPOS="224" CONTENT="ci,"/>
                  <SP HEIGHT="39" WIDTH="10" VPOS="1541" HPOS="296"/>
                  <String HEIGHT="39" WIDTH="62" VPOS="1541" HPOS="265" CONTENT="i."/>
                  <SP HEIGHT="39" WIDTH="10" VPOS="1541" HPOS="327"/>
                  <String HEIGHT="39"
                          WIDTH="124"
                          VPOS="1541"
                          HPOS="296"
                          CONTENT="secundum"/>
                  <SP HEIGHT="39" WIDTH="10" VPOS="1541" HPOS="420"/>
                  <String HEIGHT="39"
                          WIDTH="166"
                          VPOS="1541"
                          HPOS="389"
                          CONTENT="definitionem"/>
                  <SP HEIGHT="39" WIDTH="10" VPOS="1541" HPOS="555"/>
                  <String HEIGHT="39" WIDTH="52" VPOS="1541" HPOS="524" CONTENT="&amp;"/>
                  <SP HEIGHT="39" WIDTH="10" VPOS="1541" HPOS="576"/>
                  <String HEIGHT="39"
                          WIDTH="124"
                          VPOS="1541"
                          HPOS="545"
                          CONTENT="secundum"/>
                  <SP HEIGHT="39" WIDTH="10" VPOS="1541" HPOS="669"/>
                  <String HEIGHT="39"
                          WIDTH="93"
                          VPOS="1541"
                          HPOS="638"
                          CONTENT="esse."/>
                  <SP HEIGHT="39" WIDTH="10" VPOS="1541" HPOS="731"/>
                  <String HEIGHT="39" WIDTH="41" VPOS="1541" HPOS="690" CONTENT="D."/>
               </TextLine>
               <TextLine ID="r5l72"
                         BASELINE="1633"
                         HEIGHT="52"
                         WIDTH="501"
                         VPOS="1581"
                         HPOS="234">
                  <String HEIGHT="52" WIDTH="72" VPOS="1581" HPOS="222" CONTENT="d."/>
                  <SP HEIGHT="52" WIDTH="12" VPOS="1581" HPOS="294"/>
                  <String HEIGHT="52"
                          WIDTH="179"
                          VPOS="1581"
                          HPOS="258"
                          CONTENT="substantiae"/>
                  <SP HEIGHT="52" WIDTH="12" VPOS="1581" HPOS="437"/>
                  <String HEIGHT="52"
                          WIDTH="95"
                          VPOS="1581"
                          HPOS="401"
                          CONTENT="enim"/>
                  <SP HEIGHT="52" WIDTH="12" VPOS="1581" HPOS="496"/>
                  <String HEIGHT="52"
                          WIDTH="95"
                          VPOS="1581"
                          HPOS="461"
                          CONTENT="quae"/>
                  <SP HEIGHT="52" WIDTH="12" VPOS="1581" HPOS="556"/>
                  <String HEIGHT="52"
                          WIDTH="95"
                          VPOS="1581"
                          HPOS="520"
                          CONTENT="sunt"/>
                  <SP HEIGHT="52" WIDTH="12" VPOS="1581" HPOS="616"/>
                  <String HEIGHT="52"
                          WIDTH="167"
                          VPOS="1581"
                          HPOS="568"
                          CONTENT="substantiae,"/>
               </TextLine>
               <TextLine ID="r5l73"
                         BASELINE="1670"
                         HEIGHT="49"
                         WIDTH="493"
                         VPOS="1621"
                         HPOS="237">
                  <String HEIGHT="49" WIDTH="99" VPOS="1621" HPOS="223" CONTENT="&amp;c."/>
                  <SP HEIGHT="49" WIDTH="14" VPOS="1621" HPOS="322"/>
                  <String HEIGHT="49" WIDTH="85" VPOS="1621" HPOS="279" CONTENT="i."/>
                  <SP HEIGHT="49" WIDTH="14" VPOS="1621" HPOS="364"/>
                  <String HEIGHT="49" WIDTH="70" VPOS="1621" HPOS="322" CONTENT="&amp;"/>
                  <SP HEIGHT="49" WIDTH="14" VPOS="1621" HPOS="392"/>
                  <String HEIGHT="49"
                          WIDTH="211"
                          VPOS="1621"
                          HPOS="350"
                          CONTENT="substantia,"/>
                  <SP HEIGHT="49" WIDTH="14" VPOS="1621" HPOS="561"/>
                  <String HEIGHT="49"
                          WIDTH="113"
                          VPOS="1621"
                          HPOS="519"
                          CONTENT="quam"/>
                  <SP HEIGHT="49" WIDTH="14" VPOS="1621" HPOS="631"/>
                  <String HEIGHT="49"
                          WIDTH="155"
                          VPOS="1621"
                          HPOS="575"
                          CONTENT="definitio"/>
               </TextLine>
               <TextLine ID="r5l75"
                         BASELINE="1711"
                         HEIGHT="51"
                         WIDTH="491"
                         VPOS="1660"
                         HPOS="232">
                  <String HEIGHT="51"
                          WIDTH="217"
                          VPOS="1660"
                          HPOS="218"
                          CONTENT="significat,"/>
                  <SP HEIGHT="51" WIDTH="14" VPOS="1660" HPOS="434"/>
                  <String HEIGHT="51"
                          WIDTH="101"
                          VPOS="1660"
                          HPOS="391"
                          CONTENT="est"/>
                  <SP HEIGHT="51" WIDTH="14" VPOS="1660" HPOS="492"/>
                  <String HEIGHT="51"
                          WIDTH="202"
                          VPOS="1660"
                          HPOS="449"
                          CONTENT="substantia"/>
                  <SP HEIGHT="51" WIDTH="14" VPOS="1660" HPOS="651"/>
                  <String HEIGHT="51"
                          WIDTH="144"
                          VPOS="1660"
                          HPOS="607"
                          CONTENT="quodam"/>
                  <SP HEIGHT="51" WIDTH="14" VPOS="1660" HPOS="752"/>
                  <String HEIGHT="51" WIDTH="29" VPOS="1660" HPOS="694" CONTENT=""/>
               </TextLine>
               <TextLine ID="r5l77"
                         BASELINE="1750"
                         HEIGHT="56"
                         WIDTH="502"
                         VPOS="1694"
                         HPOS="228">
                  <String HEIGHT="56"
                          WIDTH="129"
                          VPOS="1694"
                          HPOS="214"
                          CONTENT="modo,"/>
                  <SP HEIGHT="56" WIDTH="14" VPOS="1694" HPOS="343"/>
                  <String HEIGHT="56"
                          WIDTH="115"
                          VPOS="1694"
                          HPOS="300"
                          CONTENT="quia"/>
                  <SP HEIGHT="56" WIDTH="14" VPOS="1694" HPOS="414"/>
                  <String HEIGHT="56"
                          WIDTH="100"
                          VPOS="1694"
                          HPOS="371"
                          CONTENT="per"/>
                  <SP HEIGHT="56" WIDTH="14" VPOS="1694" HPOS="472"/>
                  <String HEIGHT="56"
                          WIDTH="129"
                          VPOS="1694"
                          HPOS="429"
                          CONTENT="ipsam"/>
                  <SP HEIGHT="56" WIDTH="14" VPOS="1694" HPOS="558"/>
                  <String HEIGHT="56"
                          WIDTH="100"
                          VPOS="1694"
                          HPOS="515"
                          CONTENT="est"/>
                  <SP HEIGHT="56" WIDTH="14" VPOS="1694" HPOS="615"/>
                  <String HEIGHT="56"
                          WIDTH="172"
                          VPOS="1694"
                          HPOS="558"
                          CONTENT="substantia"/>
               </TextLine>
               <TextLine ID="r5l79"
                         BASELINE="1779"
                         HEIGHT="46"
                         WIDTH="499"
                         VPOS="1733"
                         HPOS="230">
                  <String HEIGHT="46"
                          WIDTH="176"
                          VPOS="1733"
                          HPOS="215"
                          CONTENT="existens"/>
                  <SP HEIGHT="46" WIDTH="15" VPOS="1733" HPOS="391"/>
                  <String HEIGHT="46"
                          WIDTH="103"
                          VPOS="1733"
                          HPOS="347"
                          CONTENT="per"/>
                  <SP HEIGHT="46" WIDTH="15" VPOS="1733" HPOS="450"/>
                  <String HEIGHT="46"
                          WIDTH="103"
                          VPOS="1733"
                          HPOS="406"
                          CONTENT="se:"/>
                  <SP HEIGHT="46" WIDTH="15" VPOS="1733" HPOS="509"/>
                  <String HEIGHT="46" WIDTH="73" VPOS="1733" HPOS="465" CONTENT="&amp;"/>
                  <SP HEIGHT="46" WIDTH="15" VPOS="1733" HPOS="538"/>
                  <String HEIGHT="46"
                          WIDTH="147"
                          VPOS="1733"
                          HPOS="494"
                          CONTENT="quodam"/>
                  <SP HEIGHT="46" WIDTH="15" VPOS="1733" HPOS="641"/>
                  <String HEIGHT="46"
                          WIDTH="117"
                          VPOS="1733"
                          HPOS="597"
                          CONTENT="modo"/>
                  <SP HEIGHT="46" WIDTH="15" VPOS="1733" HPOS="714"/>
                  <String HEIGHT="46" WIDTH="73" VPOS="1733" HPOS="656" CONTENT="non"/>
               </TextLine>
               <TextLine ID="r5l81"
                         BASELINE="1827"
                         HEIGHT="55"
                         WIDTH="495"
                         VPOS="1772"
                         HPOS="233">
                  <String HEIGHT="55"
                          WIDTH="90"
                          VPOS="1772"
                          HPOS="222"
                          CONTENT="est,"/>
                  <SP HEIGHT="55" WIDTH="11" VPOS="1772" HPOS="312"/>
                  <String HEIGHT="55"
                          WIDTH="101"
                          VPOS="1772"
                          HPOS="278"
                          CONTENT="sicut"/>
                  <SP HEIGHT="55" WIDTH="11" VPOS="1772" HPOS="379"/>
                  <String HEIGHT="55"
                          WIDTH="113"
                          VPOS="1772"
                          HPOS="346"
                          CONTENT="illud,"/>
                  <SP HEIGHT="55" WIDTH="11" VPOS="1772" HPOS="458"/>
                  <String HEIGHT="55"
                          WIDTH="90"
                          VPOS="1772"
                          HPOS="424"
                          CONTENT="quod"/>
                  <SP HEIGHT="55" WIDTH="11" VPOS="1772" HPOS="514"/>
                  <String HEIGHT="55"
                          WIDTH="135"
                          VPOS="1772"
                          HPOS="481"
                          CONTENT="existit:"/>
                  <SP HEIGHT="55" WIDTH="11" VPOS="1772" HPOS="616"/>
                  <String HEIGHT="55" WIDTH="79" VPOS="1772" HPOS="582" CONTENT="per"/>
                  <SP HEIGHT="55" WIDTH="11" VPOS="1772" HPOS="661"/>
                  <String HEIGHT="55" WIDTH="79" VPOS="1772" HPOS="627" CONTENT="se,"/>
                  <SP HEIGHT="55" WIDTH="11" VPOS="1772" HPOS="706"/>
                  <String HEIGHT="55"
                          WIDTH="68"
                          VPOS="1772"
                          HPOS="661"
                          CONTENT="quid"/>
               </TextLine>
               <TextLine ID="line_1604537259208_265"
                         BASELINE="1866"
                         HEIGHT="54"
                         WIDTH="502"
                         VPOS="1812"
                         HPOS="232">
                  <String HEIGHT="54" WIDTH="90" VPOS="1812" HPOS="219" CONTENT="est"/>
                  <SP HEIGHT="54" WIDTH="13" VPOS="1812" HPOS="309"/>
                  <String HEIGHT="54" WIDTH="77" VPOS="1812" HPOS="271" CONTENT="in"/>
                  <SP HEIGHT="54" WIDTH="13" VPOS="1812" HPOS="348"/>
                  <String HEIGHT="54"
                          WIDTH="167"
                          VPOS="1812"
                          HPOS="309"
                          CONTENT="subiecto."/>
                  <SP HEIGHT="54" WIDTH="13" VPOS="1812" HPOS="477"/>
                  <String HEIGHT="54" WIDTH="64" VPOS="1812" HPOS="438" CONTENT="&amp;"/>
                  <SP HEIGHT="54" WIDTH="13" VPOS="1812" HPOS="502"/>
                  <String HEIGHT="54"
                          WIDTH="116"
                          VPOS="1812"
                          HPOS="464"
                          CONTENT="forte"/>
                  <SP HEIGHT="54" WIDTH="13" VPOS="1812" HPOS="580"/>
                  <String HEIGHT="54"
                          WIDTH="167"
                          VPOS="1812"
                          HPOS="541"
                          CONTENT="intendit,"/>
                  <SP HEIGHT="54" WIDTH="13" VPOS="1812" HPOS="708"/>
                  <String HEIGHT="54"
                          WIDTH="77"
                          VPOS="1812"
                          HPOS="657"
                          CONTENT="quod"/>
               </TextLine>
            </TextBlock>
            <TextBlock ID="TextRegion_1604537286129_282"
                       HEIGHT="1807"
                       WIDTH="523"
                       VPOS="93"
                       HPOS="753">
               <Shape>
                  <Polygon POINTS="753,93 1276,93 1276,1900 753,1900"/>
               </Shape>
               <TextLine ID="line_1604537276992_276"
                         BASELINE="187"
                         HEIGHT="54"
                         WIDTH="518"
                         VPOS="133"
                         HPOS="763">
                  <String HEIGHT="54"
                          WIDTH="222"
                          VPOS="133"
                          HPOS="748"
                          CONTENT="substantia,"/>
                  <SP HEIGHT="54" WIDTH="15" VPOS="133" HPOS="970"/>
                  <String HEIGHT="54"
                          WIDTH="118"
                          VPOS="133"
                          HPOS="926"
                          CONTENT="quam"/>
                  <SP HEIGHT="54" WIDTH="15" VPOS="133" HPOS="1044"/>
                  <String HEIGHT="54"
                          WIDTH="207"
                          VPOS="133"
                          HPOS="1000"
                          CONTENT="significat"/>
                  <SP HEIGHT="54" WIDTH="15" VPOS="133" HPOS="1207"/>
                  <String HEIGHT="54"
                          WIDTH="133"
                          VPOS="133"
                          HPOS="1148"
                          CONTENT="defini"
                          SUBS_TYPE="HypPart1"
                          SUBS_CONTENT="definitio,"/>
                  <HYP CONTENT="-"/>
               </TextLine>
               <TextLine ID="r5l4"
                         BASELINE="218"
                         HEIGHT="45"
                         WIDTH="508"
                         VPOS="173"
                         HPOS="761">
                  <String HEIGHT="45"
                          WIDTH="113"
                          VPOS="173"
                          HPOS="747"
                          CONTENT="tio,"
                          SUBS_TYPE="HypPart2"
                          SUBS_CONTENT="definitio,"/>
                  <SP HEIGHT="45" WIDTH="14" VPOS="173" HPOS="860"/>
                  <String HEIGHT="45"
                          WIDTH="155"
                          VPOS="173"
                          HPOS="817"
                          CONTENT="quaedam"/>
                  <SP HEIGHT="45" WIDTH="14" VPOS="173" HPOS="973"/>
                  <String HEIGHT="45"
                          WIDTH="141"
                          VPOS="173"
                          HPOS="930"
                          CONTENT="partes"/>
                  <SP HEIGHT="45" WIDTH="14" VPOS="173" HPOS="1071"/>
                  <String HEIGHT="45"
                          WIDTH="113"
                          VPOS="173"
                          HPOS="1029"
                          CONTENT="eius"/>
                  <SP HEIGHT="45" WIDTH="14" VPOS="173" HPOS="1142"/>
                  <String HEIGHT="45"
                          WIDTH="113"
                          VPOS="173"
                          HPOS="1100"
                          CONTENT="sunt"/>
                  <SP HEIGHT="45" WIDTH="14" VPOS="173" HPOS="1213"/>
                  <String HEIGHT="45"
                          WIDTH="113"
                          VPOS="173"
                          HPOS="1156"
                          CONTENT="forma,"/>
               </TextLine>
               <TextLine ID="r5l6"
                         BASELINE="262"
                         HEIGHT="50"
                         WIDTH="501"
                         VPOS="212"
                         HPOS="768">
                  <String HEIGHT="50" WIDTH="78" VPOS="212" HPOS="752" CONTENT="&amp;"/>
                  <SP HEIGHT="50" WIDTH="16" VPOS="212" HPOS="831"/>
                  <String HEIGHT="50"
                          WIDTH="172"
                          VPOS="212"
                          HPOS="784"
                          CONTENT="quaedam"/>
                  <SP HEIGHT="50" WIDTH="16" VPOS="212" HPOS="956"/>
                  <String HEIGHT="50"
                          WIDTH="188"
                          VPOS="212"
                          HPOS="909"
                          CONTENT="materia,"/>
                  <SP HEIGHT="50" WIDTH="16" VPOS="212" HPOS="1097"/>
                  <String HEIGHT="50" WIDTH="94" VPOS="212" HPOS="1050" CONTENT="vt"/>
                  <SP HEIGHT="50" WIDTH="16" VPOS="212" HPOS="1144"/>
                  <String HEIGHT="50"
                          WIDTH="188"
                          VPOS="212"
                          HPOS="1081"
                          CONTENT="declaratum"/>
               </TextLine>
               <TextLine ID="r5l8"
                         BASELINE="298"
                         HEIGHT="48"
                         WIDTH="183"
                         VPOS="250"
                         HPOS="761">
                  <String HEIGHT="48" WIDTH="99" VPOS="250" HPOS="747" CONTENT="est"/>
                  <SP HEIGHT="48" WIDTH="14" VPOS="250" HPOS="845"/>
                  <String HEIGHT="48"
                          WIDTH="155"
                          VPOS="250"
                          HPOS="789"
                          CONTENT="superius,"/>
               </TextLine>
               <TextLine ID="r5l10"
                         BASELINE="345"
                         HEIGHT="59"
                         WIDTH="456"
                         VPOS="286"
                         HPOS="815">
                  <String HEIGHT="59"
                          WIDTH="146"
                          VPOS="286"
                          HPOS="797"
                          CONTENT="Quod"/>
                  <SP HEIGHT="59" WIDTH="18" VPOS="286" HPOS="943"/>
                  <String HEIGHT="59"
                          WIDTH="164"
                          VPOS="286"
                          HPOS="888"
                          CONTENT="autem"/>
                  <SP HEIGHT="59" WIDTH="18" VPOS="286" HPOS="1052"/>
                  <String HEIGHT="59"
                          WIDTH="201"
                          VPOS="286"
                          HPOS="997"
                          CONTENT="materia"/>
                  <SP HEIGHT="59" WIDTH="18" VPOS="286" HPOS="1198"/>
                  <String HEIGHT="59"
                          WIDTH="146"
                          VPOS="286"
                          HPOS="1125"
                          CONTENT="quoque"/>
               </TextLine>
               <TextLine ID="r5l12"
                         BASELINE="388"
                         HEIGHT="55"
                         WIDTH="510"
                         VPOS="333"
                         HPOS="762">
                  <String HEIGHT="55"
                          WIDTH="216"
                          VPOS="333"
                          HPOS="747"
                          CONTENT="substantia"/>
                  <SP HEIGHT="55" WIDTH="15" VPOS="333" HPOS="963"/>
                  <String HEIGHT="55"
                          WIDTH="124"
                          VPOS="333"
                          HPOS="917"
                          CONTENT="est,"/>
                  <SP HEIGHT="55" WIDTH="15" VPOS="333" HPOS="1040"/>
                  <String HEIGHT="55"
                          WIDTH="155"
                          VPOS="333"
                          HPOS="994"
                          CONTENT="patet."/>
                  <SP HEIGHT="55" WIDTH="15" VPOS="333" HPOS="1148"/>
                  <String HEIGHT="55" WIDTH="93" VPOS="333" HPOS="1102" CONTENT="In"/>
                  <SP HEIGHT="55" WIDTH="15" VPOS="333" HPOS="1195"/>
                  <String HEIGHT="55"
                          WIDTH="139"
                          VPOS="333"
                          HPOS="1133"
                          CONTENT="cunctis"/>
               </TextLine>
               <TextLine ID="r5l13"
                         BASELINE="427"
                         HEIGHT="54"
                         WIDTH="505"
                         VPOS="373"
                         HPOS="761">
                  <String HEIGHT="54"
                          WIDTH="163"
                          VPOS="373"
                          HPOS="745"
                          CONTENT="nanque"/>
                  <SP HEIGHT="54" WIDTH="16" VPOS="373" HPOS="908"/>
                  <String HEIGHT="54"
                          WIDTH="212"
                          VPOS="373"
                          HPOS="859"
                          CONTENT="oppositis"/>
                  <SP HEIGHT="54" WIDTH="16" VPOS="373" HPOS="1071"/>
                  <String HEIGHT="54"
                          WIDTH="261"
                          VPOS="373"
                          HPOS="1005"
                          CONTENT="transmutationi"/>
               </TextLine>
               <TextLine ID="r5l15"
                         BASELINE="458"
                         HEIGHT="40"
                         WIDTH="508"
                         VPOS="418"
                         HPOS="763">
                  <String HEIGHT="40" WIDTH="115" VPOS="418" HPOS="747" CONTENT="bus"/>
                  <SP HEIGHT="40" WIDTH="16" VPOS="418" HPOS="861"/>
                  <String HEIGHT="40" WIDTH="115" VPOS="418" HPOS="812" CONTENT="est"/>
                  <SP HEIGHT="40" WIDTH="16" VPOS="418" HPOS="927"/>
                  <String HEIGHT="40"
                          WIDTH="180"
                          VPOS="418"
                          HPOS="878"
                          CONTENT="aliquod"/>
                  <SP HEIGHT="40" WIDTH="16" VPOS="418" HPOS="1058"/>
                  <String HEIGHT="40"
                          WIDTH="279"
                          VPOS="418"
                          HPOS="992"
                          CONTENT="transmutationis"/>
               </TextLine>
               <TextLine ID="r5l17"
                         BASELINE="499"
                         HEIGHT="43"
                         WIDTH="497"
                         VPOS="456"
                         HPOS="765">
                  <String HEIGHT="43"
                          WIDTH="205"
                          VPOS="456"
                          HPOS="750"
                          CONTENT="subiectum."/>
                  <SP HEIGHT="43" WIDTH="15" VPOS="456" HPOS="955"/>
                  <String HEIGHT="43" WIDTH="88" VPOS="456" HPOS="911" CONTENT="vt"/>
                  <SP HEIGHT="43" WIDTH="15" VPOS="456" HPOS="999"/>
                  <String HEIGHT="43"
                          WIDTH="117"
                          VPOS="456"
                          HPOS="955"
                          CONTENT="puta"/>
                  <SP HEIGHT="43" WIDTH="15" VPOS="456" HPOS="1072"/>
                  <String HEIGHT="43"
                          WIDTH="175"
                          VPOS="456"
                          HPOS="1028"
                          CONTENT="secundum"/>
                  <SP HEIGHT="43" WIDTH="15" VPOS="456" HPOS="1204"/>
                  <String HEIGHT="43"
                          WIDTH="117"
                          VPOS="456"
                          HPOS="1145"
                          CONTENT="locum,"/>
               </TextLine>
               <TextLine ID="r5l19"
                         BASELINE="551"
                         HEIGHT="51"
                         WIDTH="495"
                         VPOS="500"
                         HPOS="771">
                  <String HEIGHT="51"
                          WIDTH="120"
                          VPOS="500"
                          HPOS="756"
                          CONTENT="quod"/>
                  <SP HEIGHT="51" WIDTH="15" VPOS="500" HPOS="876"/>
                  <String HEIGHT="51"
                          WIDTH="120"
                          VPOS="500"
                          HPOS="831"
                          CONTENT="nunc"/>
                  <SP HEIGHT="51" WIDTH="15" VPOS="500" HPOS="951"/>
                  <String HEIGHT="51"
                          WIDTH="120"
                          VPOS="500"
                          HPOS="906"
                          CONTENT="hic,"/>
                  <SP HEIGHT="51" WIDTH="15" VPOS="500" HPOS="1026"/>
                  <String HEIGHT="51"
                          WIDTH="150"
                          VPOS="500"
                          HPOS="981"
                          CONTENT="rursus"/>
                  <SP HEIGHT="51" WIDTH="15" VPOS="500" HPOS="1131"/>
                  <String HEIGHT="51"
                          WIDTH="150"
                          VPOS="500"
                          HPOS="1086"
                          CONTENT="alibi."/>
                  <SP HEIGHT="51" WIDTH="15" VPOS="500" HPOS="1236"/>
                  <String HEIGHT="51" WIDTH="75" VPOS="500" HPOS="1191" CONTENT="&amp;"/>
                  <SP HEIGHT="51" WIDTH="15" VPOS="500" HPOS="1266"/>
                  <String HEIGHT="51" WIDTH="60" VPOS="500" HPOS="1206" CONTENT="se"/>
               </TextLine>
               <TextLine ID="r5l21"
                         BASELINE="594"
                         HEIGHT="54"
                         WIDTH="501"
                         VPOS="540"
                         HPOS="764">
                  <String HEIGHT="54"
                          WIDTH="186"
                          VPOS="540"
                          HPOS="745"
                          CONTENT="cundum"/>
                  <SP HEIGHT="54" WIDTH="19" VPOS="540" HPOS="931"/>
                  <String HEIGHT="54"
                          WIDTH="353"
                          VPOS="540"
                          HPOS="875"
                          CONTENT="augmentationem,"/>
                  <SP HEIGHT="54" WIDTH="19" VPOS="540" HPOS="1228"/>
                  <String HEIGHT="54"
                          WIDTH="111"
                          VPOS="540"
                          HPOS="1154"
                          CONTENT="quod"/>
               </TextLine>
               <TextLine ID="r5l23"
                         BASELINE="626"
                         HEIGHT="41"
                         WIDTH="492"
                         VPOS="585"
                         HPOS="764">
                  <String HEIGHT="41"
                          WIDTH="119"
                          VPOS="585"
                          HPOS="749"
                          CONTENT="nunc"/>
                  <SP HEIGHT="41" WIDTH="15" VPOS="585" HPOS="868"/>
                  <String HEIGHT="41"
                          WIDTH="164"
                          VPOS="585"
                          HPOS="824"
                          CONTENT="tantum,"/>
                  <SP HEIGHT="41" WIDTH="15" VPOS="585" HPOS="988"/>
                  <String HEIGHT="41"
                          WIDTH="149"
                          VPOS="585"
                          HPOS="943"
                          CONTENT="rursus"/>
                  <SP HEIGHT="41" WIDTH="15" VPOS="585" HPOS="1092"/>
                  <String HEIGHT="41"
                          WIDTH="134"
                          VPOS="585"
                          HPOS="1047"
                          CONTENT="minus"/>
                  <SP HEIGHT="41" WIDTH="15" VPOS="585" HPOS="1181"/>
                  <String HEIGHT="41"
                          WIDTH="104"
                          VPOS="585"
                          HPOS="1137"
                          CONTENT="aut"/>
                  <SP HEIGHT="41" WIDTH="15" VPOS="585" HPOS="1241"/>
                  <String HEIGHT="41"
                          WIDTH="75"
                          VPOS="585"
                          HPOS="1181"
                          CONTENT="ma"
                          SUBS_TYPE="HypPart1"
                          SUBS_CONTENT="maius."/>
                  <HYP CONTENT="-"/>
               </TextLine>
               <TextLine ID="r5l25"
                         BASELINE="666"
                         HEIGHT="37"
                         WIDTH="502"
                         VPOS="629"
                         HPOS="767">
                  <String HEIGHT="37"
                          WIDTH="103"
                          VPOS="629"
                          HPOS="754"
                          CONTENT="ius."
                          SUBS_TYPE="HypPart2"
                          SUBS_CONTENT="maius."/>
                  <SP HEIGHT="37" WIDTH="13" VPOS="629" HPOS="857"/>
                  <String HEIGHT="37" WIDTH="64" VPOS="629" HPOS="818" CONTENT="&amp;"/>
                  <SP HEIGHT="37" WIDTH="13" VPOS="629" HPOS="883"/>
                  <String HEIGHT="37"
                          WIDTH="154"
                          VPOS="629"
                          HPOS="844"
                          CONTENT="secundum"/>
                  <SP HEIGHT="37" WIDTH="13" VPOS="629" HPOS="999"/>
                  <String HEIGHT="37"
                          WIDTH="219"
                          VPOS="629"
                          HPOS="960"
                          CONTENT="alterationem,"/>
                  <SP HEIGHT="37" WIDTH="13" VPOS="629" HPOS="1179"/>
                  <String HEIGHT="37"
                          WIDTH="103"
                          VPOS="629"
                          HPOS="1140"
                          CONTENT="quod"/>
                  <SP HEIGHT="37" WIDTH="13" VPOS="629" HPOS="1243"/>
                  <String HEIGHT="37"
                          WIDTH="77"
                          VPOS="629"
                          HPOS="1192"
                          CONTENT="nunc"/>
               </TextLine>
               <TextLine ID="r5l27"
                         BASELINE="724"
                         HEIGHT="56"
                         WIDTH="498"
                         VPOS="668"
                         HPOS="766">
                  <String HEIGHT="56"
                          WIDTH="135"
                          VPOS="668"
                          HPOS="753"
                          CONTENT="sanum,"/>
                  <SP HEIGHT="56" WIDTH="13" VPOS="668" HPOS="887"/>
                  <String HEIGHT="56"
                          WIDTH="135"
                          VPOS="668"
                          HPOS="847"
                          CONTENT="rursus"/>
                  <SP HEIGHT="56" WIDTH="13" VPOS="668" HPOS="981"/>
                  <String HEIGHT="56"
                          WIDTH="148"
                          VPOS="668"
                          HPOS="941"
                          CONTENT="aegrum."/>
                  <SP HEIGHT="56" WIDTH="13" VPOS="668" HPOS="1089"/>
                  <String HEIGHT="56"
                          WIDTH="175"
                          VPOS="668"
                          HPOS="1049"
                          CONTENT="similiter"/>
                  <SP HEIGHT="56" WIDTH="13" VPOS="668" HPOS="1224"/>
                  <String HEIGHT="56"
                          WIDTH="94"
                          VPOS="668"
                          HPOS="1170"
                          CONTENT="autem"/>
               </TextLine>
               <TextLine ID="r5l29"
                         BASELINE="754"
                         HEIGHT="45"
                         WIDTH="499"
                         VPOS="709"
                         HPOS="764">
                  <String HEIGHT="45" WIDTH="76" VPOS="709" HPOS="749" CONTENT="&amp;"/>
                  <SP HEIGHT="45" WIDTH="15" VPOS="709" HPOS="824"/>
                  <String HEIGHT="45"
                          WIDTH="181"
                          VPOS="709"
                          HPOS="779"
                          CONTENT="secundum"/>
                  <SP HEIGHT="45" WIDTH="15" VPOS="709" HPOS="961"/>
                  <String HEIGHT="45"
                          WIDTH="242"
                          VPOS="709"
                          HPOS="915"
                          CONTENT="substantiam,"/>
                  <SP HEIGHT="45" WIDTH="15" VPOS="709" HPOS="1157"/>
                  <String HEIGHT="45"
                          WIDTH="121"
                          VPOS="709"
                          HPOS="1112"
                          CONTENT="quod"/>
                  <SP HEIGHT="45" WIDTH="15" VPOS="709" HPOS="1233"/>
                  <String HEIGHT="45"
                          WIDTH="91"
                          VPOS="709"
                          HPOS="1172"
                          CONTENT="nunc"/>
               </TextLine>
               <TextLine ID="r5l31"
                         BASELINE="809"
                         HEIGHT="53"
                         WIDTH="490"
                         VPOS="756"
                         HPOS="769">
                  <String HEIGHT="53" WIDTH="92" VPOS="756" HPOS="754" CONTENT="in"/>
                  <SP HEIGHT="53" WIDTH="15" VPOS="756" HPOS="846"/>
                  <String HEIGHT="53"
                          WIDTH="245"
                          VPOS="756"
                          HPOS="800"
                          CONTENT="generatione,"/>
                  <SP HEIGHT="53" WIDTH="15" VPOS="756" HPOS="1045"/>
                  <String HEIGHT="53"
                          WIDTH="153"
                          VPOS="756"
                          HPOS="999"
                          CONTENT="rursus"/>
                  <SP HEIGHT="53" WIDTH="15" VPOS="756" HPOS="1152"/>
                  <String HEIGHT="53" WIDTH="92" VPOS="756" HPOS="1106" CONTENT="in"/>
                  <SP HEIGHT="53" WIDTH="15" VPOS="756" HPOS="1198"/>
                  <String HEIGHT="53"
                          WIDTH="123"
                          VPOS="756"
                          HPOS="1137"
                          CONTENT="corru"
                          SUBS_TYPE="HypPart1"
                          SUBS_CONTENT="corruptione."/>
                  <HYP CONTENT="-"/>
               </TextLine>
               <TextLine ID="r5l33"
                         BASELINE="843"
                         HEIGHT="45"
                         WIDTH="480"
                         VPOS="798"
                         HPOS="772">
                  <String HEIGHT="45"
                          WIDTH="170"
                          VPOS="798"
                          HPOS="757"
                          CONTENT="ptione."
                          SUBS_TYPE="HypPart2"
                          SUBS_CONTENT="corruptione."/>
                  <SP HEIGHT="45" WIDTH="15" VPOS="798" HPOS="927"/>
                  <String HEIGHT="45" WIDTH="77" VPOS="798" HPOS="880" CONTENT="&amp;"/>
                  <SP HEIGHT="45" WIDTH="15" VPOS="798" HPOS="958"/>
                  <String HEIGHT="45"
                          WIDTH="124"
                          VPOS="798"
                          HPOS="911"
                          CONTENT="nunc"/>
                  <SP HEIGHT="45" WIDTH="15" VPOS="798" HPOS="1035"/>
                  <String HEIGHT="45"
                          WIDTH="155"
                          VPOS="798"
                          HPOS="989"
                          CONTENT="quidem"/>
                  <SP HEIGHT="45" WIDTH="15" VPOS="798" HPOS="1144"/>
                  <String HEIGHT="45"
                          WIDTH="170"
                          VPOS="798"
                          HPOS="1082"
                          CONTENT="subiectum"/>
               </TextLine>
               <TextLine ID="r5l35"
                         BASELINE="890"
                         HEIGHT="54"
                         WIDTH="497"
                         VPOS="836"
                         HPOS="765">
                  <String HEIGHT="54" WIDTH="99" VPOS="836" HPOS="748" CONTENT="vt"/>
                  <SP HEIGHT="54" WIDTH="17" VPOS="836" HPOS="848"/>
                  <String HEIGHT="54"
                          WIDTH="133"
                          VPOS="836"
                          HPOS="798"
                          CONTENT="quod"/>
                  <SP HEIGHT="54" WIDTH="17" VPOS="836" HPOS="931"/>
                  <String HEIGHT="54"
                          WIDTH="149"
                          VPOS="836"
                          HPOS="881"
                          CONTENT="quid,"/>
                  <SP HEIGHT="54" WIDTH="17" VPOS="836" HPOS="1030"/>
                  <String HEIGHT="54"
                          WIDTH="166"
                          VPOS="836"
                          HPOS="980"
                          CONTENT="rursus"/>
                  <SP HEIGHT="54" WIDTH="17" VPOS="836" HPOS="1146"/>
                  <String HEIGHT="54"
                          WIDTH="149"
                          VPOS="836"
                          HPOS="1096"
                          CONTENT="autem"/>
                  <SP HEIGHT="54" WIDTH="17" VPOS="836" HPOS="1245"/>
                  <String HEIGHT="54" WIDTH="83" VPOS="836" HPOS="1179" CONTENT="sub"/>
               </TextLine>
               <TextLine ID="r5l38"
                         BASELINE="923"
                         HEIGHT="45"
                         WIDTH="496"
                         VPOS="878"
                         HPOS="767">
                  <String HEIGHT="45"
                          WIDTH="156"
                          VPOS="878"
                          HPOS="753"
                          CONTENT="iectum,"/>
                  <SP HEIGHT="45" WIDTH="14" VPOS="878" HPOS="909"/>
                  <String HEIGHT="45" WIDTH="85" VPOS="878" HPOS="866" CONTENT="vt"/>
                  <SP HEIGHT="45" WIDTH="14" VPOS="878" HPOS="951"/>
                  <String HEIGHT="45"
                          WIDTH="170"
                          VPOS="878"
                          HPOS="909"
                          CONTENT="secundum"/>
                  <SP HEIGHT="45" WIDTH="14" VPOS="878" HPOS="1079"/>
                  <String HEIGHT="45"
                          WIDTH="227"
                          VPOS="878"
                          HPOS="1036"
                          CONTENT="priuationem."/>
                  <SP HEIGHT="45" WIDTH="14" VPOS="878" HPOS="1263"/>
                  <String HEIGHT="45" WIDTH="57" VPOS="878" HPOS="1206" CONTENT="Et"/>
               </TextLine>
               <TextLine ID="r5l40"
                         BASELINE="962"
                         HEIGHT="36"
                         WIDTH="490"
                         VPOS="926"
                         HPOS="765">
                  <String HEIGHT="36"
                          WIDTH="193"
                          VPOS="926"
                          HPOS="750"
                          CONTENT="sequuntur"/>
                  <SP HEIGHT="36" WIDTH="15" VPOS="926" HPOS="943"/>
                  <String HEIGHT="36"
                          WIDTH="119"
                          VPOS="926"
                          HPOS="899"
                          CONTENT="hanc"/>
                  <SP HEIGHT="36" WIDTH="15" VPOS="926" HPOS="1017"/>
                  <String HEIGHT="36"
                          WIDTH="134"
                          VPOS="926"
                          HPOS="973"
                          CONTENT="etiam"/>
                  <SP HEIGHT="36" WIDTH="15" VPOS="926" HPOS="1107"/>
                  <String HEIGHT="36"
                          WIDTH="134"
                          VPOS="926"
                          HPOS="1062"
                          CONTENT="aliae"/>
                  <SP HEIGHT="36" WIDTH="15" VPOS="926" HPOS="1196"/>
                  <String HEIGHT="36"
                          WIDTH="119"
                          VPOS="926"
                          HPOS="1136"
                          CONTENT="trans"
                          SUBS_TYPE="HypPart1"
                          SUBS_CONTENT="transmutationes."/>
                  <HYP CONTENT="-"/>
               </TextLine>
               <TextLine ID="r5l42"
                         BASELINE="1013"
                         HEIGHT="41"
                         WIDTH="496"
                         VPOS="972"
                         HPOS="766">
                  <String HEIGHT="41"
                          WIDTH="233"
                          VPOS="972"
                          HPOS="751"
                          CONTENT="mutationes."
                          SUBS_TYPE="HypPart2"
                          SUBS_CONTENT="transmutationes."/>
                  <SP HEIGHT="41" WIDTH="16" VPOS="972" HPOS="983"/>
                  <String HEIGHT="41"
                          WIDTH="217"
                          VPOS="972"
                          HPOS="937"
                          CONTENT="caeterarum"/>
                  <SP HEIGHT="41" WIDTH="16" VPOS="972" HPOS="1154"/>
                  <String HEIGHT="41"
                          WIDTH="140"
                          VPOS="972"
                          HPOS="1107"
                          CONTENT="vero,"/>
                  <SP HEIGHT="41" WIDTH="16" VPOS="972" HPOS="1247"/>
                  <String HEIGHT="41" WIDTH="78" VPOS="972" HPOS="1185" CONTENT="aut"/>
               </TextLine>
               <TextLine ID="r5l44"
                         BASELINE="1058"
                         HEIGHT="54"
                         WIDTH="491"
                         VPOS="1004"
                         HPOS="772">
                  <String HEIGHT="54"
                          WIDTH="134"
                          VPOS="1004"
                          HPOS="757"
                          CONTENT="vnam,"/>
                  <SP HEIGHT="54" WIDTH="15" VPOS="1004" HPOS="891"/>
                  <String HEIGHT="54"
                          WIDTH="104"
                          VPOS="1004"
                          HPOS="846"
                          CONTENT="aut"/>
                  <SP HEIGHT="54" WIDTH="15" VPOS="1004" HPOS="951"/>
                  <String HEIGHT="54"
                          WIDTH="119"
                          VPOS="1004"
                          HPOS="906"
                          CONTENT="duas"/>
                  <SP HEIGHT="54" WIDTH="15" VPOS="1004" HPOS="1025"/>
                  <String HEIGHT="54"
                          WIDTH="119"
                          VPOS="1004"
                          HPOS="980"
                          CONTENT="haec"/>
                  <SP HEIGHT="54" WIDTH="15" VPOS="1004" HPOS="1099"/>
                  <String HEIGHT="54"
                          WIDTH="104"
                          VPOS="1004"
                          HPOS="1055"
                          CONTENT="non"/>
                  <SP HEIGHT="54" WIDTH="15" VPOS="1004" HPOS="1159"/>
                  <String HEIGHT="54"
                          WIDTH="164"
                          VPOS="1004"
                          HPOS="1099"
                          CONTENT="sequitur,"/>
               </TextLine>
               <TextLine ID="r5l46"
                         BASELINE="1090"
                         HEIGHT="44"
                         WIDTH="496"
                         VPOS="1046"
                         HPOS="761">
                  <String HEIGHT="44"
                          WIDTH="105"
                          VPOS="1046"
                          HPOS="746"
                          CONTENT="non"/>
                  <SP HEIGHT="44" WIDTH="15" VPOS="1046" HPOS="851"/>
                  <String HEIGHT="44"
                          WIDTH="120"
                          VPOS="1046"
                          HPOS="806"
                          CONTENT="enim"/>
                  <SP HEIGHT="44" WIDTH="15" VPOS="1046" HPOS="926"/>
                  <String HEIGHT="44"
                          WIDTH="105"
                          VPOS="1046"
                          HPOS="881"
                          CONTENT="est"/>
                  <SP HEIGHT="44" WIDTH="15" VPOS="1046" HPOS="986"/>
                  <String HEIGHT="44"
                          WIDTH="180"
                          VPOS="1046"
                          HPOS="941"
                          CONTENT="necesse,"/>
                  <SP HEIGHT="44" WIDTH="15" VPOS="1046" HPOS="1122"/>
                  <String HEIGHT="44"
                          WIDTH="150"
                          VPOS="1046"
                          HPOS="1077"
                          CONTENT="siquid"/>
                  <SP HEIGHT="44" WIDTH="15" VPOS="1046" HPOS="1227"/>
                  <String HEIGHT="44"
                          WIDTH="90"
                          VPOS="1046"
                          HPOS="1167"
                          CONTENT="mate"/>
               </TextLine>
               <TextLine ID="r5l48"
                         BASELINE="1130"
                         HEIGHT="30"
                         WIDTH="495"
                         VPOS="1100"
                         HPOS="768">
                  <String HEIGHT="30"
                          WIDTH="132"
                          VPOS="1100"
                          HPOS="752"
                          CONTENT="riam"/>
                  <SP HEIGHT="30" WIDTH="17" VPOS="1100" HPOS="884"/>
                  <String HEIGHT="30"
                          WIDTH="149"
                          VPOS="1100"
                          HPOS="834"
                          CONTENT="habet"/>
                  <SP HEIGHT="30" WIDTH="17" VPOS="1100" HPOS="983"/>
                  <String HEIGHT="30"
                          WIDTH="198"
                          VPOS="1100"
                          HPOS="933"
                          CONTENT="localem,"/>
                  <SP HEIGHT="30" WIDTH="17" VPOS="1100" HPOS="1131"/>
                  <String HEIGHT="30"
                          WIDTH="116"
                          VPOS="1100"
                          HPOS="1082"
                          CONTENT="hoc"/>
                  <SP HEIGHT="30" WIDTH="17" VPOS="1100" HPOS="1197"/>
                  <String HEIGHT="30"
                          WIDTH="132"
                          VPOS="1100"
                          HPOS="1131"
                          CONTENT="genera"/>
               </TextLine>
               <TextLine ID="r5l50"
                         BASELINE="1187"
                         HEIGHT="54"
                         WIDTH="489"
                         VPOS="1133"
                         HPOS="766">
                  <String HEIGHT="54"
                          WIDTH="142"
                          VPOS="1133"
                          HPOS="750"
                          CONTENT="bilem"/>
                  <SP HEIGHT="54" WIDTH="16" VPOS="1133" HPOS="892"/>
                  <String HEIGHT="54"
                          WIDTH="142"
                          VPOS="1133"
                          HPOS="845"
                          CONTENT="etiam"/>
                  <SP HEIGHT="54" WIDTH="16" VPOS="1133" HPOS="987"/>
                  <String HEIGHT="54" WIDTH="79" VPOS="1133" HPOS="940" CONTENT="&amp;"/>
                  <SP HEIGHT="54" WIDTH="16" VPOS="1133" HPOS="1018"/>
                  <String HEIGHT="54"
                          WIDTH="268"
                          VPOS="1133"
                          HPOS="971"
                          CONTENT="corruptibilem"/>
                  <SP HEIGHT="54" WIDTH="16" VPOS="1133" HPOS="1239"/>
                  <String HEIGHT="54"
                          WIDTH="79"
                          VPOS="1133"
                          HPOS="1176"
                          CONTENT="ha"
                          SUBS_TYPE="HypPart1"
                          SUBS_CONTENT="habere."/>
                  <HYP CONTENT="-"/>
               </TextLine>
               <TextLine ID="r5l52"
                         BASELINE="1218"
                         HEIGHT="46"
                         WIDTH="490"
                         VPOS="1172"
                         HPOS="760">
                  <String HEIGHT="46"
                          WIDTH="147"
                          VPOS="1172"
                          HPOS="744"
                          CONTENT="bere."
                          SUBS_TYPE="HypPart2"
                          SUBS_CONTENT="habere."/>
                  <SP HEIGHT="46" WIDTH="16" VPOS="1172" HPOS="891"/>
                  <String HEIGHT="46"
                          WIDTH="147"
                          VPOS="1172"
                          HPOS="842"
                          CONTENT="Verum"/>
                  <SP HEIGHT="46" WIDTH="16" VPOS="1172" HPOS="989"/>
                  <String HEIGHT="46"
                          WIDTH="131"
                          VPOS="1172"
                          HPOS="940"
                          CONTENT="quae"/>
                  <SP HEIGHT="46" WIDTH="16" VPOS="1172" HPOS="1070"/>
                  <String HEIGHT="46"
                          WIDTH="147"
                          VPOS="1172"
                          HPOS="1021"
                          CONTENT="inter"/>
                  <SP HEIGHT="46" WIDTH="16" VPOS="1172" HPOS="1168"/>
                  <String HEIGHT="46"
                          WIDTH="147"
                          VPOS="1172"
                          HPOS="1103"
                          CONTENT="simplio"/>
               </TextLine>
               <TextLine ID="r5l54"
                         BASELINE="1258"
                         HEIGHT="37"
                         WIDTH="485"
                         VPOS="1221"
                         HPOS="768">
                  <String HEIGHT="37" WIDTH="87" VPOS="1221" HPOS="756" CONTENT="ter"/>
                  <SP HEIGHT="37" WIDTH="12" VPOS="1221" HPOS="843"/>
                  <String HEIGHT="37"
                          WIDTH="124"
                          VPOS="1221"
                          HPOS="805"
                          CONTENT="fieri,"/>
                  <SP HEIGHT="37" WIDTH="12" VPOS="1221" HPOS="930"/>
                  <String HEIGHT="37" WIDTH="62" VPOS="1221" HPOS="892" CONTENT="&amp;"/>
                  <SP HEIGHT="37" WIDTH="12" VPOS="1221" HPOS="955"/>
                  <String HEIGHT="37" WIDTH="87" VPOS="1221" HPOS="917" CONTENT="non"/>
                  <SP HEIGHT="37" WIDTH="12" VPOS="1221" HPOS="1004"/>
                  <String HEIGHT="37"
                          WIDTH="187"
                          VPOS="1221"
                          HPOS="967"
                          CONTENT="simpliciter"/>
                  <SP HEIGHT="37" WIDTH="12" VPOS="1221" HPOS="1154"/>
                  <String HEIGHT="37"
                          WIDTH="149"
                          VPOS="1221"
                          HPOS="1104"
                          CONTENT="differenti"/>
               </TextLine>
               <TextLine ID="r5l56"
                         BASELINE="1314"
                         HEIGHT="55"
                         WIDTH="413"
                         VPOS="1259"
                         HPOS="762">
                  <String HEIGHT="55"
                          WIDTH="118"
                          VPOS="1259"
                          HPOS="747"
                          CONTENT="sit,"/>
                  <SP HEIGHT="55" WIDTH="15" VPOS="1259" HPOS="865"/>
                  <String HEIGHT="55" WIDTH="89" VPOS="1259" HPOS="821" CONTENT="in"/>
                  <SP HEIGHT="55" WIDTH="15" VPOS="1259" HPOS="910"/>
                  <String HEIGHT="55"
                          WIDTH="177"
                          VPOS="1259"
                          HPOS="865"
                          CONTENT="Physicis"/>
                  <SP HEIGHT="55" WIDTH="15" VPOS="1259" HPOS="1042"/>
                  <String HEIGHT="55"
                          WIDTH="148"
                          VPOS="1259"
                          HPOS="998"
                          CONTENT="dictum"/>
                  <SP HEIGHT="55" WIDTH="15" VPOS="1259" HPOS="1146"/>
                  <String HEIGHT="55"
                          WIDTH="89"
                          VPOS="1259"
                          HPOS="1087"
                          CONTENT="est."/>
               </TextLine>
               <TextLine ID="r5l59"
                         BASELINE="1386"
                         HEIGHT="62"
                         WIDTH="440"
                         VPOS="1324"
                         HPOS="813">
                  <String HEIGHT="62" WIDTH="98" VPOS="1324" HPOS="797" CONTENT="Et"/>
                  <SP HEIGHT="62" WIDTH="16" VPOS="1324" HPOS="894"/>
                  <String HEIGHT="62"
                          WIDTH="228"
                          VPOS="1324"
                          HPOS="846"
                          CONTENT="manifestum"/>
                  <SP HEIGHT="62" WIDTH="16" VPOS="1324" HPOS="1074"/>
                  <String HEIGHT="62"
                          WIDTH="130"
                          VPOS="1324"
                          HPOS="1025"
                          CONTENT="est,"/>
                  <SP HEIGHT="62" WIDTH="16" VPOS="1324" HPOS="1155"/>
                  <String HEIGHT="62"
                          WIDTH="130"
                          VPOS="1324"
                          HPOS="1106"
                          CONTENT="quod"/>
                  <SP HEIGHT="62" WIDTH="16" VPOS="1324" HPOS="1237"/>
                  <String HEIGHT="62"
                          WIDTH="81"
                          VPOS="1324"
                          HPOS="1172"
                          CONTENT="mat"/>
               </TextLine>
               <TextLine ID="r5l61"
                         BASELINE="1436"
                         HEIGHT="63"
                         WIDTH="488"
                         VPOS="1373"
                         HPOS="765">
                  <String HEIGHT="63" WIDTH="95" VPOS="1373" HPOS="751" CONTENT="ria"/>
                  <SP HEIGHT="63" WIDTH="14" VPOS="1373" HPOS="846"/>
                  <String HEIGHT="63" WIDTH="95" VPOS="1373" HPOS="806" CONTENT="est"/>
                  <SP HEIGHT="63" WIDTH="14" VPOS="1373" HPOS="901"/>
                  <String HEIGHT="63"
                          WIDTH="203"
                          VPOS="1373"
                          HPOS="860"
                          CONTENT="substantia."/>
                  <SP HEIGHT="63" WIDTH="14" VPOS="1373" HPOS="1063"/>
                  <String HEIGHT="63"
                          WIDTH="122"
                          VPOS="1373"
                          HPOS="1023"
                          CONTENT="omnes"/>
                  <SP HEIGHT="63" WIDTH="14" VPOS="1373" HPOS="1145"/>
                  <String HEIGHT="63"
                          WIDTH="108"
                          VPOS="1373"
                          HPOS="1104"
                          CONTENT="enim"/>
                  <SP HEIGHT="63" WIDTH="14" VPOS="1373" HPOS="1212"/>
                  <String HEIGHT="63"
                          WIDTH="95"
                          VPOS="1373"
                          HPOS="1158"
                          CONTENT="tran"
                          SUBS_TYPE="HypPart1"
                          SUBS_CONTENT="tranmutationes"/>
                  <HYP CONTENT="-"/>
               </TextLine>
               <TextLine ID="r5l64"
                         BASELINE="1482"
                         HEIGHT="61"
                         WIDTH="500"
                         VPOS="1421"
                         HPOS="767">
                  <String HEIGHT="61"
                          WIDTH="200"
                          VPOS="1421"
                          HPOS="753"
                          CONTENT="mutationes"
                          SUBS_TYPE="HypPart2"
                          SUBS_CONTENT="tranmutationes"/>
                  <SP HEIGHT="61" WIDTH="14" VPOS="1421" HPOS="953"/>
                  <String HEIGHT="61"
                          WIDTH="186"
                          VPOS="1421"
                          HPOS="910"
                          CONTENT="oppositae"/>
                  <SP HEIGHT="61" WIDTH="14" VPOS="1421" HPOS="1096"/>
                  <String HEIGHT="61" WIDTH="86" VPOS="1421" HPOS="1053" CONTENT="in"/>
                  <SP HEIGHT="61" WIDTH="14" VPOS="1421" HPOS="1138"/>
                  <String HEIGHT="61"
                          WIDTH="114"
                          VPOS="1421"
                          HPOS="1096"
                          CONTENT="situ"/>
                  <SP HEIGHT="61" WIDTH="14" VPOS="1421" HPOS="1210"/>
                  <String HEIGHT="61"
                          WIDTH="114"
                          VPOS="1421"
                          HPOS="1153"
                          CONTENT="habent"/>
               </TextLine>
               <TextLine ID="r5l66"
                         BASELINE="1530"
                         HEIGHT="62"
                         WIDTH="507"
                         VPOS="1468"
                         HPOS="756">
                  <String HEIGHT="62"
                          WIDTH="194"
                          VPOS="1468"
                          HPOS="741"
                          CONTENT="subiectum"/>
                  <SP HEIGHT="62" WIDTH="15" VPOS="1468" HPOS="935"/>
                  <String HEIGHT="62"
                          WIDTH="149"
                          VPOS="1468"
                          HPOS="890"
                          CONTENT="fixum,"/>
                  <SP HEIGHT="62" WIDTH="15" VPOS="1468" HPOS="1039"/>
                  <String HEIGHT="62"
                          WIDTH="134"
                          VPOS="1468"
                          HPOS="995"
                          CONTENT="sicut"/>
                  <SP HEIGHT="62" WIDTH="15" VPOS="1468" HPOS="1129"/>
                  <String HEIGHT="62"
                          WIDTH="104"
                          VPOS="1468"
                          HPOS="1084"
                          CONTENT="est"/>
                  <SP HEIGHT="62" WIDTH="15" VPOS="1468" HPOS="1188"/>
                  <String HEIGHT="62"
                          WIDTH="149"
                          VPOS="1468"
                          HPOS="1144"
                          CONTENT="illud,"/>
                  <SP HEIGHT="62" WIDTH="15" VPOS="1468" HPOS="1293"/>
                  <String HEIGHT="62" WIDTH="30" VPOS="1468" HPOS="1233" CONTENT=""/>
               </TextLine>
               <TextLine ID="r5l68"
                         BASELINE="1579"
                         HEIGHT="63"
                         WIDTH="495"
                         VPOS="1516"
                         HPOS="764">
                  <String HEIGHT="63"
                          WIDTH="94"
                          VPOS="1516"
                          HPOS="752"
                          CONTENT="quod"/>
                  <SP HEIGHT="63" WIDTH="12" VPOS="1516" HPOS="846"/>
                  <String HEIGHT="63" WIDTH="83" VPOS="1516" HPOS="811" CONTENT="est"/>
                  <SP HEIGHT="63" WIDTH="12" VPOS="1516" HPOS="894"/>
                  <String HEIGHT="63" WIDTH="71" VPOS="1516" HPOS="858" CONTENT="in"/>
                  <SP HEIGHT="63" WIDTH="12" VPOS="1516" HPOS="929"/>
                  <String HEIGHT="63"
                          WIDTH="106"
                          VPOS="1516"
                          HPOS="894"
                          CONTENT="loco."/>
                  <SP HEIGHT="63" WIDTH="12" VPOS="1516" HPOS="1000"/>
                  <String HEIGHT="63"
                          WIDTH="106"
                          VPOS="1516"
                          HPOS="964"
                          CONTENT="illud"/>
                  <SP HEIGHT="63" WIDTH="12" VPOS="1516" HPOS="1070"/>
                  <String HEIGHT="63"
                          WIDTH="94"
                          VPOS="1516"
                          HPOS="1035"
                          CONTENT="enim"/>
                  <SP HEIGHT="63" WIDTH="12" VPOS="1516" HPOS="1129"/>
                  <String HEIGHT="63"
                          WIDTH="94"
                          VPOS="1516"
                          HPOS="1094"
                          CONTENT="quod"/>
                  <SP HEIGHT="63" WIDTH="12" VPOS="1516" HPOS="1188"/>
                  <String HEIGHT="63"
                          WIDTH="83"
                          VPOS="1516"
                          HPOS="1153"
                          CONTENT="est"/>
                  <SP HEIGHT="63" WIDTH="12" VPOS="1516" HPOS="1235"/>
                  <String HEIGHT="63"
                          WIDTH="71"
                          VPOS="1516"
                          HPOS="1188"
                          CONTENT="nuc,"/>
               </TextLine>
               <TextLine ID="r5l71"
                         BASELINE="1626"
                         HEIGHT="61"
                         WIDTH="487"
                         VPOS="1565"
                         HPOS="760">
                  <String HEIGHT="61"
                          WIDTH="118"
                          VPOS="1565"
                          HPOS="745"
                          CONTENT="fiet"/>
                  <SP HEIGHT="61" WIDTH="15" VPOS="1565" HPOS="863"/>
                  <String HEIGHT="61"
                          WIDTH="133"
                          VPOS="1565"
                          HPOS="819"
                          CONTENT="etiam"/>
                  <SP HEIGHT="61" WIDTH="15" VPOS="1565" HPOS="952"/>
                  <String HEIGHT="61"
                          WIDTH="133"
                          VPOS="1565"
                          HPOS="908"
                          CONTENT="alius"/>
                  <SP HEIGHT="61" WIDTH="15" VPOS="1565" HPOS="1040"/>
                  <String HEIGHT="61"
                          WIDTH="148"
                          VPOS="1565"
                          HPOS="996"
                          CONTENT="locus."/>
                  <SP HEIGHT="61" WIDTH="15" VPOS="1565" HPOS="1144"/>
                  <String HEIGHT="61" WIDTH="74" VPOS="1565" HPOS="1099" CONTENT="&amp;"/>
                  <SP HEIGHT="61" WIDTH="15" VPOS="1565" HPOS="1173"/>
                  <String HEIGHT="61"
                          WIDTH="118"
                          VPOS="1565"
                          HPOS="1129"
                          CONTENT="inre"/>
                  <SP HEIGHT="61" WIDTH="15" VPOS="1565" HPOS="1247"/>
                  <String HEIGHT="61" WIDTH="59" VPOS="1565" HPOS="1188" CONTENT="et"/>
               </TextLine>
               <TextLine ID="r5l74"
                         BASELINE="1674"
                         HEIGHT="61"
                         WIDTH="498"
                         VPOS="1613"
                         HPOS="771">
                  <String HEIGHT="61"
                          WIDTH="117"
                          VPOS="1613"
                          HPOS="756"
                          CONTENT="quae"/>
                  <SP HEIGHT="61" WIDTH="15" VPOS="1613" HPOS="874"/>
                  <String HEIGHT="61"
                          WIDTH="103"
                          VPOS="1613"
                          HPOS="830"
                          CONTENT="est"/>
                  <SP HEIGHT="61" WIDTH="15" VPOS="1613" HPOS="932"/>
                  <String HEIGHT="61"
                          WIDTH="117"
                          VPOS="1613"
                          HPOS="888"
                          CONTENT="tunc"/>
                  <SP HEIGHT="61" WIDTH="15" VPOS="1613" HPOS="1005"/>
                  <String HEIGHT="61" WIDTH="88" VPOS="1613" HPOS="961" CONTENT="se"/>
                  <SP HEIGHT="61" WIDTH="15" VPOS="1613" HPOS="1049"/>
                  <String HEIGHT="61"
                          WIDTH="146"
                          VPOS="1613"
                          HPOS="1005"
                          CONTENT="cundum"/>
                  <SP HEIGHT="61" WIDTH="15" VPOS="1613" HPOS="1152"/>
                  <String HEIGHT="61"
                          WIDTH="117"
                          VPOS="1613"
                          HPOS="1108"
                          CONTENT="hanc"/>
                  <SP HEIGHT="61" WIDTH="15" VPOS="1613" HPOS="1225"/>
                  <String HEIGHT="61"
                          WIDTH="117"
                          VPOS="1613"
                          HPOS="1181"
                          CONTENT="quan"/>
                  <SP HEIGHT="61" WIDTH="15" VPOS="1613" HPOS="1298"/>
                  <String HEIGHT="61" WIDTH="29" VPOS="1613" HPOS="1240" CONTENT=""/>
               </TextLine>
               <TextLine ID="r5l76"
                         BASELINE="1722"
                         HEIGHT="61"
                         WIDTH="486"
                         VPOS="1661"
                         HPOS="766">
                  <String HEIGHT="61"
                          WIDTH="158"
                          VPOS="1661"
                          HPOS="753"
                          CONTENT="titatem,"/>
                  <SP HEIGHT="61" WIDTH="13" VPOS="1661" HPOS="910"/>
                  <String HEIGHT="61"
                          WIDTH="105"
                          VPOS="1661"
                          HPOS="871"
                          CONTENT="fiet"/>
                  <SP HEIGHT="61" WIDTH="13" VPOS="1661" HPOS="976"/>
                  <String HEIGHT="61"
                          WIDTH="118"
                          VPOS="1661"
                          HPOS="937"
                          CONTENT="etiam"/>
                  <SP HEIGHT="61" WIDTH="13" VPOS="1661" HPOS="1055"/>
                  <String HEIGHT="61"
                          WIDTH="131"
                          VPOS="1661"
                          HPOS="1016"
                          CONTENT="minor,"/>
                  <SP HEIGHT="61" WIDTH="13" VPOS="1661" HPOS="1147"/>
                  <String HEIGHT="61"
                          WIDTH="92"
                          VPOS="1661"
                          HPOS="1108"
                          CONTENT="aut"/>
                  <SP HEIGHT="61" WIDTH="13" VPOS="1661" HPOS="1199"/>
                  <String HEIGHT="61"
                          WIDTH="118"
                          VPOS="1661"
                          HPOS="1160"
                          CONTENT="maior"/>
                  <SP HEIGHT="61" WIDTH="13" VPOS="1661" HPOS="1278"/>
                  <String HEIGHT="61" WIDTH="26" VPOS="1661" HPOS="1226" CONTENT=""/>
               </TextLine>
               <TextLine ID="r5l78"
                         BASELINE="1770"
                         HEIGHT="61"
                         WIDTH="493"
                         VPOS="1709"
                         HPOS="768">
                  <String HEIGHT="61" WIDTH="77" VPOS="1709" HPOS="753" CONTENT="&amp;"/>
                  <SP HEIGHT="61" WIDTH="15" VPOS="1709" HPOS="830"/>
                  <String HEIGHT="61" WIDTH="92" VPOS="1709" HPOS="783" CONTENT="in"/>
                  <SP HEIGHT="61" WIDTH="15" VPOS="1709" HPOS="876"/>
                  <String HEIGHT="61"
                          WIDTH="277"
                          VPOS="1709"
                          HPOS="830"
                          CONTENT="transmutatione"/>
                  <SP HEIGHT="61" WIDTH="15" VPOS="1709" HPOS="1107"/>
                  <String HEIGHT="61"
                          WIDTH="108"
                          VPOS="1709"
                          HPOS="1061"
                          CONTENT="est"/>
                  <SP HEIGHT="61" WIDTH="15" VPOS="1709" HPOS="1169"/>
                  <String HEIGHT="61"
                          WIDTH="154"
                          VPOS="1709"
                          HPOS="1107"
                          CONTENT="aliquid,"/>
               </TextLine>
               <TextLine ID="r5l80"
                         BASELINE="1818"
                         HEIGHT="58"
                         WIDTH="496"
                         VPOS="1760"
                         HPOS="766">
                  <String HEIGHT="58"
                          WIDTH="128"
                          VPOS="1760"
                          HPOS="750"
                          CONTENT="quod"/>
                  <SP HEIGHT="58" WIDTH="16" VPOS="1760" HPOS="878"/>
                  <String HEIGHT="58"
                          WIDTH="128"
                          VPOS="1760"
                          HPOS="830"
                          CONTENT="modo"/>
                  <SP HEIGHT="58" WIDTH="16" VPOS="1760" HPOS="958"/>
                  <String HEIGHT="58"
                          WIDTH="112"
                          VPOS="1760"
                          HPOS="910"
                          CONTENT="est"/>
                  <SP HEIGHT="58" WIDTH="16" VPOS="1760" HPOS="1022"/>
                  <String HEIGHT="58"
                          WIDTH="160"
                          VPOS="1760"
                          HPOS="974"
                          CONTENT="sanum,"/>
                  <SP HEIGHT="58" WIDTH="16" VPOS="1760" HPOS="1134"/>
                  <String HEIGHT="58"
                          WIDTH="128"
                          VPOS="1760"
                          HPOS="1086"
                          CONTENT="quod"/>
                  <SP HEIGHT="58" WIDTH="16" VPOS="1760" HPOS="1214"/>
                  <String HEIGHT="58"
                          WIDTH="112"
                          VPOS="1760"
                          HPOS="1150"
                          CONTENT="etiam"/>
               </TextLine>
               <TextLine ID="r5l83"
                         BASELINE="1874"
                         HEIGHT="70"
                         WIDTH="506"
                         VPOS="1804"
                         HPOS="762">
                  <String HEIGHT="70"
                          WIDTH="169"
                          VPOS="1804"
                          HPOS="747"
                          CONTENT="aegrum."/>
                  <SP HEIGHT="70" WIDTH="15" VPOS="1804" HPOS="915"/>
                  <String HEIGHT="70" WIDTH="77" VPOS="1804" HPOS="869" CONTENT="&amp;"/>
                  <SP HEIGHT="70" WIDTH="15" VPOS="1804" HPOS="946"/>
                  <String HEIGHT="70"
                          WIDTH="199"
                          VPOS="1804"
                          HPOS="900"
                          CONTENT="similiter"/>
                  <SP HEIGHT="70" WIDTH="15" VPOS="1804" HPOS="1099"/>
                  <String HEIGHT="70"
                          WIDTH="138"
                          VPOS="1804"
                          HPOS="1053"
                          CONTENT="etiam"/>
                  <SP HEIGHT="70" WIDTH="15" VPOS="1804" HPOS="1191"/>
                  <String HEIGHT="70" WIDTH="92" VPOS="1804" HPOS="1145" CONTENT="in"/>
                  <SP HEIGHT="70" WIDTH="15" VPOS="1804" HPOS="1237"/>
                  <String HEIGHT="70"
                          WIDTH="92"
                          VPOS="1804"
                          HPOS="1176"
                          CONTENT="sub"/>
               </TextLine>
            </TextBlock>
         </PrintSpace>
      </Page>
   </Layout>
</alto>
