1475 2066
198 125 171 64 stantia,
326 125 114 64 quae
397 125 100 64 est
454 125 114 64 nunc
526 125 86 64 in
554 125 157 64 generatio

198 181 96 54 ne,
253 181 110 54 fiet
322 181 124 54 etiam
405 181 83 54 in
446 181 221 54 corruptione.
626 181 69 54 &
639 181 83 54 erit

204 221 119 53 nunc
278 221 193 53 subiectum
427 221 134 53 sicut
516 221 119 53 hoc,
590 221 119 53 quod
650 221 74 53 est

201 269 105 64 per
261 269 240 64 priuationem.
456 269 90 64 Et
501 269 135 64 aliae
576 269 150 64 transmum

209 317 177 53 tationes
342 317 192 53 sequuntur
489 317 147 53 istam,
592 317 118 53 ista
651 317 74 53 au-

205 373 113 53 tem
269 373 113 53 non
334 373 194 53 sequitur
479 373 145 53 vnam,
576 373 113 53 aut
624 373 97 53 duas

207 416 154 54 aliarum.
323 416 90 54 non
374 416 103 54 enim
438 416 90 54 est
490 416 141 54 necesse
593 416 77 54 ut
618 416 103 54 illud,

204 464 126 50 quod
283 464 141 50 habet
377 464 188 50 materiam
518 464 188 50 localem,
659 464 94 50 et

209 509 161 70 habeat
321 509 209 70 materiam,
482 509 129 70 quae
546 509 177 70 generatur

202 565 76 61 &
232 565 243 61 corrumpitur.
430 565 152 61 Dictum
536 565 152 61 igitur
642 565 106 61 est

202 612 89 62 in
247 612 236 62 Naturalibus,
438 612 118 62 quae
512 612 103 62 est
557 612 162 62 differen-

207 660 104 63 tia
267 660 134 63 inter
356 660 119 63 esse
430 660 238 63 simpliciter,
624 660 74 63 &
654 660 104 63 non

198 709 196 54 simpliciter

254 757 104 50 Cum
314 757 164 50 posuit,
433 757 119 50 quod
507 757 119 50 vnum
581 757 149 50 eorum,
671 757 59 50 de

210 797 90 43 quo
262 797 141 43 dicitur
364 797 90 43 hoc
416 797 116 43 nomen
493 797 193 43 substantia,
647 797 77 43 et
673 797 51 43 ma

214 844 126 42 teria,
303 844 151 42 incoepit
416 844 164 42 declarare
542 844 101 42 hoc.
605 844 63 42 &
631 844 76 42 in
656 844 63 42 rei

216 877 149 37 veritate
327 877 112 37 debet
402 877 161 37 declarari
526 877 74 37 in
563 877 149 37 scientia
662 877 50 37 Na

220 914 109 47 tural.
296 914 130 47 scilicet
394 914 130 47 materiam
492 914 87 47 esse
546 914 163 47 subiectums.
666 914 43 47 ip

218 944 93 50 sam
271 944 120 50 autem
351 944 107 50 esse
418 944 200 50 substantiam
578 944 93 50 est
632 944 80 50 de
658 944 67 50 hac

219 992 149 42 scientia.
333 992 69 42 Et
367 992 69 42 d.
402 992 69 42 Et
436 992 160 42 manifestum
562 992 92 42 est,
619 992 92 42 quod
665 992 46 42 ma

217 1036 117 45 teria
295 1036 91 45 est
347 1036 194 45 substantia.
502 1036 78 45 i.
541 1036 65 45 &
567 1036 91 45 hoc
605 1036 117 45 apparet

220 1069 110 51 quia
289 1069 96 51 est
344 1069 179 51 subiectum
482 1069 151 51 formae.
592 1069 83 51 D.
620 1069 96 51 incoe

225 1109 77 36 it
264 1109 167 36 declarare
392 1109 90 36 hoc
443 1109 154 36 secundum
546 1109 167 36 rememoratio

216 1148 90 38 nem
267 1148 90 38 per
319 1148 205 38 inductionem,
485 1148 115 38 sicut
562 1148 115 38 fecit
638 1148 77 38 in
664 1148 64 38 Pri

216 1186 99 40 mo
265 1186 248 40 Physieorum,
463 1186 83 40 &
496 1186 99 40 d.
546 1186 149 40 Omnes
628 1186 99 40 enim

214 1227 278 38 transmutationes,
451 1227 97 38 &c.
506 1227 84 38 i.
548 1227 153 38 apparet
646 1227 84 38 enim

217 1261 89 53 per
268 1261 204 53 inductionem,
434 1261 102 53 quod
498 1261 140 53 necesse
600 1261 89 53 est
651 1261 76 53 vt
676 1261 51 53 om

209 1300 106 55 nes
269 1300 288 55 transmutationes
512 1300 197 55 oppositae
648 1300 76 55 per

198 1340 112 42 suam
268 1340 181 42 materiam,
407 1340 153 42 habeant
519 1340 181 42 subiectum
644 1340 70 42 fit

198 1387 110 47 xum.
267 1387 83 47 v.
308 1387 83 47 g.
350 1387 83 47 in
391 1387 289 47 transmutationibus
639 1387 83 47 in
667 1387 55 47 lo

212 1421 64 48 co.
248 1421 46 48 &
267 1421 55 48 d.
294 1421 110 48 secundum
377 1421 91 48 situm,
441 1421 55 48 i.
468 1421 110 48 secundum
550 1421 91 48 locum:
614 1421 101 48 quoniam
678 1421 37 48 op

208 1461 159 45 positio
323 1461 130 45 primo
409 1461 72 45 &
438 1461 245 45 essentialiter
626 1461 86 45 inue

200 1498 108 50 nitur
272 1498 72 50 in
308 1498 96 50 eis,
368 1498 96 50 quae
428 1498 192 50 opporiunutur
583 1498 72 50 in
619 1498 108 50 loco.
679 1498 48 50 Et

207 1539 177 39 intendit
340 1539 103 39 per
399 1539 177 39 opposita
532 1539 118 39 haec
591 1539 133 39 quatuor

209 1576 201 42 contraria.
367 1576 101 42 Et,
424 1576 115 42 quia
496 1576 230 42 contrarietas
669 1576 57 42 in

199 1613 89 45 rei
250 1613 153 45 veritate
365 1613 166 45 inuenitur
493 1613 115 45 primo
569 1613 77 45 in
607 1613 102 45 eis,
658 1613 64 45 qua

202 1656 111 50 sunt
271 1656 83 50 in
313 1656 125 50 loco,
396 1656 125 50 *ideo
479 1656 152 50 accepta
590 1656 97 50 est
645 1656 83 50 in
673 1656 55 50 de

209 1696 149 43 finitione
323 1696 103 43 eorum
392 1696 160 43 distantia,
517 1696 80 43 cum
563 1696 126 43 dicitur
643 1696 69 43 con-

208 1741 125 38 traria
295 1741 112 38 sunt,
370 1741 100 38 quae
432 1741 125 38 maxime
520 1741 150 38 distant.
632 1741 87 38 hic
670 1741 62 38 au-

210 1770 96 52 tem
265 1770 165 52 intendit
389 1770 96 52 per
444 1770 179 52 oppolita,
568 1770 152 52 contraria

208 1813 97 46 quae
269 1813 97 46 sunt
329 1813 73 46 in
366 1813 170 46 qualitate,
499 1813 61 46 &
524 1813 73 46 in
560 1813 182 46 substantia,
694 1813 36 46 &

736 131 89 48 in
781 131 193 48 augmento,
929 131 74 48 &
958 131 89 48 in
1003 131 133 48 loco.
1092 131 89 48 Et
1136 131 104 48 cum
1181 131 59 48 di

741 174 103 56 xit,
805 174 103 56 quod
870 174 245 56 transmutationes
1076 174 154 56 videntur
1179 174 64 56 con

737 215 133 52 uenire
830 215 80 52 in
869 215 106 52 hoc,
936 215 106 52 quod
1002 215 159 52 indigent
1108 215 133 52 subiecto

734 253 154 54 incoepit
850 253 167 54 declarare
979 253 142 54 quomodo
1082 253 142 54 apparet
1172 253 77 54 hoc,

737 301 62 45 &
761 301 75 45 d.
799 301 112 45 illud
873 301 99 45 enim
935 301 99 45 quod
997 301 87 45 est
1047 301 112 45 nunc,
1122 301 87 45 &c.
1171 301 75 45 i.
1196 301 50 45 al

744 333 107 54 paret
816 333 95 54 enim
875 333 131 54 quoniam
970 333 179 54 quemadmodum
1113 333 95 54 vnum
1173 333 60 54 &
1184 333 60 54 ide

735 373 151 49 numero
840 373 90 49 in
886 373 120 49 loco
961 373 151 49 aliquo
1066 373 105 49 est
1127 373 136 49 nunc,
1202 373 45 49 &

742 418 113 46 post
812 418 211 46 transfertur
981 418 85 46 in
1024 418 141 46 alium.
1122 418 70 46 &
1150 418 113 46 vnum
1207 418 42 46 &

746 450 110 42 idem
815 450 110 42 modo
884 450 96 42 est
939 450 138 42 album,
1035 450 69 42 &
1063 450 110 42 post
1132 450 110 42 erit
1187 450 55 42 ni

741 493 120 47 grum
816 493 90 47 in
861 493 226 47 alteratione
1042 493 75 47 &
1072 493 120 47 vnum
1148 493 75 47 &
1163 493 90 47 idem

741 528 109 51 est
804 528 156 51 magnum
913 528 78 51 &
944 528 156 51 paruum
1054 528 94 51 in
1085 528 156 51 augmento

737 567 142 52 similiter
847 567 99 52 etiam
912 567 88 52 vnum
967 567 55 52 &
989 567 88 52 idem
1044 567 153 52 quandoques
1164 567 77 52 est
1197 567 44 52 ge

740 594 148 61 neratum,
851 594 74 61 et
888 594 161 61 quandoque
1011 594 173 61 corruptum.
1135 594 111 61 Sediprn

736 642 156 48 differunt
856 642 72 48 in
892 642 96 48 hoc,
952 642 96 48 quod
1013 642 168 48 subiectum,
1145 642 96 48 quod
1193 642 60 48 est

741 685 75 46 in
778 685 237 46 transmutatione,
977 685 100 46 quae
1039 685 87 46 est
1077 685 174 46 substantiae,

742 719 88 43 est
792 719 75 43 in
829 719 163 43 potentia,
954 719 75 43 et
992 719 88 43 est
1042 719 75 43 in
1079 719 113 43 aliis
1142 719 113 43 transmu

736 757 190 45 tationibus
886 757 81 45 in
926 757 122 45 actu:
1008 757 81 45 et
1048 757 109 45 suum
1116 757 109 45 esse
1171 757 81 45 est,

746 797 113 50 quod
816 797 99 50 est
873 797 141 50 medium
971 797 127 50 inter
1056 797 113 50 esse
1126 797 85 50 in
1154 797 99 50 actu,

735 835 79 47 et
774 835 92 47 non
827 835 119 47 esse.
906 835 79 47 et
946 835 92 47 hoc
999 835 198 47 intendebat,
1157 835 92 47 cum
1196 835 53 47 di

737 877 77 38 et
776 877 103 38 erit
840 877 103 38 nunc
904 877 179 38 subiectum,
1045 877 115 38 sicut
1122 877 103 38 hoc,
1173 877 77 38 ete,

738 912 71 42 i.
774 912 71 42 et
809 912 106 42 istud
879 912 165 42 subiectum,
1009 912 118 42 quando
1091 912 141 42 recipiet
1185 912 71 42 for-

745 952 256 48 mam,assimilatur
960 952 94 48 ei,
1014 952 108 48 quod
1081 952 94 48 est
1135 952 81 48 in
1162 952 94 48 actu,

742 991 74 42 et
779 991 123 42 quando
864 991 135 42 dimisit
963 991 86 42 eam
1012 991 184 42 assimilatur
1159 991 74 42 ad
1196 991 86 42 non

740 1036 124 39 esse.
823 1036 151 39 ettotum
932 1036 96 39 hoc
987 1036 137 39 dictum
1083 1036 96 39 est
1138 1036 82 39 in
1166 1036 82 39 Natu

741 1070 167 36 ralibus.
866 1070 111 36 D.d.
936 1070 83 36 Et
977 1070 125 36 aliae
1047 1070 208 36 transmutatio-

747 1107 98 39 nes,
808 1107 98 39 etc.
869 1107 74 39 i.
906 1107 74 39 et
943 1107 110 39 aliae
1017 1107 233 39 transmutationes
1201 1107 49 39 se

743 1144 100 50 quuntur
816 1144 91 50 illam,
879 1144 73 50 quae
925 1144 64 50 est
961 1144 55 50 in
988 1144 136 50 substantia.
1097 1144 109 50 scilicet
1170 1144 82 50 quoniam

746 1187 116 39 illud,
828 1187 93 39 quod
886 1187 104 39 habet
955 1187 232 39 transmutationem,
1153 1187 93 39 quae
1199 1187 58 39 est

736 1227 78 39 in
775 1227 196 39 substantia,
932 1227 117 39 habet
1010 1227 117 39 alias
1075 1227 183 39 transmutatio

746 1266 105 40 nes.
811 1266 249 40 transmutationes
1021 1266 118 40 autem
1099 1266 78 40 in
1138 1266 105 40 loco
1191 1266 65 40 non

741 1303 132 43 debet
829 1303 132 43 sequi
917 1303 117 43 vna,
991 1303 103 43 aut
1049 1303 147 43 plures
1137 1303 132 43 aliarum

737 1348 278 34 transmutationum.
973 1348 83 34 et
1015 1348 111 34 ideo
1084 1348 97 34 non
1140 1348 97 34 est
1182 1348 69 34 ne-

742 1381 124 38 cesse
825 1381 83 38 vt
866 1381 110 38 omne
935 1381 138 38 habens
1032 1381 166 38 materiam
1143 1381 110 38 locale

745 1421 145 51 habeat
846 1421 174 51 materiam
977 1421 218 51 generabilem
1151 1421 87 51 et
1180 1421 73 51 con

736 1457 191 55 ruptibilem.
889 1457 76 55 Et
927 1457 127 55 innuit
1016 1457 89 55 per
1067 1457 102 55 hoc,
1131 1457 102 55 quod
1181 1457 64 55 de-

737 1497 155 41 claratum
853 1497 90 41 est
905 1497 78 41 in
944 1497 155 41 scientia
1060 1497 168 41 Naturali,
1176 1497 65 41 qui

737 1538 130 40 coelum
828 1538 117 40 habet
906 1538 156 40 materiam
1022 1538 156 40 localem,
1139 1538 78 40 et
1165 1538 91 40 tamen

737 1582 108 36 non
798 1582 139 36 habet
891 1582 185 36 materiam
1030 1582 232 36 generabilem
1200 1582 62 36 et

745 1614 254 52 corruptibilem.
957 1614 85 52 et
999 1614 113 52 ideo
1070 1614 169 52 videmus,
1182 1614 71 52 quo

740 1660 169 44 coelum
859 1660 119 44 non
926 1660 237 44 componitur
1113 1660 102 44 ex
1146 1660 102 44 mate

737 1692 103 53 ria,
802 1692 103 53 quae
866 1692 90 53 est
918 1692 77 53 in
956 1692 155 53 potentia
1073 1692 77 53 et
1111 1692 129 53 forma,
1189 1692 77 53 quae

750 1732 92 53 est
802 1732 79 53 in
842 1732 118 53 actu.
920 1732 131 53 Deinde
1012 1732 79 53 d.
1051 1732 131 53 Dictum
1143 1732 92 53 est
1182 1732 66 53 igi

735 1772 81 39 in
775 1772 216 39 Naturalibus,
950 1772 108 39 ete.
1017 1772 81 39 i.
1058 1772 189 39 declaratum
1193 1772 67 39 est

736 1820 109 38 enim
805 1820 109 38 quae
873 1820 96 38 est
928 1820 205 38 differentia
1092 1820 123 38 inter
1160 1820 96 38 gene
