<?xml version="1.0" encoding="UTF-8"?>
<alto xmlns:xsi="http://www.w3.org/2001/XMLSchema-instance"
      xmlns="http://www.loc.gov/standards/alto/ns-v2#"
      xmlns:page="http://schema.primaresearch.org/PAGE/gts/pagecontent/2013-07-15"
      xsi:schemaLocation="http://www.loc.gov/standards/alto/ns-v2# http://www.loc.gov/standards/alto/alto.xsd">
   <Description>
      <MeasurementUnit>pixel</MeasurementUnit>
      <OCRProcessing ID="IdOcr">
         <ocrProcessingStep>
            <processingDateTime>2020-11-21T10:32:47.36-05:00</processingDateTime>
            <processingSoftware>
               <softwareCreator>READ COOP</softwareCreator>
               <softwareName>Transkribus</softwareName>
            </processingSoftware>
         </ocrProcessingStep>
      </OCRProcessing>
   </Description>
   <Tags/>
   <Layout>
      <Page ID="Page1" PHYSICAL_IMG_NR="1" HEIGHT="2066" WIDTH="1475">
         <TopMargin HEIGHT="0" WIDTH="1475" VPOS="0" HPOS="0"/>
         <LeftMargin HEIGHT="2066" WIDTH="0" VPOS="0" HPOS="0"/>
         <RightMargin HEIGHT="2066" WIDTH="0" VPOS="0" HPOS="1475"/>
         <BottomMargin HEIGHT="0" WIDTH="1475" VPOS="2066" HPOS="0"/>
         <PrintSpace HEIGHT="2066" WIDTH="1475" VPOS="0" HPOS="0">
            <TextBlock ID="TextRegion_1604537458230_398"
                       HEIGHT="1818"
                       WIDTH="527"
                       VPOS="92"
                       HPOS="240">
               <Shape>
                  <Polygon POINTS="240,92 767,92 767,1910 240,1910"/>
               </Shape>
               <TextLine ID="line_1604537449143_388"
                         BASELINE="192"
                         HEIGHT="60"
                         WIDTH="510"
                         VPOS="132"
                         HPOS="235">
                  <String HEIGHT="60"
                          WIDTH="175"
                          VPOS="132"
                          HPOS="220"
                          CONTENT="rationem"/>
                  <SP HEIGHT="60" WIDTH="15" VPOS="132" HPOS="395"/>
                  <String HEIGHT="60"
                          WIDTH="233"
                          VPOS="132"
                          HPOS="352"
                          CONTENT="simpliciter,"/>
                  <SP HEIGHT="60" WIDTH="15" VPOS="132" HPOS="585"/>
                  <String HEIGHT="60" WIDTH="73" VPOS="132" HPOS="541" CONTENT="&amp;"/>
                  <SP HEIGHT="60" WIDTH="15" VPOS="132" HPOS="614"/>
                  <String HEIGHT="60" WIDTH="102" VPOS="132" HPOS="570" CONTENT="non"/>
                  <SP HEIGHT="60" WIDTH="15" VPOS="132" HPOS="672"/>
                  <String HEIGHT="60"
                          WIDTH="131"
                          VPOS="132"
                          HPOS="614"
                          CONTENT="genera"
                          SUBS_TYPE="HypPart1"
                          SUBS_CONTENT="generationem"/>
                  <HYP CONTENT="-"/>
               </TextLine>
               <TextLine ID="r2l4"
                         BASELINE="231"
                         HEIGHT="50"
                         WIDTH="498"
                         VPOS="181"
                         HPOS="244">
                  <String HEIGHT="50"
                          WIDTH="125"
                          VPOS="181"
                          HPOS="232"
                          CONTENT="tionem"
                          SUBS_TYPE="HypPart2"
                          SUBS_CONTENT="generationem"/>
                  <SP HEIGHT="50" WIDTH="12" VPOS="181" HPOS="356"/>
                  <String HEIGHT="50"
                          WIDTH="199"
                          VPOS="181"
                          HPOS="319"
                          CONTENT="simpliciter:"/>
                  <SP HEIGHT="50" WIDTH="12" VPOS="181" HPOS="518"/>
                  <String HEIGHT="50" WIDTH="62" VPOS="181" HPOS="481" CONTENT="&amp;"/>
                  <SP HEIGHT="50" WIDTH="12" VPOS="181" HPOS="543"/>
                  <String HEIGHT="50"
                          WIDTH="112"
                          VPOS="181"
                          HPOS="505"
                          CONTENT="inter"/>
                  <SP HEIGHT="50" WIDTH="12" VPOS="181" HPOS="618"/>
                  <String HEIGHT="50"
                          WIDTH="174"
                          VPOS="181"
                          HPOS="568"
                          CONTENT="generationem"/>
               </TextLine>
               <TextLine ID="r2l6"
                         BASELINE="258"
                         HEIGHT="40"
                         WIDTH="497"
                         VPOS="218"
                         HPOS="248">
                  <String HEIGHT="40" WIDTH="75" VPOS="218" HPOS="233" CONTENT="&amp;"/>
                  <SP HEIGHT="40" WIDTH="15" VPOS="218" HPOS="308"/>
                  <String HEIGHT="40"
                          WIDTH="256"
                          VPOS="218"
                          HPOS="263"
                          CONTENT="corruptionem,"/>
                  <SP HEIGHT="40" WIDTH="15" VPOS="218" HPOS="519"/>
                  <String HEIGHT="40"
                          WIDTH="120"
                          VPOS="218"
                          HPOS="474"
                          CONTENT="quae"/>
                  <SP HEIGHT="40" WIDTH="15" VPOS="218" HPOS="594"/>
                  <String HEIGHT="40"
                          WIDTH="120"
                          VPOS="218"
                          HPOS="549"
                          CONTENT="sunt"/>
                  <SP HEIGHT="40" WIDTH="15" VPOS="218" HPOS="670"/>
                  <String HEIGHT="40" WIDTH="90" VPOS="218" HPOS="625" CONTENT="in"/>
                  <SP HEIGHT="40" WIDTH="15" VPOS="218" HPOS="715"/>
                  <String HEIGHT="40"
                          WIDTH="90"
                          VPOS="218"
                          HPOS="655"
                          CONTENT="sub"
                          SUBS_TYPE="HypPart1"
                          SUBS_CONTENT="substantia:"/>
                  <HYP CONTENT="-"/>
               </TextLine>
               <TextLine ID="r2l8"
                         BASELINE="311"
                         HEIGHT="53"
                         WIDTH="496"
                         VPOS="258"
                         HPOS="246">
                  <String HEIGHT="53"
                          WIDTH="170"
                          VPOS="258"
                          HPOS="232"
                          CONTENT="stantia:"
                          SUBS_TYPE="HypPart2"
                          SUBS_CONTENT="substantia:"/>
                  <SP HEIGHT="53" WIDTH="14" VPOS="258" HPOS="402"/>
                  <String HEIGHT="53" WIDTH="71" VPOS="258" HPOS="359" CONTENT="&amp;"/>
                  <SP HEIGHT="53" WIDTH="14" VPOS="258" HPOS="430"/>
                  <String HEIGHT="53"
                          WIDTH="227"
                          VPOS="258"
                          HPOS="388"
                          CONTENT="generationem"/>
                  <SP HEIGHT="53" WIDTH="14" VPOS="258" HPOS="614"/>
                  <String HEIGHT="53" WIDTH="71" VPOS="258" HPOS="572" CONTENT="&amp;"/>
                  <SP HEIGHT="53" WIDTH="14" VPOS="258" HPOS="643"/>
                  <String HEIGHT="53"
                          WIDTH="156"
                          VPOS="258"
                          HPOS="586"
                          CONTENT="corruptio"/>
               </TextLine>
               <TextLine ID="r2l10"
                         BASELINE="346"
                         HEIGHT="43"
                         WIDTH="504"
                         VPOS="303"
                         HPOS="244">
                  <String HEIGHT="43" WIDTH="76" VPOS="303" HPOS="234" CONTENT="nem,"/>
                  <SP HEIGHT="43" WIDTH="10" VPOS="303" HPOS="311"/>
                  <String HEIGHT="43" WIDTH="76" VPOS="303" HPOS="282" CONTENT="quae"/>
                  <SP HEIGHT="43" WIDTH="10" VPOS="303" HPOS="358"/>
                  <String HEIGHT="43" WIDTH="67" VPOS="303" HPOS="330" CONTENT="non"/>
                  <SP HEIGHT="43" WIDTH="10" VPOS="303" HPOS="396"/>
                  <String HEIGHT="43"
                          WIDTH="114"
                          VPOS="303"
                          HPOS="368"
                          CONTENT="dicuntur"/>
                  <SP HEIGHT="43" WIDTH="10" VPOS="303" HPOS="482"/>
                  <String HEIGHT="43"
                          WIDTH="143"
                          VPOS="303"
                          HPOS="453"
                          CONTENT="simpliciter"/>
                  <SP HEIGHT="43" WIDTH="10" VPOS="303" HPOS="596"/>
                  <String HEIGHT="43"
                          WIDTH="114"
                          VPOS="303"
                          HPOS="567"
                          CONTENT="scilicet"/>
                  <SP HEIGHT="43" WIDTH="10" VPOS="303" HPOS="681"/>
                  <String HEIGHT="43" WIDTH="76" VPOS="303" HPOS="653" CONTENT="quae"/>
                  <SP HEIGHT="43" WIDTH="10" VPOS="303" HPOS="729"/>
                  <String HEIGHT="43" WIDTH="57" VPOS="303" HPOS="691" CONTENT="sunt"/>
               </TextLine>
               <TextLine ID="r2l12"
                         BASELINE="378"
                         HEIGHT="45"
                         WIDTH="385"
                         VPOS="333"
                         HPOS="248">
                  <String HEIGHT="45" WIDTH="86" VPOS="333" HPOS="234" CONTENT="in"/>
                  <SP HEIGHT="45" WIDTH="14" VPOS="333" HPOS="319"/>
                  <String HEIGHT="45"
                          WIDTH="128"
                          VPOS="333"
                          HPOS="277"
                          CONTENT="aliis"/>
                  <SP HEIGHT="45" WIDTH="14" VPOS="333" HPOS="405"/>
                  <String HEIGHT="45"
                          WIDTH="285"
                          VPOS="333"
                          HPOS="348"
                          CONTENT="transmutationibus."/>
               </TextLine>
               <TextLine ID="r2l14"
                         BASELINE="426"
                         HEIGHT="54"
                         WIDTH="500"
                         VPOS="372"
                         HPOS="245">
                  <String HEIGHT="54" WIDTH="71" VPOS="372" HPOS="233" CONTENT="De"/>
                  <SP HEIGHT="54" WIDTH="12" VPOS="372" HPOS="305"/>
                  <String HEIGHT="54"
                          WIDTH="179"
                          VPOS="372"
                          HPOS="269"
                          CONTENT="substantia,"/>
                  <SP HEIGHT="54" WIDTH="12" VPOS="372" HPOS="447"/>
                  <String HEIGHT="54" WIDTH="95" VPOS="372" HPOS="412" CONTENT="quae"/>
                  <SP HEIGHT="54" WIDTH="12" VPOS="372" HPOS="507"/>
                  <String HEIGHT="54"
                          WIDTH="107"
                          VPOS="372"
                          HPOS="471"
                          CONTENT="forma"/>
                  <SP HEIGHT="54" WIDTH="12" VPOS="372" HPOS="578"/>
                  <String HEIGHT="54" WIDTH="60" VPOS="372" HPOS="543" CONTENT="&amp;"/>
                  <SP HEIGHT="54" WIDTH="12" VPOS="372" HPOS="602"/>
                  <String HEIGHT="54"
                          WIDTH="107"
                          VPOS="372"
                          HPOS="566"
                          CONTENT="actus"/>
                  <SP HEIGHT="54" WIDTH="12" VPOS="372" HPOS="674"/>
                  <String HEIGHT="54" WIDTH="95" VPOS="372" HPOS="638" CONTENT="est."/>
                  <SP HEIGHT="54" WIDTH="12" VPOS="372" HPOS="733"/>
                  <String HEIGHT="54" WIDTH="60" VPOS="372" HPOS="685" CONTENT="Ite"/>
               </TextLine>
               <TextLine ID="r2l16"
                         BASELINE="461"
                         HEIGHT="49"
                         WIDTH="426"
                         VPOS="412"
                         HPOS="283">
                  <String HEIGHT="49"
                          WIDTH="227"
                          VPOS="412"
                          HPOS="269"
                          CONTENT="definitiones"/>
                  <SP HEIGHT="49" WIDTH="14" VPOS="412" HPOS="496"/>
                  <String HEIGHT="49"
                          WIDTH="142"
                          VPOS="412"
                          HPOS="453"
                          CONTENT="formam"/>
                  <SP HEIGHT="49" WIDTH="14" VPOS="412" HPOS="595"/>
                  <String HEIGHT="49" WIDTH="71" VPOS="412" HPOS="553" CONTENT="&amp;"/>
                  <SP HEIGHT="49" WIDTH="14" VPOS="412" HPOS="624"/>
                  <String HEIGHT="49"
                          WIDTH="142"
                          VPOS="412"
                          HPOS="567"
                          CONTENT="materiam"/>
               </TextLine>
               <TextLine ID="r2l18"
                         BASELINE="498"
                         HEIGHT="46"
                         WIDTH="349"
                         VPOS="452"
                         HPOS="319">
                  <String HEIGHT="46"
                          WIDTH="217"
                          VPOS="452"
                          HPOS="307"
                          CONTENT="complectentes,"/>
                  <SP HEIGHT="46" WIDTH="12" VPOS="452" HPOS="524"/>
                  <String HEIGHT="46"
                          WIDTH="144"
                          VPOS="452"
                          HPOS="487"
                          CONTENT="potiores"/>
                  <SP HEIGHT="46" WIDTH="12" VPOS="452" HPOS="632"/>
                  <String HEIGHT="46"
                          WIDTH="84"
                          VPOS="452"
                          HPOS="584"
                          CONTENT="esse,"/>
               </TextLine>
               <TextLine ID="r2l20"
                         BASELINE="538"
                         HEIGHT="46"
                         WIDTH="270"
                         VPOS="492"
                         HPOS="367">
                  <String HEIGHT="46"
                          WIDTH="103"
                          VPOS="492"
                          HPOS="354"
                          CONTENT="quam"/>
                  <SP HEIGHT="46" WIDTH="13" VPOS="492" HPOS="457"/>
                  <String HEIGHT="46"
                          WIDTH="103"
                          VPOS="492"
                          HPOS="418"
                          CONTENT="quae"/>
                  <SP HEIGHT="46" WIDTH="13" VPOS="492" HPOS="521"/>
                  <String HEIGHT="46"
                          WIDTH="141"
                          VPOS="492"
                          HPOS="483"
                          CONTENT="alteram"/>
                  <SP HEIGHT="46" WIDTH="13" VPOS="492" HPOS="624"/>
                  <String HEIGHT="46" WIDTH="64" VPOS="492" HPOS="573" CONTENT="tam"/>
               </TextLine>
               <TextLine ID="r2l22"
                         BASELINE="580"
                         HEIGHT="47"
                         WIDTH="187"
                         VPOS="533"
                         HPOS="402">
                  <String HEIGHT="47"
                          WIDTH="136"
                          VPOS="533"
                          HPOS="385"
                          CONTENT="tum."/>
                  <SP HEIGHT="47" WIDTH="17" VPOS="533" HPOS="521"/>
                  <String HEIGHT="47"
                          WIDTH="136"
                          VPOS="533"
                          HPOS="470"
                          CONTENT="Cap."/>
                  <SP HEIGHT="47" WIDTH="17" VPOS="533" HPOS="606"/>
                  <String HEIGHT="47" WIDTH="51" VPOS="533" HPOS="538" CONTENT="2"/>
               </TextLine>
               <TextLine ID="r2l24"
                         BASELINE="611"
                         HEIGHT="46"
                         WIDTH="420"
                         VPOS="565"
                         HPOS="322">
                  <String HEIGHT="46" WIDTH="118" VPOS="565" HPOS="305" CONTENT="vvm"/>
                  <SP HEIGHT="46" WIDTH="17" VPOS="565" HPOS="423"/>
                  <String HEIGHT="46"
                          WIDTH="151"
                          VPOS="565"
                          HPOS="372"
                          CONTENT="autem"/>
                  <SP HEIGHT="46" WIDTH="17" VPOS="565" HPOS="524"/>
                  <String HEIGHT="46"
                          WIDTH="202"
                          VPOS="565"
                          HPOS="473"
                          CONTENT="quaedam,"/>
                  <SP HEIGHT="46" WIDTH="17" VPOS="565" HPOS="675"/>
                  <String HEIGHT="46" WIDTH="101" VPOS="565" HPOS="624" CONTENT="vt"/>
                  <SP HEIGHT="46" WIDTH="17" VPOS="565" HPOS="725"/>
                  <String HEIGHT="46" WIDTH="84" VPOS="565" HPOS="658" CONTENT="sub"/>
               </TextLine>
               <TextLine ID="r2l26"
                         BASELINE="662"
                         HEIGHT="48"
                         WIDTH="414"
                         VPOS="614"
                         HPOS="337">
                  <String HEIGHT="48"
                          WIDTH="149"
                          VPOS="614"
                          HPOS="320"
                          CONTENT="iecta"/>
                  <SP HEIGHT="48" WIDTH="17" VPOS="614" HPOS="469"/>
                  <String HEIGHT="48" WIDTH="83" VPOS="614" HPOS="420" CONTENT="&amp;"/>
                  <SP HEIGHT="48" WIDTH="17" VPOS="614" HPOS="503"/>
                  <String HEIGHT="48" WIDTH="99" VPOS="614" HPOS="453" CONTENT="vt"/>
                  <SP HEIGHT="48" WIDTH="17" VPOS="614" HPOS="552"/>
                  <String HEIGHT="48"
                          WIDTH="199"
                          VPOS="614"
                          HPOS="503"
                          CONTENT="materia,"/>
                  <SP HEIGHT="48" WIDTH="17" VPOS="614" HPOS="701"/>
                  <String HEIGHT="48"
                          WIDTH="116"
                          VPOS="614"
                          HPOS="635"
                          CONTENT="conce"/>
               </TextLine>
               <TextLine ID="r2l28"
                         BASELINE="702"
                         HEIGHT="50"
                         WIDTH="408"
                         VPOS="652"
                         HPOS="341">
                  <String HEIGHT="50"
                          WIDTH="141"
                          VPOS="652"
                          HPOS="325"
                          CONTENT="datur"/>
                  <SP HEIGHT="50" WIDTH="16" VPOS="652" HPOS="467"/>
                  <String HEIGHT="50"
                          WIDTH="235"
                          VPOS="652"
                          HPOS="419"
                          CONTENT="substantia,"/>
                  <SP HEIGHT="50" WIDTH="16" VPOS="652" HPOS="655"/>
                  <String HEIGHT="50"
                          WIDTH="126"
                          VPOS="652"
                          HPOS="608"
                          CONTENT="haec"/>
                  <SP HEIGHT="50" WIDTH="16" VPOS="652" HPOS="733"/>
                  <String HEIGHT="50"
                          WIDTH="78"
                          VPOS="652"
                          HPOS="671"
                          CONTENT="au"
                          SUBS_TYPE="HypPart1"
                          SUBS_CONTENT="autem"/>
                  <HYP CONTENT="-"/>
               </TextLine>
               <TextLine ID="r2l30"
                         BASELINE="746"
                         HEIGHT="53"
                         WIDTH="508"
                         VPOS="693"
                         HPOS="244">
                  <String HEIGHT="53"
                          WIDTH="105"
                          VPOS="693"
                          HPOS="229"
                          CONTENT="tem"
                          SUBS_TYPE="HypPart2"
                          SUBS_CONTENT="autem"/>
                  <SP HEIGHT="53" WIDTH="15" VPOS="693" HPOS="334"/>
                  <String HEIGHT="53"
                          WIDTH="120"
                          VPOS="693"
                          HPOS="289"
                          CONTENT="est,"/>
                  <SP HEIGHT="53" WIDTH="15" VPOS="693" HPOS="408"/>
                  <String HEIGHT="53"
                          WIDTH="120"
                          VPOS="693"
                          HPOS="364"
                          CONTENT="quae"/>
                  <SP HEIGHT="53" WIDTH="15" VPOS="693" HPOS="483"/>
                  <String HEIGHT="53"
                          WIDTH="179"
                          VPOS="693"
                          HPOS="438"
                          CONTENT="potentia"/>
                  <SP HEIGHT="53" WIDTH="15" VPOS="693" HPOS="618"/>
                  <String HEIGHT="53"
                          WIDTH="120"
                          VPOS="693"
                          HPOS="573"
                          CONTENT="est,"/>
                  <SP HEIGHT="53" WIDTH="15" VPOS="693" HPOS="692"/>
                  <String HEIGHT="53"
                          WIDTH="120"
                          VPOS="693"
                          HPOS="632"
                          CONTENT="restat"/>
               </TextLine>
               <TextLine ID="r2l32"
                         BASELINE="778"
                         HEIGHT="46"
                         WIDTH="496"
                         VPOS="732"
                         HPOS="250">
                  <String HEIGHT="46"
                          WIDTH="160"
                          VPOS="732"
                          HPOS="234"
                          CONTENT="illam,"/>
                  <SP HEIGHT="46" WIDTH="16" VPOS="732" HPOS="394"/>
                  <String HEIGHT="46"
                          WIDTH="128"
                          VPOS="732"
                          HPOS="346"
                          CONTENT="quae"/>
                  <SP HEIGHT="46" WIDTH="16" VPOS="732" HPOS="474"/>
                  <String HEIGHT="46" WIDTH="96" VPOS="732" HPOS="426" CONTENT="vt"/>
                  <SP HEIGHT="46" WIDTH="16" VPOS="732" HPOS="522"/>
                  <String HEIGHT="46"
                          WIDTH="144"
                          VPOS="732"
                          HPOS="474"
                          CONTENT="actus"/>
                  <SP HEIGHT="46" WIDTH="16" VPOS="732" HPOS="618"/>
                  <String HEIGHT="46"
                          WIDTH="192"
                          VPOS="732"
                          HPOS="554"
                          CONTENT="substantia"/>
               </TextLine>
               <TextLine ID="r2l34"
                         BASELINE="832"
                         HEIGHT="59"
                         WIDTH="498"
                         VPOS="773"
                         HPOS="250">
                  <String HEIGHT="59"
                          WIDTH="226"
                          VPOS="773"
                          HPOS="235"
                          CONTENT="sensibilium"/>
                  <SP HEIGHT="59" WIDTH="15" VPOS="773" HPOS="461"/>
                  <String HEIGHT="59"
                          WIDTH="121"
                          VPOS="773"
                          HPOS="416"
                          CONTENT="est,"/>
                  <SP HEIGHT="59" WIDTH="15" VPOS="773" HPOS="537"/>
                  <String HEIGHT="59"
                          WIDTH="166"
                          VPOS="773"
                          HPOS="491"
                          CONTENT="quaenam"/>
                  <SP HEIGHT="59" WIDTH="15" VPOS="773" HPOS="657"/>
                  <String HEIGHT="59" WIDTH="106" VPOS="773" HPOS="612" CONTENT="sit"/>
                  <SP HEIGHT="59" WIDTH="15" VPOS="773" HPOS="718"/>
                  <String HEIGHT="59" WIDTH="91" VPOS="773" HPOS="657" CONTENT="dice"/>
               </TextLine>
               <TextLine ID="r2l36"
                         BASELINE="858"
                         HEIGHT="33"
                         WIDTH="498"
                         VPOS="825"
                         HPOS="250">
                  <String HEIGHT="33" WIDTH="106" VPOS="825" HPOS="235" CONTENT="re."/>
                  <SP HEIGHT="33" WIDTH="15" VPOS="825" HPOS="341"/>
                  <String HEIGHT="33"
                          WIDTH="211"
                          VPOS="825"
                          HPOS="295"
                          CONTENT="Democritus"/>
                  <SP HEIGHT="33" WIDTH="15" VPOS="825" HPOS="507"/>
                  <String HEIGHT="33"
                          WIDTH="151"
                          VPOS="825"
                          HPOS="461"
                          CONTENT="igitur"/>
                  <SP HEIGHT="33" WIDTH="15" VPOS="825" HPOS="612"/>
                  <String HEIGHT="33"
                          WIDTH="121"
                          VPOS="825"
                          HPOS="567"
                          CONTENT="tres"/>
                  <SP HEIGHT="33" WIDTH="15" VPOS="825" HPOS="688"/>
                  <String HEIGHT="33"
                          WIDTH="121"
                          VPOS="825"
                          HPOS="627"
                          CONTENT="diffe"
                          SUBS_TYPE="HypPart1"
                          SUBS_CONTENT="differentias"/>
                  <HYP CONTENT="-"/>
               </TextLine>
               <TextLine ID="r2l38"
                         BASELINE="900"
                         HEIGHT="39"
                         WIDTH="500"
                         VPOS="861"
                         HPOS="250">
                  <String HEIGHT="39"
                          WIDTH="167"
                          VPOS="861"
                          HPOS="235"
                          CONTENT="rentias"
                          SUBS_TYPE="HypPart2"
                          SUBS_CONTENT="differentias"/>
                  <SP HEIGHT="39" WIDTH="15" VPOS="861" HPOS="402"/>
                  <String HEIGHT="39"
                          WIDTH="121"
                          VPOS="861"
                          HPOS="356"
                          CONTENT="esse"/>
                  <SP HEIGHT="39" WIDTH="15" VPOS="861" HPOS="477"/>
                  <String HEIGHT="39"
                          WIDTH="167"
                          VPOS="861"
                          HPOS="432"
                          CONTENT="Videtur"/>
                  <SP HEIGHT="39" WIDTH="15" VPOS="861" HPOS="598"/>
                  <String HEIGHT="39"
                          WIDTH="212"
                          VPOS="861"
                          HPOS="538"
                          CONTENT="existimare.,"/>
               </TextLine>
               <TextLine ID="r2l40"
                         BASELINE="954"
                         HEIGHT="53"
                         WIDTH="502"
                         VPOS="901"
                         HPOS="245">
                  <String HEIGHT="53"
                          WIDTH="204"
                          VPOS="901"
                          HPOS="229"
                          CONTENT="subiectum"/>
                  <SP HEIGHT="53" WIDTH="16" VPOS="901" HPOS="433"/>
                  <String HEIGHT="53"
                          WIDTH="126"
                          VPOS="901"
                          HPOS="386"
                          CONTENT="enim"/>
                  <SP HEIGHT="53" WIDTH="16" VPOS="901" HPOS="512"/>
                  <String HEIGHT="53"
                          WIDTH="173"
                          VPOS="901"
                          HPOS="465"
                          CONTENT="corpus,"/>
                  <SP HEIGHT="53" WIDTH="16" VPOS="901" HPOS="637"/>
                  <String HEIGHT="53"
                          WIDTH="173"
                          VPOS="901"
                          HPOS="574"
                          CONTENT="materiam."/>
               </TextLine>
               <TextLine ID="r2l42"
                         BASELINE="987"
                         HEIGHT="46"
                         WIDTH="500"
                         VPOS="941"
                         HPOS="248">
                  <String HEIGHT="46"
                          WIDTH="125"
                          VPOS="941"
                          HPOS="232"
                          CONTENT="vnum"/>
                  <SP HEIGHT="46" WIDTH="16" VPOS="941" HPOS="357"/>
                  <String HEIGHT="46" WIDTH="78" VPOS="941" HPOS="311" CONTENT="&amp;"/>
                  <SP HEIGHT="46" WIDTH="16" VPOS="941" HPOS="389"/>
                  <String HEIGHT="46"
                          WIDTH="141"
                          VPOS="941"
                          HPOS="342"
                          CONTENT="idem."/>
                  <SP HEIGHT="46" WIDTH="16" VPOS="941" HPOS="482"/>
                  <String HEIGHT="46"
                          WIDTH="188"
                          VPOS="941"
                          HPOS="436"
                          CONTENT="differre"/>
                  <SP HEIGHT="46" WIDTH="16" VPOS="941" HPOS="623"/>
                  <String HEIGHT="46"
                          WIDTH="156"
                          VPOS="941"
                          HPOS="576"
                          CONTENT="autem,"/>
                  <SP HEIGHT="46" WIDTH="16" VPOS="941" HPOS="732"/>
                  <String HEIGHT="46" WIDTH="78" VPOS="941" HPOS="670" CONTENT="aut"/>
               </TextLine>
               <TextLine ID="r2l44"
                         BASELINE="1042"
                         HEIGHT="57"
                         WIDTH="501"
                         VPOS="985"
                         HPOS="246">
                  <String HEIGHT="57"
                          WIDTH="172"
                          VPOS="985"
                          HPOS="230"
                          CONTENT="rhysmo,"/>
                  <SP HEIGHT="57" WIDTH="16" VPOS="985" HPOS="403"/>
                  <String HEIGHT="57"
                          WIDTH="125"
                          VPOS="985"
                          HPOS="356"
                          CONTENT="quod"/>
                  <SP HEIGHT="57" WIDTH="16" VPOS="985" HPOS="481"/>
                  <String HEIGHT="57" WIDTH="110" VPOS="985" HPOS="434" CONTENT="est"/>
                  <SP HEIGHT="57" WIDTH="16" VPOS="985" HPOS="543"/>
                  <String HEIGHT="57"
                          WIDTH="172"
                          VPOS="985"
                          HPOS="497"
                          CONTENT="sigura:"/>
                  <SP HEIGHT="57" WIDTH="16" VPOS="985" HPOS="669"/>
                  <String HEIGHT="57" WIDTH="110" VPOS="985" HPOS="622" CONTENT="aut"/>
                  <SP HEIGHT="57" WIDTH="16" VPOS="985" HPOS="731"/>
                  <String HEIGHT="57" WIDTH="78" VPOS="985" HPOS="669" CONTENT="tro"/>
               </TextLine>
               <TextLine ID="r2l46"
                         BASELINE="1077"
                         HEIGHT="49"
                         WIDTH="487"
                         VPOS="1028"
                         HPOS="246">
                  <String HEIGHT="49"
                          WIDTH="107"
                          VPOS="1028"
                          HPOS="231"
                          CONTENT="pe,"/>
                  <SP HEIGHT="49" WIDTH="15" VPOS="1028" HPOS="337"/>
                  <String HEIGHT="49"
                          WIDTH="122"
                          VPOS="1028"
                          HPOS="292"
                          CONTENT="quod"/>
                  <SP HEIGHT="49" WIDTH="15" VPOS="1028" HPOS="413"/>
                  <String HEIGHT="49"
                          WIDTH="107"
                          VPOS="1028"
                          HPOS="368"
                          CONTENT="est"/>
                  <SP HEIGHT="49" WIDTH="15" VPOS="1028" HPOS="474"/>
                  <String HEIGHT="49"
                          WIDTH="152"
                          VPOS="1028"
                          HPOS="429"
                          CONTENT="situs:"/>
                  <SP HEIGHT="49" WIDTH="15" VPOS="1028" HPOS="581"/>
                  <String HEIGHT="49"
                          WIDTH="107"
                          VPOS="1028"
                          HPOS="535"
                          CONTENT="aut"/>
                  <SP HEIGHT="49" WIDTH="15" VPOS="1028" HPOS="642"/>
                  <String HEIGHT="49"
                          WIDTH="152"
                          VPOS="1028"
                          HPOS="581"
                          CONTENT="diathige"/>
               </TextLine>
               <TextLine ID="r2l48"
                         BASELINE="1115"
                         HEIGHT="47"
                         WIDTH="504"
                         VPOS="1068"
                         HPOS="248">
                  <String HEIGHT="47"
                          WIDTH="134"
                          VPOS="1068"
                          HPOS="231"
                          CONTENT="quod"/>
                  <SP HEIGHT="47" WIDTH="17" VPOS="1068" HPOS="366"/>
                  <String HEIGHT="47"
                          WIDTH="118"
                          VPOS="1068"
                          HPOS="315"
                          CONTENT="est"/>
                  <SP HEIGHT="47" WIDTH="17" VPOS="1068" HPOS="433"/>
                  <String HEIGHT="47"
                          WIDTH="151"
                          VPOS="1068"
                          HPOS="382"
                          CONTENT="ordo."/>
                  <SP HEIGHT="47" WIDTH="17" VPOS="1068" HPOS="534"/>
                  <String HEIGHT="47"
                          WIDTH="202"
                          VPOS="1068"
                          HPOS="483"
                          CONTENT="Videntur"/>
                  <SP HEIGHT="47" WIDTH="17" VPOS="1068" HPOS="685"/>
                  <String HEIGHT="47"
                          WIDTH="151"
                          VPOS="1068"
                          HPOS="634"
                          CONTENT="autem"/>
                  <SP HEIGHT="47" WIDTH="17" VPOS="1068" HPOS="786"/>
                  <String HEIGHT="47" WIDTH="34" VPOS="1068" HPOS="718" CONTENT=""/>
               </TextLine>
               <TextLine ID="r2l50"
                         BASELINE="1162"
                         HEIGHT="51"
                         WIDTH="508"
                         VPOS="1111"
                         HPOS="242">
                  <String HEIGHT="51"
                          WIDTH="159"
                          VPOS="1111"
                          HPOS="226"
                          CONTENT="multae"/>
                  <SP HEIGHT="51" WIDTH="16" VPOS="1111" HPOS="385"/>
                  <String HEIGHT="51"
                          WIDTH="254"
                          VPOS="1111"
                          HPOS="337"
                          CONTENT="differentiae"/>
                  <SP HEIGHT="51" WIDTH="16" VPOS="1111" HPOS="591"/>
                  <String HEIGHT="51"
                          WIDTH="143"
                          VPOS="1111"
                          HPOS="544"
                          CONTENT="esse."/>
                  <SP HEIGHT="51" WIDTH="16" VPOS="1111" HPOS="687"/>
                  <String HEIGHT="51"
                          WIDTH="127"
                          VPOS="1111"
                          HPOS="623"
                          CONTENT="vtputa"/>
               </TextLine>
               <TextLine ID="r2l52"
                         BASELINE="1204"
                         HEIGHT="40"
                         WIDTH="493"
                         VPOS="1164"
                         HPOS="252">
                  <String HEIGHT="40"
                          WIDTH="201"
                          VPOS="1164"
                          HPOS="234"
                          CONTENT="quaedam"/>
                  <SP HEIGHT="40" WIDTH="18" VPOS="1164" HPOS="435"/>
                  <String HEIGHT="40"
                          WIDTH="292"
                          VPOS="1164"
                          HPOS="380"
                          CONTENT="compositione"/>
                  <SP HEIGHT="40" WIDTH="18" VPOS="1164" HPOS="672"/>
                  <String HEIGHT="40"
                          WIDTH="146"
                          VPOS="1164"
                          HPOS="599"
                          CONTENT="dicunt"/>
               </TextLine>
               <TextLine ID="r2l54"
                         BASELINE="1243"
                         HEIGHT="47"
                         WIDTH="502"
                         VPOS="1196"
                         HPOS="244">
                  <String HEIGHT="47"
                          WIDTH="198"
                          VPOS="1196"
                          HPOS="229"
                          CONTENT="materiae,"/>
                  <SP HEIGHT="47" WIDTH="15" VPOS="1196" HPOS="427"/>
                  <String HEIGHT="47"
                          WIDTH="152"
                          VPOS="1196"
                          HPOS="381"
                          CONTENT="sicuti"/>
                  <SP HEIGHT="47" WIDTH="15" VPOS="1196" HPOS="533"/>
                  <String HEIGHT="47"
                          WIDTH="213"
                          VPOS="1196"
                          HPOS="487"
                          CONTENT="quaecunque"/>
                  <SP HEIGHT="47" WIDTH="15" VPOS="1196" HPOS="700"/>
                  <String HEIGHT="47"
                          WIDTH="106"
                          VPOS="1196"
                          HPOS="640"
                          CONTENT="mistu"/>
               </TextLine>
               <TextLine ID="r2l56"
                         BASELINE="1282"
                         HEIGHT="37"
                         WIDTH="509"
                         VPOS="1245"
                         HPOS="244">
                  <String HEIGHT="37"
                          WIDTH="137"
                          VPOS="1245"
                          HPOS="224"
                          CONTENT="ra,"/>
                  <SP HEIGHT="37" WIDTH="20" VPOS="1245" HPOS="361"/>
                  <String HEIGHT="37"
                          WIDTH="294"
                          VPOS="1245"
                          HPOS="303"
                          CONTENT="quemadmodum"/>
                  <SP HEIGHT="37" WIDTH="20" VPOS="1245" HPOS="596"/>
                  <String HEIGHT="37"
                          WIDTH="235"
                          VPOS="1245"
                          HPOS="518"
                          CONTENT="melicratum"/>
               </TextLine>
               <TextLine ID="r2l57"
                         BASELINE="1333"
                         HEIGHT="49"
                         WIDTH="502"
                         VPOS="1284"
                         HPOS="250">
                  <String HEIGHT="49"
                          WIDTH="178"
                          VPOS="1284"
                          HPOS="234"
                          CONTENT="quaedam"/>
                  <SP HEIGHT="49" WIDTH="16" VPOS="1284" HPOS="412"/>
                  <String HEIGHT="49"
                          WIDTH="162"
                          VPOS="1284"
                          HPOS="363"
                          CONTENT="clauo,"/>
                  <SP HEIGHT="49" WIDTH="16" VPOS="1284" HPOS="525"/>
                  <String HEIGHT="49" WIDTH="97" VPOS="1284" HPOS="477" CONTENT="vt"/>
                  <SP HEIGHT="49" WIDTH="16" VPOS="1284" HPOS="574"/>
                  <String HEIGHT="49"
                          WIDTH="146"
                          VPOS="1284"
                          HPOS="525"
                          CONTENT="arca."/>
                  <SP HEIGHT="49" WIDTH="16" VPOS="1284" HPOS="671"/>
                  <String HEIGHT="49"
                          WIDTH="146"
                          VPOS="1284"
                          HPOS="606"
                          CONTENT="quaedam"/>
               </TextLine>
               <TextLine ID="r2l59"
                         BASELINE="1370"
                         HEIGHT="46"
                         WIDTH="504"
                         VPOS="1324"
                         HPOS="245">
                  <String HEIGHT="46"
                          WIDTH="205"
                          VPOS="1324"
                          HPOS="229"
                          CONTENT="ligamine,"/>
                  <SP HEIGHT="46" WIDTH="16" VPOS="1324" HPOS="434"/>
                  <String HEIGHT="46" WIDTH="95" VPOS="1324" HPOS="387" CONTENT="vt"/>
                  <SP HEIGHT="46" WIDTH="16" VPOS="1324" HPOS="481"/>
                  <String HEIGHT="46"
                          WIDTH="173"
                          VPOS="1324"
                          HPOS="434"
                          CONTENT="fascis,"/>
                  <SP HEIGHT="46" WIDTH="16" VPOS="1324" HPOS="607"/>
                  <String HEIGHT="46"
                          WIDTH="173"
                          VPOS="1324"
                          HPOS="560"
                          CONTENT="quaedam"/>
                  <SP HEIGHT="46" WIDTH="16" VPOS="1324" HPOS="733"/>
                  <String HEIGHT="46" WIDTH="79" VPOS="1324" HPOS="670" CONTENT="glu"/>
               </TextLine>
               <TextLine ID="r2l61"
                         BASELINE="1410"
                         HEIGHT="42"
                         WIDTH="506"
                         VPOS="1368"
                         HPOS="245">
                  <String HEIGHT="42"
                          WIDTH="142"
                          VPOS="1368"
                          HPOS="229"
                          CONTENT="tine,"/>
                  <SP HEIGHT="42" WIDTH="16" VPOS="1368" HPOS="372"/>
                  <String HEIGHT="42" WIDTH="95" VPOS="1368" HPOS="324" CONTENT="vt"/>
                  <SP HEIGHT="42" WIDTH="16" VPOS="1368" HPOS="419"/>
                  <String HEIGHT="42"
                          WIDTH="158"
                          VPOS="1368"
                          HPOS="372"
                          CONTENT="liber."/>
                  <SP HEIGHT="42" WIDTH="16" VPOS="1368" HPOS="530"/>
                  <String HEIGHT="42"
                          WIDTH="174"
                          VPOS="1368"
                          HPOS="482"
                          CONTENT="quaedam"/>
                  <SP HEIGHT="42" WIDTH="16" VPOS="1368" HPOS="656"/>
                  <String HEIGHT="42"
                          WIDTH="158"
                          VPOS="1368"
                          HPOS="593"
                          CONTENT="pluribus"/>
               </TextLine>
               <TextLine ID="r2l63"
                         BASELINE="1458"
                         HEIGHT="45"
                         WIDTH="492"
                         VPOS="1413"
                         HPOS="248">
                  <String HEIGHT="45" WIDTH="92" VPOS="1413" HPOS="233" CONTENT="ex"/>
                  <SP HEIGHT="45" WIDTH="15" VPOS="1413" HPOS="325"/>
                  <String HEIGHT="45"
                          WIDTH="123"
                          VPOS="1413"
                          HPOS="279"
                          CONTENT="his,"/>
                  <SP HEIGHT="45" WIDTH="15" VPOS="1413" HPOS="402"/>
                  <String HEIGHT="45"
                          WIDTH="169"
                          VPOS="1413"
                          HPOS="356"
                          CONTENT="quaedam"/>
                  <SP HEIGHT="45" WIDTH="15" VPOS="1413" HPOS="525"/>
                  <String HEIGHT="45"
                          WIDTH="215"
                          VPOS="1413"
                          HPOS="479"
                          CONTENT="positione,"/>
                  <SP HEIGHT="45" WIDTH="15" VPOS="1413" HPOS="694"/>
                  <String HEIGHT="45" WIDTH="92" VPOS="1413" HPOS="648" CONTENT="vt"/>
                  <SP HEIGHT="45" WIDTH="15" VPOS="1413" HPOS="740"/>
                  <String HEIGHT="45" WIDTH="62" VPOS="1413" HPOS="679" CONTENT="li"/>
               </TextLine>
               <TextLine ID="r2l65"
                         BASELINE="1498"
                         HEIGHT="38"
                         WIDTH="504"
                         VPOS="1460"
                         HPOS="241">
                  <String HEIGHT="38"
                          WIDTH="107"
                          VPOS="1460"
                          HPOS="226"
                          CONTENT="men"/>
                  <SP HEIGHT="38" WIDTH="15" VPOS="1460" HPOS="333"/>
                  <String HEIGHT="38" WIDTH="76" VPOS="1460" HPOS="287" CONTENT="&amp;"/>
                  <SP HEIGHT="38" WIDTH="15" VPOS="1460" HPOS="363"/>
                  <String HEIGHT="38"
                          WIDTH="275"
                          VPOS="1460"
                          HPOS="317"
                          CONTENT="superliminare."/>
                  <SP HEIGHT="38" WIDTH="15" VPOS="1460" HPOS="592"/>
                  <String HEIGHT="38"
                          WIDTH="122"
                          VPOS="1460"
                          HPOS="546"
                          CONTENT="haec"/>
                  <SP HEIGHT="38" WIDTH="15" VPOS="1460" HPOS="669"/>
                  <String HEIGHT="38"
                          WIDTH="122"
                          VPOS="1460"
                          HPOS="623"
                          CONTENT="enim"/>
                  <SP HEIGHT="38" WIDTH="15" VPOS="1460" HPOS="745"/>
                  <String HEIGHT="38" WIDTH="61" VPOS="1460" HPOS="684" CONTENT="eo"/>
               </TextLine>
               <TextLine ID="r2l67"
                         BASELINE="1546"
                         HEIGHT="54"
                         WIDTH="508"
                         VPOS="1492"
                         HPOS="245">
                  <String HEIGHT="54"
                          WIDTH="120"
                          VPOS="1492"
                          HPOS="230"
                          CONTENT="quod"/>
                  <SP HEIGHT="54" WIDTH="15" VPOS="1492" HPOS="350"/>
                  <String HEIGHT="54"
                          WIDTH="120"
                          VPOS="1492"
                          HPOS="305"
                          CONTENT="modo"/>
                  <SP HEIGHT="54" WIDTH="15" VPOS="1492" HPOS="424"/>
                  <String HEIGHT="54"
                          WIDTH="149"
                          VPOS="1492"
                          HPOS="379"
                          CONTENT="quodam"/>
                  <SP HEIGHT="54" WIDTH="15" VPOS="1492" HPOS="529"/>
                  <String HEIGHT="54"
                          WIDTH="120"
                          VPOS="1492"
                          HPOS="484"
                          CONTENT="sita"/>
                  <SP HEIGHT="54" WIDTH="15" VPOS="1492" HPOS="604"/>
                  <String HEIGHT="54"
                          WIDTH="134"
                          VPOS="1492"
                          HPOS="559"
                          CONTENT="sint,"/>
                  <SP HEIGHT="54" WIDTH="15" VPOS="1492" HPOS="693"/>
                  <String HEIGHT="54"
                          WIDTH="120"
                          VPOS="1492"
                          HPOS="633"
                          CONTENT="diffe"
                          SUBS_TYPE="HypPart1"
                          SUBS_CONTENT="differunt."/>
                  <HYP CONTENT="-"/>
               </TextLine>
               <TextLine ID="r2l69"
                         BASELINE="1578"
                         HEIGHT="41"
                         WIDTH="498"
                         VPOS="1537"
                         HPOS="250">
                  <String HEIGHT="41"
                          WIDTH="149"
                          VPOS="1537"
                          HPOS="233"
                          CONTENT="runt."
                          SUBS_TYPE="HypPart2"
                          SUBS_CONTENT="differunt."/>
                  <SP HEIGHT="41" WIDTH="17" VPOS="1537" HPOS="383"/>
                  <String HEIGHT="41"
                          WIDTH="183"
                          VPOS="1537"
                          HPOS="333"
                          CONTENT="quaedam"/>
                  <SP HEIGHT="41" WIDTH="17" VPOS="1537" HPOS="516"/>
                  <String HEIGHT="41"
                          WIDTH="199"
                          VPOS="1537"
                          HPOS="466"
                          CONTENT="tempore,"/>
                  <SP HEIGHT="41" WIDTH="17" VPOS="1537" HPOS="665"/>
                  <String HEIGHT="41" WIDTH="100" VPOS="1537" HPOS="615" CONTENT="vt"/>
                  <SP HEIGHT="41" WIDTH="17" VPOS="1537" HPOS="715"/>
                  <String HEIGHT="41"
                          WIDTH="100"
                          VPOS="1537"
                          HPOS="648"
                          CONTENT="coe"
                          SUBS_TYPE="HypPart1"
                          SUBS_CONTENT="coena,"/>
                  <HYP CONTENT="-"/>
               </TextLine>
               <TextLine ID="r2l71"
                         BASELINE="1618"
                         HEIGHT="40"
                         WIDTH="502"
                         VPOS="1578"
                         HPOS="244">
                  <String HEIGHT="40"
                          WIDTH="126"
                          VPOS="1578"
                          HPOS="226"
                          CONTENT="na,"
                          SUBS_TYPE="HypPart2"
                          SUBS_CONTENT="coena,"/>
                  <SP HEIGHT="40" WIDTH="18" VPOS="1578" HPOS="352"/>
                  <String HEIGHT="40" WIDTH="90" VPOS="1578" HPOS="298" CONTENT="&amp;"/>
                  <SP HEIGHT="40" WIDTH="18" VPOS="1578" HPOS="387"/>
                  <String HEIGHT="40"
                          WIDTH="233"
                          VPOS="1578"
                          HPOS="334"
                          CONTENT="prandium."/>
                  <SP HEIGHT="40" WIDTH="18" VPOS="1578" HPOS="567"/>
                  <String HEIGHT="40"
                          WIDTH="197"
                          VPOS="1578"
                          HPOS="513"
                          CONTENT="quaedam"/>
                  <SP HEIGHT="40" WIDTH="18" VPOS="1578" HPOS="710"/>
                  <String HEIGHT="40"
                          WIDTH="108"
                          VPOS="1578"
                          HPOS="638"
                          CONTENT="loco"/>
               </TextLine>
               <TextLine ID="r2l72"
                         BASELINE="1667"
                         HEIGHT="52"
                         WIDTH="504"
                         VPOS="1615"
                         HPOS="250">
                  <String HEIGHT="52" WIDTH="92" VPOS="1615" HPOS="235" CONTENT="vt"/>
                  <SP HEIGHT="52" WIDTH="15" VPOS="1615" HPOS="326"/>
                  <String HEIGHT="52"
                          WIDTH="153"
                          VPOS="1615"
                          HPOS="281"
                          CONTENT="venti."/>
                  <SP HEIGHT="52" WIDTH="15" VPOS="1615" HPOS="433"/>
                  <String HEIGHT="52"
                          WIDTH="168"
                          VPOS="1615"
                          HPOS="387"
                          CONTENT="quaedam"/>
                  <SP HEIGHT="52" WIDTH="15" VPOS="1615" HPOS="555"/>
                  <String HEIGHT="52"
                          WIDTH="229"
                          VPOS="1615"
                          HPOS="510"
                          CONTENT="sensibilium"/>
                  <SP HEIGHT="52" WIDTH="15" VPOS="1615" HPOS="739"/>
                  <String HEIGHT="52" WIDTH="76" VPOS="1615" HPOS="678" CONTENT="paf"/>
               </TextLine>
               <TextLine ID="r2l74"
                         BASELINE="1714"
                         HEIGHT="53"
                         WIDTH="497"
                         VPOS="1661"
                         HPOS="248">
                  <String HEIGHT="53"
                          WIDTH="208"
                          VPOS="1661"
                          HPOS="232"
                          CONTENT="sionibus,"/>
                  <SP HEIGHT="53" WIDTH="16" VPOS="1661" HPOS="440"/>
                  <String HEIGHT="53" WIDTH="96" VPOS="1661" HPOS="392" CONTENT="vt"/>
                  <SP HEIGHT="53" WIDTH="16" VPOS="1661" HPOS="488"/>
                  <String HEIGHT="53"
                          WIDTH="176"
                          VPOS="1661"
                          HPOS="440"
                          CONTENT="duritie"/>
                  <SP HEIGHT="53" WIDTH="16" VPOS="1661" HPOS="617"/>
                  <String HEIGHT="53" WIDTH="80" VPOS="1661" HPOS="569" CONTENT="&amp;"/>
                  <SP HEIGHT="53" WIDTH="16" VPOS="1661" HPOS="649"/>
                  <String HEIGHT="53"
                          WIDTH="160"
                          VPOS="1661"
                          HPOS="585"
                          CONTENT="mollitie"/>
               </TextLine>
               <TextLine ID="r2l76"
                         BASELINE="1746"
                         HEIGHT="44"
                         WIDTH="500"
                         VPOS="1702"
                         HPOS="250">
                  <String HEIGHT="44" WIDTH="76" VPOS="1702" HPOS="235" CONTENT="&amp;"/>
                  <SP HEIGHT="44" WIDTH="15" VPOS="1702" HPOS="311"/>
                  <String HEIGHT="44"
                          WIDTH="197"
                          VPOS="1702"
                          HPOS="265"
                          CONTENT="densitate"/>
                  <SP HEIGHT="44" WIDTH="15" VPOS="1702" HPOS="462"/>
                  <String HEIGHT="44" WIDTH="76" VPOS="1702" HPOS="417" CONTENT="&amp;"/>
                  <SP HEIGHT="44" WIDTH="15" VPOS="1702" HPOS="492"/>
                  <String HEIGHT="44"
                          WIDTH="197"
                          VPOS="1702"
                          HPOS="447"
                          CONTENT="raritate,"/>
                  <SP HEIGHT="44" WIDTH="15" VPOS="1702" HPOS="644"/>
                  <String HEIGHT="44" WIDTH="76" VPOS="1702" HPOS="598" CONTENT="&amp;"/>
                  <SP HEIGHT="44" WIDTH="15" VPOS="1702" HPOS="674"/>
                  <String HEIGHT="44"
                          WIDTH="136"
                          VPOS="1702"
                          HPOS="614"
                          CONTENT="ficcita"/>
               </TextLine>
               <TextLine ID="r2l78"
                         BASELINE="1786"
                         HEIGHT="42"
                         WIDTH="503"
                         VPOS="1744"
                         HPOS="243">
                  <String HEIGHT="42" WIDTH="94" VPOS="1744" HPOS="227" CONTENT="te"/>
                  <SP HEIGHT="42" WIDTH="16" VPOS="1744" HPOS="322"/>
                  <String HEIGHT="42" WIDTH="79" VPOS="1744" HPOS="274" CONTENT="&amp;"/>
                  <SP HEIGHT="42" WIDTH="16" VPOS="1744" HPOS="353"/>
                  <String HEIGHT="42"
                          WIDTH="236"
                          VPOS="1744"
                          HPOS="306"
                          CONTENT="humiditate."/>
                  <SP HEIGHT="42" WIDTH="16" VPOS="1744" HPOS="542"/>
                  <String HEIGHT="42" WIDTH="79" VPOS="1744" HPOS="495" CONTENT="&amp;"/>
                  <SP HEIGHT="42" WIDTH="16" VPOS="1744" HPOS="573"/>
                  <String HEIGHT="42"
                          WIDTH="173"
                          VPOS="1744"
                          HPOS="526"
                          CONTENT="quaedam"/>
                  <SP HEIGHT="42" WIDTH="16" VPOS="1744" HPOS="699"/>
                  <String HEIGHT="42"
                          WIDTH="110"
                          VPOS="1744"
                          HPOS="636"
                          CONTENT="quibu"/>
               </TextLine>
               <TextLine ID="r2l80"
                         BASELINE="1834"
                         HEIGHT="47"
                         WIDTH="505"
                         VPOS="1787"
                         HPOS="244">
                  <String HEIGHT="47"
                          WIDTH="101"
                          VPOS="1787"
                          HPOS="230"
                          CONTENT="dam"/>
                  <SP HEIGHT="47" WIDTH="14" VPOS="1787" HPOS="331"/>
                  <String HEIGHT="47" WIDTH="87" VPOS="1787" HPOS="287" CONTENT="ex"/>
                  <SP HEIGHT="47" WIDTH="14" VPOS="1787" HPOS="374"/>
                  <String HEIGHT="47"
                          WIDTH="115"
                          VPOS="1787"
                          HPOS="331"
                          CONTENT="his,"/>
                  <SP HEIGHT="47" WIDTH="14" VPOS="1787" HPOS="446"/>
                  <String HEIGHT="47"
                          WIDTH="159"
                          VPOS="1787"
                          HPOS="403"
                          CONTENT="quaedam"/>
                  <SP HEIGHT="47" WIDTH="14" VPOS="1787" HPOS="561"/>
                  <String HEIGHT="47"
                          WIDTH="159"
                          VPOS="1787"
                          HPOS="518"
                          CONTENT="omnibus"/>
                  <SP HEIGHT="47" WIDTH="14" VPOS="1787" HPOS="677"/>
                  <String HEIGHT="47"
                          WIDTH="115"
                          VPOS="1787"
                          HPOS="634"
                          CONTENT="his."/>
                  <SP HEIGHT="47" WIDTH="14" VPOS="1787" HPOS="749"/>
                  <String HEIGHT="47" WIDTH="72" VPOS="1787" HPOS="706" CONTENT="&amp;"/>
                  <SP HEIGHT="47" WIDTH="14" VPOS="1787" HPOS="778"/>
                  <String HEIGHT="47" WIDTH="29" VPOS="1787" HPOS="720" CONTENT=""/>
               </TextLine>
               <TextLine ID="r2l82"
                         BASELINE="1882"
                         HEIGHT="54"
                         WIDTH="501"
                         VPOS="1828"
                         HPOS="244">
                  <String HEIGHT="54"
                          WIDTH="122"
                          VPOS="1828"
                          HPOS="232"
                          CONTENT="omnino"/>
                  <SP HEIGHT="54" WIDTH="12" VPOS="1828" HPOS="354"/>
                  <String HEIGHT="54"
                          WIDTH="134"
                          VPOS="1828"
                          HPOS="317"
                          CONTENT="quaedam"/>
                  <SP HEIGHT="54" WIDTH="12" VPOS="1828" HPOS="452"/>
                  <String HEIGHT="54"
                          WIDTH="159"
                          VPOS="1828"
                          HPOS="415"
                          CONTENT="redundem."/>
                  <SP HEIGHT="54" WIDTH="12" VPOS="1828" HPOS="574"/>
                  <String HEIGHT="54" WIDTH="73" VPOS="1828" HPOS="537" CONTENT="a,"/>
                  <SP HEIGHT="54" WIDTH="12" VPOS="1828" HPOS="611"/>
                  <String HEIGHT="54"
                          WIDTH="134"
                          VPOS="1828"
                          HPOS="574"
                          CONTENT="quaedam"/>
                  <SP HEIGHT="54" WIDTH="12" VPOS="1828" HPOS="708"/>
                  <String HEIGHT="54"
                          WIDTH="86"
                          VPOS="1828"
                          HPOS="659"
                          CONTENT="defe"/>
               </TextLine>
            </TextBlock>
            <TextBlock ID="TextRegion_1604537458230_397"
                       HEIGHT="1818"
                       WIDTH="548"
                       VPOS="92"
                       HPOS="767">
               <Shape>
                  <Polygon POINTS="767,92 1315,92 1315,1910 767,1910"/>
               </Shape>
               <TextLine ID="r2l3"
                         BASELINE="193"
                         HEIGHT="63"
                         WIDTH="543"
                         VPOS="130"
                         HPOS="777">
                  <String HEIGHT="63"
                          WIDTH="136"
                          VPOS="130"
                          HPOS="760"
                          CONTENT="ctu."/>
                  <SP HEIGHT="63" WIDTH="17" VPOS="130" HPOS="896"/>
                  <String HEIGHT="63"
                          WIDTH="153"
                          VPOS="130"
                          HPOS="845"
                          CONTENT="Quare"/>
                  <SP HEIGHT="63" WIDTH="17" VPOS="130" HPOS="998"/>
                  <String HEIGHT="63"
                          WIDTH="170"
                          VPOS="130"
                          HPOS="947"
                          CONTENT="patet,"/>
                  <SP HEIGHT="63" WIDTH="17" VPOS="130" HPOS="1116"/>
                  <String HEIGHT="63"
                          WIDTH="136"
                          VPOS="130"
                          HPOS="1065"
                          CONTENT="quod"/>
                  <SP HEIGHT="63" WIDTH="17" VPOS="130" HPOS="1201"/>
                  <String HEIGHT="63" WIDTH="85" VPOS="130" HPOS="1150" CONTENT="&amp;"/>
                  <SP HEIGHT="63" WIDTH="17" VPOS="130" HPOS="1235"/>
                  <String HEIGHT="63"
                          WIDTH="153"
                          VPOS="130"
                          HPOS="1184"
                          CONTENT="ipsum"/>
                  <SP HEIGHT="63" WIDTH="17" VPOS="130" HPOS="1337"/>
                  <String HEIGHT="63" WIDTH="51" VPOS="130" HPOS="1269" CONTENT="2"/>
               </TextLine>
               <TextLine ID="r2l5"
                         BASELINE="218"
                         HEIGHT="41"
                         WIDTH="496"
                         VPOS="177"
                         HPOS="780">
                  <String HEIGHT="41" WIDTH="75" VPOS="177" HPOS="769" CONTENT="est"/>
                  <SP HEIGHT="41" WIDTH="11" VPOS="177" HPOS="845"/>
                  <String HEIGHT="41"
                          WIDTH="108"
                          VPOS="177"
                          HPOS="812"
                          CONTENT="toties"/>
                  <SP HEIGHT="41" WIDTH="11" VPOS="177" HPOS="920"/>
                  <String HEIGHT="41"
                          WIDTH="119"
                          VPOS="177"
                          HPOS="888"
                          CONTENT="dicitur"/>
                  <SP HEIGHT="41" WIDTH="11" VPOS="177" HPOS="1006"/>
                  <String HEIGHT="41"
                          WIDTH="97"
                          VPOS="177"
                          HPOS="974"
                          CONTENT="limen"/>
                  <SP HEIGHT="41" WIDTH="11" VPOS="177" HPOS="1071"/>
                  <String HEIGHT="41"
                          WIDTH="86"
                          VPOS="177"
                          HPOS="1039"
                          CONTENT="enim"/>
                  <SP HEIGHT="41" WIDTH="11" VPOS="177" HPOS="1125"/>
                  <String HEIGHT="41"
                          WIDTH="86"
                          VPOS="177"
                          HPOS="1093"
                          CONTENT="est,"/>
                  <SP HEIGHT="41" WIDTH="11" VPOS="177" HPOS="1179"/>
                  <String HEIGHT="41"
                          WIDTH="119"
                          VPOS="177"
                          HPOS="1147"
                          CONTENT="quoniam"/>
                  <SP HEIGHT="41" WIDTH="11" VPOS="177" HPOS="1265"/>
                  <String HEIGHT="41" WIDTH="54" VPOS="177" HPOS="1222" CONTENT="ita"/>
               </TextLine>
               <TextLine ID="r2l7"
                         BASELINE="267"
                         HEIGHT="47"
                         WIDTH="506"
                         VPOS="220"
                         HPOS="779">
                  <String HEIGHT="47"
                          WIDTH="138"
                          VPOS="220"
                          HPOS="764"
                          CONTENT="situm"/>
                  <SP HEIGHT="47" WIDTH="15" VPOS="220" HPOS="902"/>
                  <String HEIGHT="47"
                          WIDTH="123"
                          VPOS="220"
                          HPOS="856"
                          CONTENT="est."/>
                  <SP HEIGHT="47" WIDTH="15" VPOS="220" HPOS="978"/>
                  <String HEIGHT="47" WIDTH="77" VPOS="220" HPOS="932" CONTENT="&amp;"/>
                  <SP HEIGHT="47" WIDTH="15" VPOS="220" HPOS="1009"/>
                  <String HEIGHT="47"
                          WIDTH="138"
                          VPOS="220"
                          HPOS="963"
                          CONTENT="esse,"/>
                  <SP HEIGHT="47" WIDTH="15" VPOS="220" HPOS="1101"/>
                  <String HEIGHT="47"
                          WIDTH="107"
                          VPOS="220"
                          HPOS="1055"
                          CONTENT="sic"/>
                  <SP HEIGHT="47" WIDTH="15" VPOS="220" HPOS="1162"/>
                  <String HEIGHT="47"
                          WIDTH="138"
                          VPOS="220"
                          HPOS="1116"
                          CONTENT="ipsum"/>
                  <SP HEIGHT="47" WIDTH="15" VPOS="220" HPOS="1254"/>
                  <String HEIGHT="47"
                          WIDTH="92"
                          VPOS="220"
                          HPOS="1193"
                          CONTENT="poni"/>
               </TextLine>
               <TextLine ID="r2l9"
                         BASELINE="306"
                         HEIGHT="46"
                         WIDTH="508"
                         VPOS="260"
                         HPOS="776">
                  <String HEIGHT="46"
                          WIDTH="174"
                          VPOS="260"
                          HPOS="763"
                          CONTENT="sigeneat."/>
                  <SP HEIGHT="46" WIDTH="13" VPOS="260" HPOS="936"/>
                  <String HEIGHT="46" WIDTH="67" VPOS="260" HPOS="896" CONTENT="&amp;"/>
                  <SP HEIGHT="46" WIDTH="13" VPOS="260" HPOS="963"/>
                  <String HEIGHT="46"
                          WIDTH="147"
                          VPOS="260"
                          HPOS="923"
                          CONTENT="glacien"/>
                  <SP HEIGHT="46" WIDTH="13" VPOS="260" HPOS="1070"/>
                  <String HEIGHT="46"
                          WIDTH="120"
                          VPOS="260"
                          HPOS="1030"
                          CONTENT="esse,"/>
                  <SP HEIGHT="46" WIDTH="13" VPOS="260" HPOS="1150"/>
                  <String HEIGHT="46" WIDTH="94" VPOS="260" HPOS="1110" CONTENT="sic"/>
                  <SP HEIGHT="46" WIDTH="13" VPOS="260" HPOS="1204"/>
                  <String HEIGHT="46"
                          WIDTH="134"
                          VPOS="260"
                          HPOS="1150"
                          CONTENT="densari."/>
               </TextLine>
               <TextLine ID="r2l11"
                         BASELINE="346"
                         HEIGHT="44"
                         WIDTH="490"
                         VPOS="302"
                         HPOS="788">
                  <String HEIGHT="44"
                          WIDTH="212"
                          VPOS="302"
                          HPOS="772"
                          CONTENT="Quorundam"/>
                  <SP HEIGHT="44" WIDTH="16" VPOS="302" HPOS="984"/>
                  <String HEIGHT="44"
                          WIDTH="131"
                          VPOS="302"
                          HPOS="935"
                          CONTENT="vero"/>
                  <SP HEIGHT="44" WIDTH="16" VPOS="302" HPOS="1066"/>
                  <String HEIGHT="44"
                          WIDTH="131"
                          VPOS="302"
                          HPOS="1017"
                          CONTENT="esse"/>
                  <SP HEIGHT="44" WIDTH="16" VPOS="302" HPOS="1147"/>
                  <String HEIGHT="44" WIDTH="82" VPOS="302" HPOS="1098" CONTENT="&amp;"/>
                  <SP HEIGHT="44" WIDTH="16" VPOS="302" HPOS="1180"/>
                  <String HEIGHT="44"
                          WIDTH="114"
                          VPOS="302"
                          HPOS="1131"
                          CONTENT="his"/>
                  <SP HEIGHT="44" WIDTH="16" VPOS="302" HPOS="1245"/>
                  <String HEIGHT="44"
                          WIDTH="98"
                          VPOS="302"
                          HPOS="1180"
                          CONTENT="omni"/>
               </TextLine>
               <TextLine ID="r2l13"
                         BASELINE="386"
                         HEIGHT="37"
                         WIDTH="504"
                         VPOS="349"
                         HPOS="777">
                  <String HEIGHT="37" WIDTH="104" VPOS="349" HPOS="762" CONTENT="bus"/>
                  <SP HEIGHT="37" WIDTH="15" VPOS="349" HPOS="866"/>
                  <String HEIGHT="37"
                          WIDTH="222"
                          VPOS="349"
                          HPOS="821"
                          CONTENT="definietur:"/>
                  <SP HEIGHT="37" WIDTH="15" VPOS="349" HPOS="1044"/>
                  <String HEIGHT="37" WIDTH="89" VPOS="349" HPOS="999" CONTENT="eo"/>
                  <SP HEIGHT="37" WIDTH="15" VPOS="349" HPOS="1088"/>
                  <String HEIGHT="37"
                          WIDTH="119"
                          VPOS="349"
                          HPOS="1044"
                          CONTENT="quod"/>
                  <SP HEIGHT="37" WIDTH="15" VPOS="349" HPOS="1162"/>
                  <String HEIGHT="37"
                          WIDTH="178"
                          VPOS="349"
                          HPOS="1103"
                          CONTENT="quaedammi"
                          SUBS_TYPE="HypPart1"
                          SUBS_CONTENT="quaedammiscentur,"/>
                  <HYP CONTENT="-"/>
               </TextLine>
               <TextLine ID="r2l15"
                         BASELINE="434"
                         HEIGHT="46"
                         WIDTH="492"
                         VPOS="388"
                         HPOS="785">
                  <String HEIGHT="46"
                          WIDTH="204"
                          VPOS="388"
                          HPOS="768"
                          CONTENT="scentur,"
                          SUBS_TYPE="HypPart2"
                          SUBS_CONTENT="quaedammiscentur,"/>
                  <SP HEIGHT="46" WIDTH="17" VPOS="388" HPOS="972"/>
                  <String HEIGHT="46"
                          WIDTH="187"
                          VPOS="388"
                          HPOS="921"
                          CONTENT="quaedam"/>
                  <SP HEIGHT="46" WIDTH="17" VPOS="388" HPOS="1107"/>
                  <String HEIGHT="46"
                          WIDTH="238"
                          VPOS="388"
                          HPOS="1039"
                          CONTENT="temperantur,"/>
               </TextLine>
               <TextLine ID="r2l17"
                         BASELINE="474"
                         HEIGHT="46"
                         WIDTH="499"
                         VPOS="428"
                         HPOS="776">
                  <String HEIGHT="46"
                          WIDTH="183"
                          VPOS="428"
                          HPOS="759"
                          CONTENT="quaedam"/>
                  <SP HEIGHT="46" WIDTH="17" VPOS="428" HPOS="942"/>
                  <String HEIGHT="46"
                          WIDTH="216"
                          VPOS="428"
                          HPOS="892"
                          CONTENT="ligantur,"/>
                  <SP HEIGHT="46" WIDTH="17" VPOS="428" HPOS="1109"/>
                  <String HEIGHT="46"
                          WIDTH="183"
                          VPOS="428"
                          HPOS="1059"
                          CONTENT="quaedam"/>
                  <SP HEIGHT="46" WIDTH="17" VPOS="428" HPOS="1242"/>
                  <String HEIGHT="46"
                          WIDTH="100"
                          VPOS="428"
                          HPOS="1175"
                          CONTENT="den"
                          SUBS_TYPE="HypPart1"
                          SUBS_CONTENT="densantur,"/>
                  <HYP CONTENT="-"/>
               </TextLine>
               <TextLine ID="r2l19"
                         BASELINE="515"
                         HEIGHT="46"
                         WIDTH="494"
                         VPOS="469"
                         HPOS="783">
                  <String HEIGHT="46"
                          WIDTH="170"
                          VPOS="469"
                          HPOS="768"
                          CONTENT="santur,"
                          SUBS_TYPE="HypPart2"
                          SUBS_CONTENT="densantur,"/>
                  <SP HEIGHT="46" WIDTH="15" VPOS="469" HPOS="937"/>
                  <String HEIGHT="46"
                          WIDTH="170"
                          VPOS="469"
                          HPOS="891"
                          CONTENT="quaedam"/>
                  <SP HEIGHT="46" WIDTH="15" VPOS="469" HPOS="1061"/>
                  <String HEIGHT="46"
                          WIDTH="185"
                          VPOS="469"
                          HPOS="1015"
                          CONTENT="caeteris"/>
                  <SP HEIGHT="46" WIDTH="15" VPOS="469" HPOS="1200"/>
                  <String HEIGHT="46"
                          WIDTH="139"
                          VPOS="469"
                          HPOS="1138"
                          CONTENT="differe"/>
               </TextLine>
               <TextLine ID="r2l21"
                         BASELINE="561"
                         HEIGHT="48"
                         WIDTH="503"
                         VPOS="513"
                         HPOS="783">
                  <String HEIGHT="48"
                          WIDTH="112"
                          VPOS="513"
                          HPOS="769"
                          CONTENT="tijs"/>
                  <SP HEIGHT="48" WIDTH="14" VPOS="513" HPOS="881"/>
                  <String HEIGHT="48"
                          WIDTH="168"
                          VPOS="513"
                          HPOS="839"
                          CONTENT="vtuntur,"/>
                  <SP HEIGHT="48" WIDTH="14" VPOS="513" HPOS="1007"/>
                  <String HEIGHT="48"
                          WIDTH="140"
                          VPOS="513"
                          HPOS="965"
                          CONTENT="sicuti"/>
                  <SP HEIGHT="48" WIDTH="14" VPOS="513" HPOS="1104"/>
                  <String HEIGHT="48"
                          WIDTH="140"
                          VPOS="513"
                          HPOS="1062"
                          CONTENT="manus,"/>
                  <SP HEIGHT="48" WIDTH="14" VPOS="513" HPOS="1202"/>
                  <String HEIGHT="48" WIDTH="98" VPOS="513" HPOS="1160" CONTENT="aut"/>
                  <SP HEIGHT="48" WIDTH="14" VPOS="513" HPOS="1258"/>
                  <String HEIGHT="48"
                          WIDTH="84"
                          VPOS="513"
                          HPOS="1202"
                          CONTENT="pes."/>
               </TextLine>
               <TextLine ID="r2l23"
                         BASELINE="602"
                         HEIGHT="45"
                         WIDTH="492"
                         VPOS="557"
                         HPOS="782">
                  <String HEIGHT="45"
                          WIDTH="186"
                          VPOS="557"
                          HPOS="769"
                          CONTENT="Accipienda"/>
                  <SP HEIGHT="45" WIDTH="13" VPOS="557" HPOS="955"/>
                  <String HEIGHT="45"
                          WIDTH="133"
                          VPOS="557"
                          HPOS="915"
                          CONTENT="igitur"/>
                  <SP HEIGHT="45" WIDTH="13" VPOS="557" HPOS="1048"/>
                  <String HEIGHT="45"
                          WIDTH="133"
                          VPOS="557"
                          HPOS="1008"
                          CONTENT="genera"/>
                  <SP HEIGHT="45" WIDTH="13" VPOS="557" HPOS="1141"/>
                  <String HEIGHT="45"
                          WIDTH="186"
                          VPOS="557"
                          HPOS="1088"
                          CONTENT="differentia,"/>
               </TextLine>
               <TextLine ID="r2l25"
                         BASELINE="651"
                         HEIGHT="49"
                         WIDTH="496"
                         VPOS="602"
                         HPOS="783">
                  <String HEIGHT="49"
                          WIDTH="110"
                          VPOS="602"
                          HPOS="769"
                          CONTENT="rum."/>
                  <SP HEIGHT="49" WIDTH="14" VPOS="602" HPOS="879"/>
                  <String HEIGHT="49"
                          WIDTH="110"
                          VPOS="602"
                          HPOS="838"
                          CONTENT="haec"/>
                  <SP HEIGHT="49" WIDTH="14" VPOS="602" HPOS="948"/>
                  <String HEIGHT="49"
                          WIDTH="110"
                          VPOS="602"
                          HPOS="907"
                          CONTENT="enim"/>
                  <SP HEIGHT="49" WIDTH="14" VPOS="602" HPOS="1017"/>
                  <String HEIGHT="49"
                          WIDTH="179"
                          VPOS="602"
                          HPOS="976"
                          CONTENT="principia"/>
                  <SP HEIGHT="49" WIDTH="14" VPOS="602" HPOS="1155"/>
                  <String HEIGHT="49"
                          WIDTH="179"
                          VPOS="602"
                          HPOS="1100"
                          CONTENT="existentiae"/>
               </TextLine>
               <TextLine ID="r2l27"
                         BASELINE="683"
                         HEIGHT="38"
                         WIDTH="484"
                         VPOS="645"
                         HPOS="785">
                  <String HEIGHT="38"
                          WIDTH="156"
                          VPOS="645"
                          HPOS="769"
                          CONTENT="erunt."/>
                  <SP HEIGHT="38" WIDTH="16" VPOS="645" HPOS="926"/>
                  <String HEIGHT="38" WIDTH="94" VPOS="645" HPOS="879" CONTENT="vt"/>
                  <SP HEIGHT="38" WIDTH="16" VPOS="645" HPOS="972"/>
                  <String HEIGHT="38"
                          WIDTH="125"
                          VPOS="645"
                          HPOS="926"
                          CONTENT="quae"/>
                  <SP HEIGHT="38" WIDTH="16" VPOS="645" HPOS="1050"/>
                  <String HEIGHT="38" WIDTH="94" VPOS="645" HPOS="1004" CONTENT="in"/>
                  <SP HEIGHT="38" WIDTH="16" VPOS="645" HPOS="1097"/>
                  <String HEIGHT="38"
                          WIDTH="141"
                          VPOS="645"
                          HPOS="1050"
                          CONTENT="magis"/>
                  <SP HEIGHT="38" WIDTH="16" VPOS="645" HPOS="1191"/>
                  <String HEIGHT="38" WIDTH="78" VPOS="645" HPOS="1144" CONTENT="&amp;"/>
                  <SP HEIGHT="38" WIDTH="16" VPOS="645" HPOS="1222"/>
                  <String HEIGHT="38"
                          WIDTH="109"
                          VPOS="645"
                          HPOS="1160"
                          CONTENT="minus"/>
               </TextLine>
               <TextLine ID="r2l29"
                         BASELINE="723"
                         HEIGHT="35"
                         WIDTH="499"
                         VPOS="688"
                         HPOS="783">
                  <String HEIGHT="35" WIDTH="103" VPOS="688" HPOS="768" CONTENT="aut"/>
                  <SP HEIGHT="35" WIDTH="15" VPOS="688" HPOS="871"/>
                  <String HEIGHT="35"
                          WIDTH="132"
                          VPOS="688"
                          HPOS="827"
                          CONTENT="denso"/>
                  <SP HEIGHT="35" WIDTH="15" VPOS="688" HPOS="959"/>
                  <String HEIGHT="35" WIDTH="73" VPOS="688" HPOS="915" CONTENT="&amp;"/>
                  <SP HEIGHT="35" WIDTH="15" VPOS="688" HPOS="988"/>
                  <String HEIGHT="35"
                          WIDTH="132"
                          VPOS="688"
                          HPOS="944"
                          CONTENT="raro,"/>
                  <SP HEIGHT="35" WIDTH="15" VPOS="688" HPOS="1077"/>
                  <String HEIGHT="35" WIDTH="73" VPOS="688" HPOS="1033" CONTENT="&amp;"/>
                  <SP HEIGHT="35" WIDTH="15" VPOS="688" HPOS="1106"/>
                  <String HEIGHT="35"
                          WIDTH="176"
                          VPOS="688"
                          HPOS="1062"
                          CONTENT="caeteris"/>
                  <SP HEIGHT="35" WIDTH="15" VPOS="688" HPOS="1238"/>
                  <String HEIGHT="35"
                          WIDTH="103"
                          VPOS="688"
                          HPOS="1179"
                          CONTENT="tali"
                          SUBS_TYPE="HypPart1"
                          SUBS_CONTENT="talibus."/>
                  <HYP CONTENT="-"/>
               </TextLine>
               <TextLine ID="r2l31"
                         BASELINE="770"
                         HEIGHT="45"
                         WIDTH="493"
                         VPOS="725"
                         HPOS="782">
                  <String HEIGHT="45"
                          WIDTH="131"
                          VPOS="725"
                          HPOS="766"
                          CONTENT="bus."
                          SUBS_TYPE="HypPart2"
                          SUBS_CONTENT="talibus."/>
                  <SP HEIGHT="45" WIDTH="16" VPOS="725" HPOS="897"/>
                  <String HEIGHT="45"
                          WIDTH="164"
                          VPOS="725"
                          HPOS="848"
                          CONTENT="cuncta"/>
                  <SP HEIGHT="45" WIDTH="16" VPOS="725" HPOS="1012"/>
                  <String HEIGHT="45"
                          WIDTH="164"
                          VPOS="725"
                          HPOS="963"
                          CONTENT="etenim"/>
                  <SP HEIGHT="45" WIDTH="16" VPOS="725" HPOS="1127"/>
                  <String HEIGHT="45"
                          WIDTH="131"
                          VPOS="725"
                          HPOS="1078"
                          CONTENT="haec"/>
                  <SP HEIGHT="45" WIDTH="16" VPOS="725" HPOS="1209"/>
                  <String HEIGHT="45"
                          WIDTH="131"
                          VPOS="725"
                          HPOS="1144"
                          CONTENT="redun"
                          SUBS_TYPE="HypPart1"
                          SUBS_CONTENT="redundantia"/>
                  <HYP CONTENT="-"/>
               </TextLine>
               <TextLine ID="r2l33"
                         BASELINE="818"
                         HEIGHT="53"
                         WIDTH="500"
                         VPOS="765"
                         HPOS="780">
                  <String HEIGHT="53"
                          WIDTH="179"
                          VPOS="765"
                          HPOS="762"
                          CONTENT="dantia"
                          SUBS_TYPE="HypPart2"
                          SUBS_CONTENT="redundantia"/>
                  <SP HEIGHT="53" WIDTH="18" VPOS="765" HPOS="941"/>
                  <String HEIGHT="53" WIDTH="89" VPOS="765" HPOS="887" CONTENT="&amp;"/>
                  <SP HEIGHT="53" WIDTH="18" VPOS="765" HPOS="976"/>
                  <String HEIGHT="53"
                          WIDTH="214"
                          VPOS="765"
                          HPOS="923"
                          CONTENT="defectus"/>
                  <SP HEIGHT="53" WIDTH="18" VPOS="765" HPOS="1137"/>
                  <String HEIGHT="53"
                          WIDTH="161"
                          VPOS="765"
                          HPOS="1084"
                          CONTENT="sunt."/>
                  <SP HEIGHT="53" WIDTH="18" VPOS="765" HPOS="1244"/>
                  <String HEIGHT="53"
                          WIDTH="107"
                          VPOS="765"
                          HPOS="1173"
                          CONTENT="Quod"/>
               </TextLine>
               <TextLine ID="r2l35"
                         BASELINE="850"
                         HEIGHT="42"
                         WIDTH="495"
                         VPOS="808"
                         HPOS="785">
                  <String HEIGHT="42"
                          WIDTH="134"
                          VPOS="808"
                          HPOS="772"
                          CONTENT="siquid"/>
                  <SP HEIGHT="42" WIDTH="13" VPOS="808" HPOS="905"/>
                  <String HEIGHT="42"
                          WIDTH="147"
                          VPOS="808"
                          HPOS="865"
                          CONTENT="sigura,"/>
                  <SP HEIGHT="42" WIDTH="13" VPOS="808" HPOS="1012"/>
                  <String HEIGHT="42" WIDTH="94" VPOS="808" HPOS="972" CONTENT="aut"/>
                  <SP HEIGHT="42" WIDTH="13" VPOS="808" HPOS="1066"/>
                  <String HEIGHT="42"
                          WIDTH="174"
                          VPOS="808"
                          HPOS="1026"
                          CONTENT="leuitate,"/>
                  <SP HEIGHT="42" WIDTH="13" VPOS="808" HPOS="1200"/>
                  <String HEIGHT="42" WIDTH="94" VPOS="808" HPOS="1160" CONTENT="aut"/>
                  <SP HEIGHT="42" WIDTH="13" VPOS="808" HPOS="1253"/>
                  <String HEIGHT="42"
                          WIDTH="80"
                          VPOS="808"
                          HPOS="1200"
                          CONTENT="aspe"/>
               </TextLine>
               <TextLine ID="r2l37"
                         BASELINE="894"
                         HEIGHT="41"
                         WIDTH="506"
                         VPOS="853"
                         HPOS="783">
                  <String HEIGHT="41"
                          WIDTH="174"
                          VPOS="853"
                          HPOS="767"
                          CONTENT="ritate,"/>
                  <SP HEIGHT="41" WIDTH="16" VPOS="853" HPOS="941"/>
                  <String HEIGHT="41"
                          WIDTH="142"
                          VPOS="853"
                          HPOS="894"
                          CONTENT="omnia"/>
                  <SP HEIGHT="41" WIDTH="16" VPOS="853" HPOS="1036"/>
                  <String HEIGHT="41"
                          WIDTH="142"
                          VPOS="853"
                          HPOS="989"
                          CONTENT="recto"/>
                  <SP HEIGHT="41" WIDTH="16" VPOS="853" HPOS="1131"/>
                  <String HEIGHT="41" WIDTH="79" VPOS="853" HPOS="1083" CONTENT="&amp;"/>
                  <SP HEIGHT="41" WIDTH="16" VPOS="853" HPOS="1163"/>
                  <String HEIGHT="41"
                          WIDTH="158"
                          VPOS="853"
                          HPOS="1115"
                          CONTENT="curuo."/>
                  <SP HEIGHT="41" WIDTH="16" VPOS="853" HPOS="1273"/>
                  <String HEIGHT="41" WIDTH="79" VPOS="853" HPOS="1210" CONTENT="his"/>
               </TextLine>
               <TextLine ID="r2l39"
                         BASELINE="946"
                         HEIGHT="54"
                         WIDTH="494"
                         VPOS="892"
                         HPOS="780">
                  <String HEIGHT="54"
                          WIDTH="124"
                          VPOS="892"
                          HPOS="765"
                          CONTENT="vero"/>
                  <SP HEIGHT="54" WIDTH="15" VPOS="892" HPOS="888"/>
                  <String HEIGHT="54"
                          WIDTH="124"
                          VPOS="892"
                          HPOS="842"
                          CONTENT="esse"/>
                  <SP HEIGHT="54" WIDTH="15" VPOS="892" HPOS="965"/>
                  <String HEIGHT="54"
                          WIDTH="124"
                          VPOS="892"
                          HPOS="919"
                          CONTENT="erit"/>
                  <SP HEIGHT="54" WIDTH="15" VPOS="892" HPOS="1042"/>
                  <String HEIGHT="54"
                          WIDTH="185"
                          VPOS="892"
                          HPOS="996"
                          CONTENT="misceri,"/>
                  <SP HEIGHT="54" WIDTH="15" VPOS="892" HPOS="1181"/>
                  <String HEIGHT="54"
                          WIDTH="154"
                          VPOS="892"
                          HPOS="1120"
                          CONTENT="opposito"/>
               </TextLine>
               <TextLine ID="r2l41"
                         BASELINE="981"
                         HEIGHT="49"
                         WIDTH="500"
                         VPOS="932"
                         HPOS="776">
                  <String HEIGHT="49"
                          WIDTH="155"
                          VPOS="932"
                          HPOS="759"
                          CONTENT="autem"/>
                  <SP HEIGHT="49" WIDTH="17" VPOS="932" HPOS="914"/>
                  <String HEIGHT="49"
                          WIDTH="155"
                          VPOS="932"
                          HPOS="862"
                          CONTENT="modo,"/>
                  <SP HEIGHT="49" WIDTH="17" VPOS="932" HPOS="1017"/>
                  <String HEIGHT="49" WIDTH="121" VPOS="932" HPOS="966" CONTENT="non"/>
                  <SP HEIGHT="49" WIDTH="17" VPOS="932" HPOS="1086"/>
                  <String HEIGHT="49"
                          WIDTH="155"
                          VPOS="932"
                          HPOS="1035"
                          CONTENT="esse."/>
                  <SP HEIGHT="49" WIDTH="17" VPOS="932" HPOS="1190"/>
                  <String HEIGHT="49"
                          WIDTH="155"
                          VPOS="932"
                          HPOS="1121"
                          CONTENT="Manife"
                          SUBS_TYPE="HypPart1"
                          SUBS_CONTENT="Manifestum"/>
                  <HYP CONTENT="-"/>
               </TextLine>
               <TextLine ID="r2l43"
                         BASELINE="1018"
                         HEIGHT="41"
                         WIDTH="511"
                         VPOS="977"
                         HPOS="778">
                  <String HEIGHT="41"
                          WIDTH="105"
                          VPOS="977"
                          HPOS="765"
                          CONTENT="stum"
                          SUBS_TYPE="HypPart2"
                          SUBS_CONTENT="Manifestum"/>
                  <SP HEIGHT="41" WIDTH="13" VPOS="977" HPOS="870"/>
                  <String HEIGHT="41"
                          WIDTH="131"
                          VPOS="977"
                          HPOS="830"
                          CONTENT="igitur"/>
                  <SP HEIGHT="41" WIDTH="13" VPOS="977" HPOS="961"/>
                  <String HEIGHT="41" WIDTH="79" VPOS="977" HPOS="922" CONTENT="ex"/>
                  <SP HEIGHT="41" WIDTH="13" VPOS="977" HPOS="1001"/>
                  <String HEIGHT="41" WIDTH="92" VPOS="977" HPOS="961" CONTENT="his"/>
                  <SP HEIGHT="41" WIDTH="13" VPOS="977" HPOS="1053"/>
                  <String HEIGHT="41"
                          WIDTH="105"
                          VPOS="977"
                          HPOS="1014"
                          CONTENT="est,"/>
                  <SP HEIGHT="41" WIDTH="13" VPOS="977" HPOS="1119"/>
                  <String HEIGHT="41"
                          WIDTH="105"
                          VPOS="977"
                          HPOS="1079"
                          CONTENT="quod"/>
                  <SP HEIGHT="41" WIDTH="13" VPOS="977" HPOS="1184"/>
                  <String HEIGHT="41" WIDTH="79" VPOS="977" HPOS="1145" CONTENT="si"/>
                  <SP HEIGHT="41" WIDTH="13" VPOS="977" HPOS="1223"/>
                  <String HEIGHT="41"
                          WIDTH="118"
                          VPOS="977"
                          HPOS="1171"
                          CONTENT="substan"/>
               </TextLine>
               <TextLine ID="r2l45"
                         BASELINE="1071"
                         HEIGHT="53"
                         WIDTH="486"
                         VPOS="1018"
                         HPOS="785">
                  <String HEIGHT="53"
                          WIDTH="103"
                          VPOS="1018"
                          HPOS="770"
                          CONTENT="tia"/>
                  <SP HEIGHT="53" WIDTH="15" VPOS="1018" HPOS="873"/>
                  <String HEIGHT="53"
                          WIDTH="133"
                          VPOS="1018"
                          HPOS="829"
                          CONTENT="causa"/>
                  <SP HEIGHT="53" WIDTH="15" VPOS="1018" HPOS="962"/>
                  <String HEIGHT="53"
                          WIDTH="118"
                          VPOS="1018"
                          HPOS="918"
                          CONTENT="est,"/>
                  <SP HEIGHT="53" WIDTH="15" VPOS="1018" HPOS="1035"/>
                  <String HEIGHT="53" WIDTH="88" VPOS="1018" HPOS="991" CONTENT="vt"/>
                  <SP HEIGHT="53" WIDTH="15" VPOS="1018" HPOS="1080"/>
                  <String HEIGHT="53"
                          WIDTH="221"
                          VPOS="1018"
                          HPOS="1035"
                          CONTENT="vnumquodque"/>
                  <SP HEIGHT="53" WIDTH="15" VPOS="1018" HPOS="1256"/>
                  <String HEIGHT="53"
                          WIDTH="74"
                          VPOS="1018"
                          HPOS="1197"
                          CONTENT="sit"/>
               </TextLine>
               <TextLine ID="r2l47"
                         BASELINE="1115"
                         HEIGHT="54"
                         WIDTH="499"
                         VPOS="1061"
                         HPOS="782">
                  <String HEIGHT="54" WIDTH="97" VPOS="1061" HPOS="766" CONTENT="in"/>
                  <SP HEIGHT="54" WIDTH="16" VPOS="1061" HPOS="862"/>
                  <String HEIGHT="54"
                          WIDTH="113"
                          VPOS="1061"
                          HPOS="814"
                          CONTENT="his"/>
                  <SP HEIGHT="54" WIDTH="16" VPOS="1061" HPOS="927"/>
                  <String HEIGHT="54"
                          WIDTH="225"
                          VPOS="1061"
                          HPOS="879"
                          CONTENT="quaerendum"/>
                  <SP HEIGHT="54" WIDTH="16" VPOS="1061" HPOS="1104"/>
                  <String HEIGHT="54"
                          WIDTH="129"
                          VPOS="1061"
                          HPOS="1056"
                          CONTENT="est,"/>
                  <SP HEIGHT="54" WIDTH="16" VPOS="1061" HPOS="1184"/>
                  <String HEIGHT="54"
                          WIDTH="177"
                          VPOS="1061"
                          HPOS="1136"
                          CONTENT="quaenam"/>
                  <SP HEIGHT="54" WIDTH="16" VPOS="1061" HPOS="1313"/>
                  <String HEIGHT="54" WIDTH="32" VPOS="1061" HPOS="1249" CONTENT=""/>
               </TextLine>
               <TextLine ID="r2l49"
                         BASELINE="1154"
                         HEIGHT="48"
                         WIDTH="499"
                         VPOS="1106"
                         HPOS="780">
                  <String HEIGHT="48" WIDTH="91" VPOS="1106" HPOS="765" CONTENT="vt"/>
                  <SP HEIGHT="48" WIDTH="15" VPOS="1106" HPOS="856"/>
                  <String HEIGHT="48"
                          WIDTH="136"
                          VPOS="1106"
                          HPOS="810"
                          CONTENT="horum"/>
                  <SP HEIGHT="48" WIDTH="15" VPOS="1106" HPOS="946"/>
                  <String HEIGHT="48"
                          WIDTH="166"
                          VPOS="1106"
                          HPOS="901"
                          CONTENT="singula"/>
                  <SP HEIGHT="48" WIDTH="15" VPOS="1106" HPOS="1067"/>
                  <String HEIGHT="48"
                          WIDTH="136"
                          VPOS="1106"
                          HPOS="1022"
                          CONTENT="sint,"/>
                  <SP HEIGHT="48" WIDTH="15" VPOS="1106" HPOS="1158"/>
                  <String HEIGHT="48"
                          WIDTH="136"
                          VPOS="1106"
                          HPOS="1113"
                          CONTENT="causa"/>
                  <SP HEIGHT="48" WIDTH="15" VPOS="1106" HPOS="1249"/>
                  <String HEIGHT="48"
                          WIDTH="91"
                          VPOS="1106"
                          HPOS="1188"
                          CONTENT="est."/>
               </TextLine>
               <TextLine ID="r2l51"
                         BASELINE="1193"
                         HEIGHT="49"
                         WIDTH="501"
                         VPOS="1144"
                         HPOS="780">
                  <String HEIGHT="49"
                          WIDTH="206"
                          VPOS="1144"
                          HPOS="765"
                          CONTENT="Substantia"/>
                  <SP HEIGHT="49" WIDTH="15" VPOS="1144" HPOS="972"/>
                  <String HEIGHT="49"
                          WIDTH="147"
                          VPOS="1144"
                          HPOS="927"
                          CONTENT="itaque"/>
                  <SP HEIGHT="49" WIDTH="15" VPOS="1144" HPOS="1075"/>
                  <String HEIGHT="49"
                          WIDTH="133"
                          VPOS="1144"
                          HPOS="1031"
                          CONTENT="nihil"/>
                  <SP HEIGHT="49" WIDTH="15" VPOS="1144" HPOS="1163"/>
                  <String HEIGHT="49"
                          WIDTH="133"
                          VPOS="1144"
                          HPOS="1119"
                          CONTENT="horum"/>
                  <SP HEIGHT="49" WIDTH="15" VPOS="1144" HPOS="1252"/>
                  <String HEIGHT="49"
                          WIDTH="88"
                          VPOS="1144"
                          HPOS="1193"
                          CONTENT="est,"/>
               </TextLine>
               <TextLine ID="r2l53"
                         BASELINE="1242"
                         HEIGHT="46"
                         WIDTH="499"
                         VPOS="1196"
                         HPOS="784">
                  <String HEIGHT="46"
                          WIDTH="150"
                          VPOS="1196"
                          HPOS="767"
                          CONTENT="neque"/>
                  <SP HEIGHT="46" WIDTH="17" VPOS="1196" HPOS="917"/>
                  <String HEIGHT="46"
                          WIDTH="250"
                          VPOS="1196"
                          HPOS="867"
                          CONTENT="combinatum:"/>
                  <SP HEIGHT="46" WIDTH="17" VPOS="1196" HPOS="1117"/>
                  <String HEIGHT="46"
                          WIDTH="183"
                          VPOS="1196"
                          HPOS="1067"
                          CONTENT="attamen"/>
                  <SP HEIGHT="46" WIDTH="17" VPOS="1196" HPOS="1250"/>
                  <String HEIGHT="46"
                          WIDTH="100"
                          VPOS="1196"
                          HPOS="1183"
                          CONTENT="pro"
                          SUBS_TYPE="HypPart1"
                          SUBS_CONTENT="proportionale"/>
                  <HYP CONTENT="-"/>
               </TextLine>
               <TextLine ID="r2l55"
                         BASELINE="1282"
                         HEIGHT="45"
                         WIDTH="391"
                         VPOS="1237"
                         HPOS="785">
                  <String HEIGHT="45"
                          WIDTH="238"
                          VPOS="1237"
                          HPOS="768"
                          CONTENT="portionale"
                          SUBS_TYPE="HypPart2"
                          SUBS_CONTENT="proportionale"/>
                  <SP HEIGHT="45" WIDTH="17" VPOS="1237" HPOS="1006"/>
                  <String HEIGHT="45" WIDTH="102" VPOS="1237" HPOS="955" CONTENT="in"/>
                  <SP HEIGHT="45" WIDTH="17" VPOS="1237" HPOS="1057"/>
                  <String HEIGHT="45"
                          WIDTH="187"
                          VPOS="1237"
                          HPOS="989"
                          CONTENT="vnoquoque"/>
               </TextLine>
               <TextLine ID="r2l58"
                         BASELINE="1347"
                         HEIGHT="62"
                         WIDTH="443"
                         VPOS="1285"
                         HPOS="824">
                  <String HEIGHT="62"
                          WIDTH="119"
                          VPOS="1285"
                          HPOS="807"
                          CONTENT="Cum"/>
                  <SP HEIGHT="62" WIDTH="17" VPOS="1285" HPOS="926"/>
                  <String HEIGHT="62"
                          WIDTH="170"
                          VPOS="1285"
                          HPOS="875"
                          CONTENT="igitur"/>
                  <SP HEIGHT="62" WIDTH="17" VPOS="1285" HPOS="1046"/>
                  <String HEIGHT="62"
                          WIDTH="187"
                          VPOS="1285"
                          HPOS="994"
                          CONTENT="quaedam"/>
                  <SP HEIGHT="62" WIDTH="17" VPOS="1285" HPOS="1182"/>
                  <String HEIGHT="62"
                          WIDTH="153"
                          VPOS="1285"
                          HPOS="1114"
                          CONTENT="substan"/>
               </TextLine>
               <TextLine ID="r2l60"
                         BASELINE="1396"
                         HEIGHT="66"
                         WIDTH="493"
                         VPOS="1330"
                         HPOS="784">
                  <String HEIGHT="66"
                          WIDTH="107"
                          VPOS="1330"
                          HPOS="771"
                          CONTENT="tiae"/>
                  <SP HEIGHT="66" WIDTH="13" VPOS="1330" HPOS="877"/>
                  <String HEIGHT="66"
                          WIDTH="107"
                          VPOS="1330"
                          HPOS="837"
                          CONTENT="sint"/>
                  <SP HEIGHT="66" WIDTH="13" VPOS="1330" HPOS="944"/>
                  <String HEIGHT="66"
                          WIDTH="187"
                          VPOS="1330"
                          HPOS="904"
                          CONTENT="concessae,"/>
                  <SP HEIGHT="66" WIDTH="13" VPOS="1330" HPOS="1090"/>
                  <String HEIGHT="66" WIDTH="80" VPOS="1330" HPOS="1050" CONTENT="vt"/>
                  <SP HEIGHT="66" WIDTH="13" VPOS="1330" HPOS="1130"/>
                  <String HEIGHT="66"
                          WIDTH="187"
                          VPOS="1330"
                          HPOS="1090"
                          CONTENT="subiectum,"/>
                  <SP HEIGHT="66" WIDTH="13" VPOS="1330" HPOS="1277"/>
                  <String HEIGHT="66" WIDTH="67" VPOS="1330" HPOS="1237" CONTENT="&amp;"/>
                  <SP HEIGHT="66" WIDTH="13" VPOS="1330" HPOS="1304"/>
                  <String HEIGHT="66" WIDTH="27" VPOS="1330" HPOS="1250" CONTENT=""/>
               </TextLine>
               <TextLine ID="r2l62"
                         BASELINE="1442"
                         HEIGHT="61"
                         WIDTH="498"
                         VPOS="1381"
                         HPOS="782">
                  <String HEIGHT="61"
                          WIDTH="166"
                          VPOS="1381"
                          HPOS="767"
                          CONTENT="materia"/>
                  <SP HEIGHT="61" WIDTH="15" VPOS="1381" HPOS="933"/>
                  <String HEIGHT="61"
                          WIDTH="151"
                          VPOS="1381"
                          HPOS="888"
                          CONTENT="etiam,"/>
                  <SP HEIGHT="61" WIDTH="15" VPOS="1381" HPOS="1039"/>
                  <String HEIGHT="61" WIDTH="75" VPOS="1381" HPOS="993" CONTENT="&amp;"/>
                  <SP HEIGHT="61" WIDTH="15" VPOS="1381" HPOS="1069"/>
                  <String HEIGHT="61"
                          WIDTH="106"
                          VPOS="1381"
                          HPOS="1023"
                          CONTENT="est"/>
                  <SP HEIGHT="61" WIDTH="15" VPOS="1381" HPOS="1129"/>
                  <String HEIGHT="61"
                          WIDTH="151"
                          VPOS="1381"
                          HPOS="1084"
                          CONTENT="illud,"/>
                  <SP HEIGHT="61" WIDTH="15" VPOS="1381" HPOS="1235"/>
                  <String HEIGHT="61"
                          WIDTH="121"
                          VPOS="1381"
                          HPOS="1189"
                          CONTENT="quod"/>
                  <SP HEIGHT="61" WIDTH="15" VPOS="1381" HPOS="1310"/>
                  <String HEIGHT="61" WIDTH="30" VPOS="1381" HPOS="1250" CONTENT=""/>
               </TextLine>
               <TextLine ID="r2l64"
                         BASELINE="1490"
                         HEIGHT="61"
                         WIDTH="488"
                         VPOS="1429"
                         HPOS="788">
                  <String HEIGHT="61" WIDTH="95" VPOS="1429" HPOS="774" CONTENT="est"/>
                  <SP HEIGHT="61" WIDTH="14" VPOS="1429" HPOS="869"/>
                  <String HEIGHT="61" WIDTH="81" VPOS="1429" HPOS="829" CONTENT="in"/>
                  <SP HEIGHT="61" WIDTH="14" VPOS="1429" HPOS="910"/>
                  <String HEIGHT="61"
                          WIDTH="176"
                          VPOS="1429"
                          HPOS="869"
                          CONTENT="potentia,"/>
                  <SP HEIGHT="61" WIDTH="14" VPOS="1429" HPOS="1046"/>
                  <String HEIGHT="61"
                          WIDTH="149"
                          VPOS="1429"
                          HPOS="1005"
                          CONTENT="remanet"/>
                  <SP HEIGHT="61" WIDTH="14" VPOS="1429" HPOS="1154"/>
                  <String HEIGHT="61"
                          WIDTH="136"
                          VPOS="1429"
                          HPOS="1113"
                          CONTENT="dicere"/>
                  <SP HEIGHT="61" WIDTH="14" VPOS="1429" HPOS="1249"/>
                  <String HEIGHT="61"
                          WIDTH="95"
                          VPOS="1429"
                          HPOS="1208"
                          CONTENT="qua"/>
                  <SP HEIGHT="61" WIDTH="14" VPOS="1429" HPOS="1303"/>
                  <String HEIGHT="61" WIDTH="27" VPOS="1429" HPOS="1249" CONTENT=""/>
               </TextLine>
               <TextLine ID="r2l66"
                         BASELINE="1539"
                         HEIGHT="63"
                         WIDTH="503"
                         VPOS="1476"
                         HPOS="780">
                  <String HEIGHT="63" WIDTH="95" VPOS="1476" HPOS="766" CONTENT="est"/>
                  <SP HEIGHT="63" WIDTH="14" VPOS="1476" HPOS="862"/>
                  <String HEIGHT="63"
                          WIDTH="190"
                          VPOS="1476"
                          HPOS="821"
                          CONTENT="substantia"/>
                  <SP HEIGHT="63" WIDTH="14" VPOS="1476" HPOS="1011"/>
                  <String HEIGHT="63"
                          WIDTH="218"
                          VPOS="1476"
                          HPOS="970"
                          CONTENT="sensibilium,"/>
                  <SP HEIGHT="63" WIDTH="14" VPOS="1476" HPOS="1188"/>
                  <String HEIGHT="63"
                          WIDTH="109"
                          VPOS="1476"
                          HPOS="1147"
                          CONTENT="quae"/>
                  <SP HEIGHT="63" WIDTH="14" VPOS="1476" HPOS="1256"/>
                  <String HEIGHT="63"
                          WIDTH="95"
                          VPOS="1476"
                          HPOS="1215"
                          CONTENT="est"/>
                  <SP HEIGHT="63" WIDTH="14" VPOS="1476" HPOS="1310"/>
                  <String HEIGHT="63" WIDTH="27" VPOS="1476" HPOS="1256" CONTENT=""/>
               </TextLine>
               <TextLine ID="r2l68"
                         BASELINE="1570"
                         HEIGHT="41"
                         WIDTH="490"
                         VPOS="1529"
                         HPOS="778">
                  <String HEIGHT="41" WIDTH="89" VPOS="1529" HPOS="763" CONTENT="in"/>
                  <SP HEIGHT="41" WIDTH="15" VPOS="1529" HPOS="852"/>
                  <String HEIGHT="41"
                          WIDTH="134"
                          VPOS="1529"
                          HPOS="808"
                          CONTENT="actu."/>
                  <SP HEIGHT="41" WIDTH="15" VPOS="1529" HPOS="941"/>
                  <String HEIGHT="41"
                          WIDTH="134"
                          VPOS="1529"
                          HPOS="897"
                          CONTENT="Demo."/>
                  <SP HEIGHT="41" WIDTH="15" VPOS="1529" HPOS="1030"/>
                  <String HEIGHT="41"
                          WIDTH="119"
                          VPOS="1529"
                          HPOS="986"
                          CONTENT="vero"/>
                  <SP HEIGHT="41" WIDTH="15" VPOS="1529" HPOS="1105"/>
                  <String HEIGHT="41"
                          WIDTH="223"
                          VPOS="1529"
                          HPOS="1045"
                          CONTENT="existimauuit,"/>
               </TextLine>
               <TextLine ID="r2l70"
                         BASELINE="1635"
                         HEIGHT="62"
                         WIDTH="500"
                         VPOS="1573"
                         HPOS="780">
                  <String HEIGHT="62"
                          WIDTH="118"
                          VPOS="1573"
                          HPOS="765"
                          CONTENT="quod"/>
                  <SP HEIGHT="62" WIDTH="15" VPOS="1573" HPOS="883"/>
                  <String HEIGHT="62"
                          WIDTH="235"
                          VPOS="1573"
                          HPOS="839"
                          CONTENT="differentiae"/>
                  <SP HEIGHT="62" WIDTH="15" VPOS="1573" HPOS="1074"/>
                  <String HEIGHT="62"
                          WIDTH="132"
                          VPOS="1573"
                          HPOS="1030"
                          CONTENT="eorum"/>
                  <SP HEIGHT="62" WIDTH="15" VPOS="1573" HPOS="1162"/>
                  <String HEIGHT="62"
                          WIDTH="118"
                          VPOS="1573"
                          HPOS="1118"
                          CONTENT="sunt"/>
                  <SP HEIGHT="62" WIDTH="15" VPOS="1573" HPOS="1236"/>
                  <String HEIGHT="62"
                          WIDTH="103"
                          VPOS="1573"
                          HPOS="1177"
                          CONTENT="tres,"/>
               </TextLine>
               <TextLine ID="r2l73"
                         BASELINE="1682"
                         HEIGHT="60"
                         WIDTH="512"
                         VPOS="1622"
                         HPOS="780">
                  <String HEIGHT="60"
                          WIDTH="171"
                          VPOS="1622"
                          HPOS="764"
                          CONTENT="materia"/>
                  <SP HEIGHT="60" WIDTH="16" VPOS="1622" HPOS="935"/>
                  <String HEIGHT="60"
                          WIDTH="140"
                          VPOS="1622"
                          HPOS="889"
                          CONTENT="vero,"/>
                  <SP HEIGHT="60" WIDTH="16" VPOS="1622" HPOS="1028"/>
                  <String HEIGHT="60"
                          WIDTH="124"
                          VPOS="1622"
                          HPOS="982"
                          CONTENT="quae"/>
                  <SP HEIGHT="60" WIDTH="16" VPOS="1622" HPOS="1106"/>
                  <String HEIGHT="60"
                          WIDTH="109"
                          VPOS="1622"
                          HPOS="1059"
                          CONTENT="est"/>
                  <SP HEIGHT="60" WIDTH="16" VPOS="1622" HPOS="1168"/>
                  <String HEIGHT="60"
                          WIDTH="186"
                          VPOS="1622"
                          HPOS="1106"
                          CONTENT="substantia"/>
               </TextLine>
               <TextLine ID="r2l75"
                         BASELINE="1734"
                         HEIGHT="66"
                         WIDTH="505"
                         VPOS="1668"
                         HPOS="782">
                  <String HEIGHT="66"
                          WIDTH="199"
                          VPOS="1668"
                          HPOS="767"
                          CONTENT="subiecta,"/>
                  <SP HEIGHT="66" WIDTH="15" VPOS="1668" HPOS="966"/>
                  <String HEIGHT="66"
                          WIDTH="107"
                          VPOS="1668"
                          HPOS="920"
                          CONTENT="est"/>
                  <SP HEIGHT="66" WIDTH="15" VPOS="1668" HPOS="1027"/>
                  <String HEIGHT="66"
                          WIDTH="138"
                          VPOS="1668"
                          HPOS="981"
                          CONTENT="eadem"/>
                  <SP HEIGHT="66" WIDTH="15" VPOS="1668" HPOS="1119"/>
                  <String HEIGHT="66"
                          WIDTH="153"
                          VPOS="1668"
                          HPOS="1073"
                          CONTENT="etiam:"/>
                  <SP HEIGHT="66" WIDTH="15" VPOS="1668" HPOS="1226"/>
                  <String HEIGHT="66" WIDTH="77" VPOS="1668" HPOS="1180" CONTENT="&amp;"/>
                  <SP HEIGHT="66" WIDTH="15" VPOS="1668" HPOS="1256"/>
                  <String HEIGHT="66"
                          WIDTH="92"
                          VPOS="1668"
                          HPOS="1195"
                          CONTENT="dif"
                          SUBS_TYPE="HypPart1"
                          SUBS_CONTENT="differt,"/>
                  <HYP CONTENT="-"/>
               </TextLine>
               <TextLine ID="r2l77"
                         BASELINE="1772"
                         HEIGHT="56"
                         WIDTH="514"
                         VPOS="1716"
                         HPOS="780">
                  <String HEIGHT="56"
                          WIDTH="136"
                          VPOS="1716"
                          HPOS="765"
                          CONTENT="fert,"
                          SUBS_TYPE="HypPart2"
                          SUBS_CONTENT="differt,"/>
                  <SP HEIGHT="56" WIDTH="15" VPOS="1716" HPOS="901"/>
                  <String HEIGHT="56"
                          WIDTH="106"
                          VPOS="1716"
                          HPOS="856"
                          CONTENT="aut"/>
                  <SP HEIGHT="56" WIDTH="15" VPOS="1716" HPOS="961"/>
                  <String HEIGHT="56"
                          WIDTH="181"
                          VPOS="1716"
                          HPOS="916"
                          CONTENT="secundum"/>
                  <SP HEIGHT="56" WIDTH="15" VPOS="1716" HPOS="1097"/>
                  <String HEIGHT="56"
                          WIDTH="181"
                          VPOS="1716"
                          HPOS="1052"
                          CONTENT="ordinem,"/>
                  <SP HEIGHT="56" WIDTH="15" VPOS="1716" HPOS="1234"/>
                  <String HEIGHT="56"
                          WIDTH="106"
                          VPOS="1716"
                          HPOS="1188"
                          CONTENT="qui"/>
                  <SP HEIGHT="56" WIDTH="15" VPOS="1716" HPOS="1294"/>
                  <String HEIGHT="56" WIDTH="60" VPOS="1716" HPOS="1234" CONTENT="es"/>
               </TextLine>
               <TextLine ID="r2l79"
                         BASELINE="1827"
                         HEIGHT="62"
                         WIDTH="506"
                         VPOS="1765"
                         HPOS="787">
                  <String HEIGHT="62"
                          WIDTH="174"
                          VPOS="1765"
                          HPOS="771"
                          CONTENT="sigura:"/>
                  <SP HEIGHT="62" WIDTH="16" VPOS="1765" HPOS="945"/>
                  <String HEIGHT="62"
                          WIDTH="111"
                          VPOS="1765"
                          HPOS="898"
                          CONTENT="aut"/>
                  <SP HEIGHT="62" WIDTH="16" VPOS="1765" HPOS="1008"/>
                  <String HEIGHT="62"
                          WIDTH="190"
                          VPOS="1765"
                          HPOS="961"
                          CONTENT="secundum"/>
                  <SP HEIGHT="62" WIDTH="16" VPOS="1765" HPOS="1151"/>
                  <String HEIGHT="62"
                          WIDTH="206"
                          VPOS="1765"
                          HPOS="1087"
                          CONTENT="transmuta"/>
               </TextLine>
               <TextLine ID="r2l81"
                         BASELINE="1874"
                         HEIGHT="56"
                         WIDTH="512"
                         VPOS="1818"
                         HPOS="778">
                  <String HEIGHT="56"
                          WIDTH="156"
                          VPOS="1818"
                          HPOS="764"
                          CONTENT="tionem,"/>
                  <SP HEIGHT="56" WIDTH="14" VPOS="1818" HPOS="920"/>
                  <String HEIGHT="56"
                          WIDTH="114"
                          VPOS="1818"
                          HPOS="878"
                          CONTENT="quid"/>
                  <SP HEIGHT="56" WIDTH="14" VPOS="1818" HPOS="991"/>
                  <String HEIGHT="56"
                          WIDTH="100"
                          VPOS="1818"
                          HPOS="949"
                          CONTENT="est"/>
                  <SP HEIGHT="56" WIDTH="14" VPOS="1818" HPOS="1048"/>
                  <String HEIGHT="56"
                          WIDTH="142"
                          VPOS="1818"
                          HPOS="1006"
                          CONTENT="situs:"/>
                  <SP HEIGHT="56" WIDTH="14" VPOS="1818" HPOS="1148"/>
                  <String HEIGHT="56"
                          WIDTH="100"
                          VPOS="1818"
                          HPOS="1105"
                          CONTENT="aut"/>
                  <SP HEIGHT="56" WIDTH="14" VPOS="1818" HPOS="1205"/>
                  <String HEIGHT="56"
                          WIDTH="142"
                          VPOS="1818"
                          HPOS="1148"
                          CONTENT="secundum"/>
               </TextLine>
            </TextBlock>
         </PrintSpace>
      </Page>
   </Layout>
</alto>
