1475 2066
210 149 171 54 plicibus
338 149 71 54 &
366 149 213 54 compositis.
537 149 114 54 Qam,
608 149 85 54 si
636 149 100 54 calor

231 188 68 53 in
265 188 91 53 igne
322 188 91 53 erit
379 188 171 53 differentia
516 188 205 53 substantialis,
676 188 68 53 tunc

233 236 204 30 composita
390 236 189 30 habebunt
516 236 220 30 definitiones

231 265 120 46 ignis.
315 265 131 46 Calidum
410 265 96 46 enim
470 265 167 46 componitur
602 265 72 46 ex
625 265 120 46 substan-

222 306 103 40 tia
281 306 74 40 &
311 306 206 40 qualitate,
472 306 103 40 aut
531 306 206 40 componitur
678 306 59 40 ex

228 345 205 41 substantia
390 345 73 41 &
419 345 250 41 accidentibus:
625 345 73 41 &
639 345 103 41 erunt

234 383 106 43 vnum
300 383 80 43 in
340 383 120 43 actu,
420 383 66 43 &
446 383 93 43 duo
500 383 80 43 in
540 383 173 43 potentia.
673 383 66 43 &
686 383 53 43 ex

223 421 90 53 hoc
275 421 155 53 apparet,
391 421 103 53 quod
456 421 116 53 calor
533 421 90 53 non
585 421 129 53 potest
662 421 78 53 esse

232 461 170 51 differentia
368 461 205 51 substantialis.
538 461 80 51 Et,
584 461 80 51 cum
629 461 102 51 ignis
686 461 57 51 au-

236 501 122 50 fertur
321 501 85 50 per
370 501 170 50 ablationem
504 501 146 50 caloris,
613 501 85 50 non
650 501 85 50 aufer

229 540 95 48 tur
284 540 122 48 primo
365 540 122 48 neque
446 540 95 48 per
501 540 95 48 se,
555 540 95 48 sed
595 540 136 48 mediant,

231 577 157 55 ablatione
352 577 121 55 formae
437 577 121 55 ignis:
521 577 121 55 sicut,
606 577 121 55 quando
679 577 60 55 au-

229 616 131 43 fertur
321 616 210 43 risibilitas,
492 616 158 43 autertur
610 616 118 43 homo,
675 616 66 43 sed

228 653 102 46 non
287 653 145 46 primo,
388 653 102 46 sed
446 653 174 46 mediante
563 653 174 46 ablationem

222 693 266 55 rationabilitatis.
450 693 89 55 Et,
501 693 76 55 si
539 693 114 55 esset
615 693 76 55 in
640 693 101 55 aliquo

230 732 171 54 accidens,
361 732 66 54 &
388 732 79 54 in
427 732 132 54 aliquo
519 732 197 54 substantia,
664 732 79 54 tunc

234 772 147 46 diceretur
347 772 147 46 aequiuoe,
460 772 136 46 scilicet
562 772 68 46 eo
596 772 102 46 modo,
664 772 79 46 quo
698 772 45 46 di

227 812 141 38 citur
322 812 110 38 hoc
384 812 189 38 nomenens
526 812 94 38 de
557 812 189 38 substantia

231 853 63 37 &
257 853 178 37 accidente.
396 853 76 37 Et
434 853 114 37 scire
511 853 127 37 debes,
599 853 102 37 quod
650 853 89 37 actio

228 890 146 54 formae
331 890 146 54 ignis,
433 890 117 54 quae
506 890 175 54 sequitur
622 890 117 54 formam

224 932 164 45 ignis,:
343 932 104 45 est
403 932 134 45 calor
492 932 179 45 maximus,
626 932 74 45 &
641 932 104 45 motus

223 966 85 57 ad
265 966 183 57 superius.
406 966 212 57 calorigitur
576 966 85 57 in
618 966 113 57 igne
674 966 71 57 est

219 1014 117 36 sicut
297 1014 168 36 abscissio
426 1014 78 36 in
465 1014 168 36 cultello,
595 1014 65 36 &
620 1014 117 36 actio
685 1014 52 36 ma

226 1047 87 43 nus
275 1047 75 43 in
313 1047 112 43 manu:
388 1047 87 43 non
438 1047 112 43 quasi
512 1047 137 43 albatio
612 1047 75 43 in
637 1047 100 43 albato

259 1108 111 46 Et
314 1108 277 46 quemadmodum
536 1108 111 46 in
573 1108 166 46 substan

222 1165 141 42 tijis,
321 1165 113 42 quod
391 1165 85 42 de
434 1165 155 42 materia
532 1165 198 42 praedicatur,

224 1197 113 45 ipse
294 1197 127 45 actus
379 1197 113 45 est:
449 1197 70 45 &
477 1197 85 45 in
520 1197 127 45 aliis
590 1197 155 45 definitio

219 1239 150 43 nibus
319 1239 183 43 maxime.
452 1239 183 43 vtputa,
585 1239 100 43 si
619 1239 116 43 limen

221 1279 213 51 oportebit
384 1279 213 51 definire,
548 1279 180 51 lignum,
663 1279 82 51 aut

206 1325 202 45 lapidem
352 1325 128 45 sic
426 1325 202 45 positum
554 1325 183 45 dicemus,

221 1364 82 55 &
253 1364 164 55 domum,
368 1364 197 55 lateres,
516 1364 115 55 aut
581 1364 147 55 ligna
663 1364 82 55 sic

222 1406 176 57 posita.
350 1406 112 57 OAn
414 1406 144 57 etiam
510 1406 80 57 &
542 1406 144 57 cuius
622 1406 112 57 causa

215 1453 104 48 in
267 1453 225 48 quibusdam
439 1453 138 48 est.
526 1453 104 48 Si
578 1453 138 48 vero
647 1453 86 48 gla

226 1492 124 55 ciem,
309 1492 124 55 aquam
391 1492 206 55 congelatam,
556 1492 96 55 aut
611 1492 96 55 sic
652 1492 82 55 dem-

223 1539 155 39 satam.
331 1539 233 39 consonantia
517 1539 124 39 vero
595 1539 109 39 est
641 1539 93 39 acut

225 1576 81 42 &
257 1576 162 42 grauis
370 1576 162 42 mistio
483 1576 162 42 talis.
597 1576 145 42 eodem
677 1576 65 42 au

224 1621 114 45 tem
289 1621 131 45 modo
371 1621 82 45 &
403 1621 98 45 in
452 1621 212 45 caeteris.
599 1621 147 45 Manife-

220 1665 103 41 stum
284 1665 129 41 itaque
374 1665 77 41 ex
413 1665 90 41 his
464 1665 103 41 est,
529 1665 103 41 quod
593 1665 116 41 actus
657 1665 90 41 alius

223 1708 177 50 alterius
356 1708 192 50 materiae,
503 1708 74 50 &
533 1708 147 50 ratio,
621 1708 118 50 quorum

217 1746 117 48 dam
284 1746 133 48 enim
367 1746 250 48 compositio,
551 1746 183 48 quorundam

224 1792 179 43 mistio,
354 1792 212 43 quorundam
517 1792 179 43 aliquid
631 1792 114 43 aliud

222 1833 141 57 eorum,
321 1833 113 57 quae
391 1833 127 57 dicta
475 1833 127 57 sunt.
560 1833 127 57 Quare
630 1833 113 57 eorum,

763 148 112 54 qui
827 148 224 54 definiunt,
1003 148 96 54 hi
1050 148 176 54 quidem,
1178 148 112 54 qui
1242 148 96 54 di

761 197 117 49 cunt,
839 197 104 49 quid
904 197 91 49 est
956 197 130 49 domus,
1048 197 104 49 quod
1113 197 143 49 lapides
1204 197 65 49 la-

752 236 162 50 teres,
865 236 162 50 ligna,
978 236 194 50 potentia
1124 236 145 50 domum
1204 236 65 50 di

761 276 120 58 cunt.
841 276 147 58 materia
948 276 107 58 enim
1015 276 107 58 haec
1082 276 120 58 sunt.
1162 276 94 58 Qui
1202 276 67 58 ve-

749 329 92 33 ro
795 329 108 33 vas
856 329 262 33 conseruatiuum
1072 329 139 33 rerum
1164 329 77 33 &
1180 329 92 33 cor-

757 361 151 50 porum,
863 361 106 50 aut
923 361 166 50 aliquid
1044 361 136 50 aliud
1135 361 121 50 tale
1196 361 61 50 ad

754 405 179 49 dentes,
884 405 147 49 actum
982 405 179 49 dicunt.
1112 405 114 49 Qui
1161 405 98 49 por-

756 445 129 45 ratio
842 445 115 45 haec
913 445 115 45 ambo
985 445 201 45 componunt,
1128 445 129 45 tertiam

757 485 60 45 &
781 485 96 45 quae
841 485 72 45 ex
877 485 84 45 his
925 485 96 45 est,
985 485 192 45 substantiam.
1141 485 84 45 vte
1177 485 96 45 etenim

759 526 69 52 ea
794 526 127 52 quidem,
887 526 93 52 quae
945 526 69 52 ex
979 526 197 52 differentijis
1142 526 104 52 ratio
1200 526 69 52 fit,

758 573 131 38 formae
850 573 66 38 &
876 573 118 38 actus
954 573 118 38 esse,
1033 573 105 38 quae
1099 573 105 38 vero
1164 573 79 38 ex
1190 573 79 38 his,

766 612 88 46 qua
817 612 139 46 insunt,
918 612 152 46 materiae
1032 612 126 46 magis.
1120 612 152 46 Siliter,
1234 612 63 46 &

761 653 134 50 quas
845 653 201 50 Archytas
996 653 201 50 approbat
1130 653 134 50 defini

760 698 156 41 tiones.
873 698 142 41 etenim
973 698 256 41 simulvtriusque
1172 698 99 41 sunt.

753 741 89 49 vt
798 741 119 49 puta
872 741 119 49 quid
947 741 104 49 est
1006 741 193 49 Serenitas
1155 741 74 49 e
1170 741 104 49 quies

752 781 88 54 in
796 781 221 54 multitudine
973 781 147 54 aeris:
1076 781 162 54 materia
1179 781 88 54 qui-

759 821 109 45 dem
821 821 124 45 aer:
898 821 140 45 actus
991 821 124 45 vero
1069 821 78 45 &
1084 821 186 45 substantia

760 876 144 35 quies,
860 876 115 35 quid
932 876 101 35 est
990 876 273 35 Tranquillitasus
1205 876 58 35 ma

754 916 100 39 ris
811 916 200 39 planities.
968 916 186 39 subiectum
1111 916 157 39 quidem,
1211 916 57 39 vt

752 949 190 53 materia,
895 949 143 53 mare:
990 949 143 53 actus
1085 949 127 53 vero
1164 949 79 53 &
1180 949 95 53 for-

754 989 98 51 ma,
810 989 197 51 planities.
965 989 197 51 Manifestum
1119 989 141 51 itaque
1204 989 70 51 ex-

763 1038 134 52 dictis
856 1038 94 52 est
910 1038 147 52 quaenam
1017 1038 188 52 sensibilis
1151 1038 121 52 substan

760 1076 106 54 tia,
826 1076 66 54 &
852 1076 145 54 quomodo
958 1076 106 54 sit.
1024 1076 132 54 etenim
1116 1076 106 54 haec
1169 1076 106 54 quidem

756 1117 95 54 vt
804 1117 190 54 materia,
946 1117 126 54 haec
1025 1117 142 54 autem
1120 1117 95 54 vt
1151 1117 111 54 forma

761 1159 142 46 quoniam
865 1159 129 46 actus:
955 1159 129 46 tertia
1046 1159 104 46 vero
1110 1159 78 46 ex
1136 1159 78 46 his.

805 1198 82 69 Et
846 1198 191 69 queadmodum
997 1198 82 69 in
1038 1198 191 69 substantis
1174 1198 96 69 eadem

752 1247 131 64 actio
840 1247 189 64 prdicatur
985 1247 87 64 de
1028 1247 174 64 materia,
1144 1247 131 64 simili-

758 1296 96 70 ter
813 1296 82 70 in
854 1296 123 70 aliis
936 1296 232 70 definitionib.
1127 1296 137 70 magis.
1209 1296 55 70 v.

758 1348 85 54 si
800 1348 198 54 voluerimus
956 1348 170 54 definire
1084 1348 113 54 via,
1155 1348 99 54 aut
1197 1348 71 54 la-

756 1396 139 62 pidem,
854 1396 153 62 dicemus
965 1396 112 62 quod
1035 1396 98 62 est
1091 1396 139 62 illud,
1174 1396 98 62 cuius

758 1445 112 56 pars
828 1445 70 56 e
856 1445 126 56 tale,
940 1445 70 56 &
968 1445 126 56 tale.
1053 1445 70 56 &
1081 1445 140 56 domus,
1179 1445 112 56 quae
1235 1445 42 56 e

757 1493 127 62 ligna,
846 1493 177 62 etlateres,
985 1493 114 62 quoru
1061 1493 114 62 situs
1137 1493 89 62 est
1175 1493 101 62 tatis.

764 1541 80 62 Et
804 1541 80 62 et
844 1541 80 62 in
884 1541 173 62 quibusdam
1017 1541 240 62 definitionibus
1203 1541 80 62 con-

757 1589 189 61 syderamus
903 1589 131 61 illud
990 1589 160 61 propter
1107 1589 131 61 quod.
1180 1589 87 61 v.o.

757 1630 120 73 quod
832 1630 135 73 grado
922 1630 135 73 eaqua
1012 1630 195 73 cogelata,
1162 1630 90 73 et
1192 1630 90 73 spis

763 1696 96 55 sa
811 1696 160 55 aliqua
923 1696 256 55 spisstudine.
1131 1696 80 55 &
1147 1696 128 55 commu-

760 1746 134 53 tatio
850 1746 134 53 vocis
939 1746 90 53 in
984 1746 134 53 exitu
1074 1746 105 53 est
1134 1746 149 53 mixtio
1223 1746 60 53 vo

753 1788 109 60 cis
816 1788 156 60 acutae
925 1788 109 60 cum
987 1788 140 60 graui
1081 1788 125 60 alia
1143 1788 140 60 mixtio-

758 1836 121 62 ne.
827 1836 86 62 &
861 1836 207 62 secundum
1017 1836 138 62 hunc
1103 1836 155 62 modum
1207 1836 104 62 in
