1475 2066
176 140 131 55 modo,
264 140 102 55 cum
322 140 175 55 diximus,
453 140 102 55 eas
512 140 117 55 esse
570 140 131 55 compos-

188 188 96 50 tas
243 188 82 50 ex
284 188 164 50 numeris.
407 188 109 50 D.d.
475 188 96 50 non
530 188 109 50 sunt
584 188 123 50 igitur,

185 221 133 38 sicut
274 221 148 38 quidam
377 221 148 38 dicunt
481 221 89 38 ex
510 221 192 38 vnitatibus,

184 261 81 49 i.
224 261 81 49 &,
264 261 94 49 cum
318 261 229 49 intelligendum
507 261 135 49 fuerit
602 261 94 49 hic
642 261 54 49 ex

189 300 154 39 numero
296 300 123 39 hoc,
373 300 108 39 hoc
435 300 108 39 non
497 300 108 39 est
543 300 154 39 dicendum

193 333 116 53 quod
266 333 116 53 iste
339 333 175 53 numerus,
470 333 87 53 ex
514 333 102 53 quo
557 333 146 53 componun

193 375 95 43 tur
248 375 136 43 entia,
343 375 95 43 est
398 375 191 43 compositus
548 375 82 43 ex
575 375 123 43 vnitati

195 412 102 54 bus,
259 412 115 54 sicut
336 412 153 54 dixerunt
451 412 179 54 fingentes,
592 412 102 54 quod
643 412 51 54 na

187 457 114 41 tura
258 457 241 41 substantiarum
457 457 99 41 est
513 457 170 41 numerus:
627 457 71 41 sec

180 492 125 41 iste
259 492 172 41 numerus
384 492 141 41 debet
478 492 172 41 componi
603 492 94 41 ex
634 492 63 41 ge

191 528 118 42 nere
265 528 74 42 &
295 528 236 42 differentia.
486 528 103 42 Et,
545 528 103 42 cum
590 528 103 42 narra

196 573 81 37 uit
243 573 104 37 quod,
312 573 69 37 si
346 573 127 37 dicatur
438 573 92 37 quod
496 573 161 37 principium
611 573 92 37 entium

195 608 100 51 est
252 608 171 51 numerus,
380 608 157 51 oportet
495 608 214 51 intelligere
652 608 57 51 nu

190 654 143 36 merum,
290 654 100 36 qui
347 654 100 36 est
405 654 86 36 in
448 654 229 36 definitione,
634 654 100 36 non

195 685 151 54 numerum
305 685 192 54 compositum
456 685 82 54 ex
497 685 205 54 vnitatibus,
647 685 55 54 in

196 724 125 51 coepit
283 724 125 51 dicere
370 724 225 51 similiiudinem,
557 724 100 51 quae
620 724 87 51 est
657 724 50 51 in

191 765 103 45 ter
250 765 177 45 numerum,
383 765 74 45 &
412 765 133 45 inter
486 765 221 45 definitionem,

194 804 69 38 &
222 804 82 38 d.
263 804 178 38 Definitio
400 804 110 38 enim
469 804 96 38 est
524 804 151 38 aliquis
620 804 82 38 nume

194 841 99 42 rus,
256 841 99 42 quia
318 841 161 42 diuiditur
442 841 74 42 in
479 841 87 42 res
516 841 186 42 indiuisibilex

194 885 127 37 etiam.
283 885 76 37 i.
321 885 165 37 definitio
449 885 191 37 assimilatur
589 885 114 37 numero,

198 921 101 41 quia
262 921 165 41 definitio
388 921 165 41 diuiditur
515 921 76 41 in
553 921 89 41 res
591 921 114 41 indiui-

199 959 119 40 biles,
282 959 107 40 sicut
353 959 142 40 numernus
460 959 154 40 diuiditur
578 959 71 40 in
614 959 83 40 res
650 959 47 40 in

197 999 190 49 diuisibiles.
351 999 83 49 sed
399 999 154 49 differunt
517 999 71 49 in
553 999 95 49 hoc:
600 999 107 49 quoniam

191 1036 139 53 illud,
288 1036 111 53 quod
358 1036 97 53 non
413 1036 181 53 diuiditur
552 1036 83 53 in
580 1036 125 53 numeros

200 1078 93 47 est
253 1078 146 47 vnitas,
359 1078 66 47 &
385 1078 79 47 in
425 1078 199 47 definitione
584 1078 93 47 est
624 1078 79 47 gens

191 1111 68 43 &
219 1111 216 43 differeutia.
394 1111 108 43 D.d.
462 1111 216 43 definitiones
624 1111 81 43 enim

192 1152 84 43 non
240 1152 95 43 sunt
299 1152 167 43 infinitae,
431 1152 84 43 &c.
478 1152 72 43 i.
514 1152 167 43 definitio.
633 1152 72 43 enim

198 1189 92 44 qua
250 1189 183 44 diuiditur,
394 1189 92 44 non
447 1189 170 44 diuiditur
578 1189 79 44 in
604 1189 105 44 infini

195 1231 116 47 tum,
267 1231 101 47 sed
325 1231 203 47 peruenitur
484 1231 87 47 in
528 1231 188 47 diuisione
658 1231 58 47 ad

201 1267 199 52 indiuisibilia.
367 1267 133 52 scilicet
466 1267 66 52 ad
499 1267 110 52 partes
576 1267 121 52 vltimas
654 1267 55 52 de-

195 1309 212 50 finitionis.
365 1309 71 50 &
393 1309 198 50 intendebat
548 1309 99 50 per
605 1309 99 50 hoc
647 1309 57 50 de

196 1345 154 42 clarare,
312 1345 103 42 quod
376 1345 167 42 definitio
504 1345 115 42 magis
568 1345 141 42 assimila-

205 1384 89 43 tur
256 1384 140 43 naturae
358 1384 140 43 numeri,
459 1384 102 43 quod
523 1384 165 43 diuiditur
637 1384 76 43 sem-

198 1429 100 44 per
255 1429 85 44 in
297 1429 256 44 indiuisibilia.
511 1429 114 44 D.d.
582 1429 71 44 &
596 1429 100 44 numen

200 1461 81 52 est
247 1461 104 52 tale.
316 1461 69 52 id
351 1461 81 52 est
397 1461 93 52 quia
455 1461 69 52 in
490 1461 151 52 diuisione
594 1461 116 52 peruenit

197 1501 67 37 in
230 1501 67 37 eo
264 1501 67 37 ad
298 1501 202 37 indiuisibilia.
466 1501 134 37 scilicet
566 1501 146 37 vnitates.
667 1501 45 37 D.

202 1540 180 49 incoepit
337 1540 180 49 inducere
473 1540 135 49 alium
563 1540 135 49 modum
638 1540 75 49 si-

196 1578 236 42 militudinis,
388 1578 74 42 &
418 1578 89 42 d.
462 1578 103 42 Et,
506 1578 207 42 quemadmodum,

199 1618 129 47 quando
289 1618 77 47 ab
328 1618 129 47 aliquo
418 1618 142 47 numero,
521 1618 90 47 &c.
573 1618 77 47 i.
612 1618 64 47 &
625 1618 77 47 quem

198 1659 171 40 admodum,
326 1659 143 40 quando
426 1659 143 40 alicui
526 1659 143 40 numero
611 1659 100 40 addit

203 1698 118 40 vnum,
282 1698 92 40 aut
334 1698 79 40 ab
374 1698 79 40 eo
413 1698 184 40 diminuitur
557 1698 118 40 vnum,
623 1698 92 40 trant

201 1733 129 38 fertur
292 1733 78 38 ad
331 1733 117 38 aliam
408 1733 142 38 naturam
512 1733 129 38 numeri
589 1733 117 38 scilice

196 1773 163 51 militer
314 1773 236 51 definitiones
492 1773 177 51 compositae

633 1780 80 30 ex

194 1812 124 55 primo
277 1812 138 55 genere
373 1812 69 55 &
401 1812 165 55 pluribus
511 1812 206 55 differentiis,

730 141 101 52 quando
801 141 61 52 ab
831 141 71 52 eis
872 141 142 52 diminuitur
983 141 101 52 aliqua
1054 141 162 52 differentia,
1175 141 81 52 trans.

716 182 136 36 fertur
811 182 176 36 definitio
947 182 81 36 ad
988 182 217 36 definitionem
1151 182 81 36 alte

727 227 92 32 rius
784 227 137 32 naturae:
887 227 57 32 &
910 227 149 32 similiter
1024 227 80 32 cum
1070 227 126 32 additur
1162 227 69 32 in
1185 227 57 32 eis

724 261 104 49 aliqua
797 261 167 49 differentia.
932 261 63 49 v.
963 261 63 49 g.
995 261 125 49 quoniam,
1089 261 73 49 cum
1120 261 125 49 dixerimus,

722 297 77 49 in
761 297 192 49 definitione
914 297 166 49 animalis,
1042 297 102 49 quod
1106 297 90 49 est
1144 297 77 49 corp

722 334 175 44 nutribile
856 334 188 44 sensibile,
1004 334 81 44 si
1031 334 201 44 diminuerimus,

724 373 110 45 vlt
787 373 126 45 imam
866 373 267 45 differentiam,
1069 373 173 45 remanebit

721 413 178 54 definitio
858 413 233 54 vegetabilium.
1050 413 82 54 &,
1091 413 82 54 si
1119 413 123 54 additur

723 453 85 38 alia
776 453 170 38 differentia.
914 453 127 38 scilicet
1010 453 170 38 rationabile,
1148 453 85 38 fiet
1190 453 53 38 de-

724 492 133 42 finitio
821 492 145 42 hominis.
930 492 73 42 Et
966 492 157 42 similiter
1087 492 145 42 quatuor,
1184 492 60 42 cum

723 532 93 49 eis
776 532 146 49 additur
882 532 119 49 vnum,
961 532 119 49 fient
1041 532 159 49 quinque:
1160 532 66 49 &
1174 532 66 49 cum

721 573 78 45 ab
760 573 90 45 eis
812 573 181 45 diminuitur
954 573 116 45 vnum,
1031 573 116 45 fiunt
1109 573 116 45 tres.
1173 573 65 45 Et,

716 609 100 40 cum
773 609 157 40 induxit
887 609 242 40 similitudinem
1086 609 128 40 inter
1158 609 71 40 nu-

720 646 137 45 merum
811 646 76 45 &
842 646 260 45 definitionem,
1056 646 183 45 incoepit
1178 646 61 45 da

723 684 75 46 re
760 684 125 46 modum,
848 684 150 46 secundum
960 684 100 46 quem
1023 684 175 46 differunt,
1160 684 63 46 &
1173 684 63 46 di-

724 724 106 53 xit:
790 724 80 53 Et
830 724 146 53 oportet
936 724 80 53 vt
976 724 146 53 numerus
1082 724 93 53 sit
1122 724 119 53 aliquid

719 765 93 37 &c.
772 765 80 37 i.
812 765 107 37 sed,
878 765 80 37 si
918 765 120 37 entia
998 765 200 37 componantur
1158 765 80 37 ex
1185 765 53 37 m-

721 813 144 35 meris,
821 813 158 35 oportet
936 813 172 35 dicentes
1066 813 101 35 hoc
1109 813 129 35 dicere,

720 841 109 46 quo
783 841 125 46 modo
861 841 93 46 ex
907 841 171 46 numeris
1032 841 109 46 sit
1094 841 140 46 vnum,
1187 841 78 46 &

718 879 101 51 per
775 879 116 51 quid
848 879 101 51 sit
906 879 130 51 vnum.
993 879 101 51 sed
1051 879 101 51 hoc
1109 879 101 51 non
1152 879 87 51 pos-

717 917 125 54 sunt
796 917 172 54 dicere:
921 917 125 54 quia
999 917 172 54 numeius
1108 917 125 54 compo-

719 956 113 46 nitur
795 956 75 46 ex
832 956 175 46 vnitatibus
970 956 175 46 discretis.
1108 956 125 46 Deinde
1183 956 50 46 di

724 998 74 50 si
761 998 123 50 igitur
847 998 123 50 fuerit
933 998 111 50 vnum,
1008 998 86 50 aut
1057 998 86 50 non
1106 998 111 50 erit,
1180 998 86 50 sed

726 1036 82 47 est
773 1036 106 47 sicut
844 1036 141 47 cumulus,
949 1036 82 47 &c.
996 1036 70 47 i.
1032 1036 129 47 quoniam
1126 1036 141 47 vnunquod

727 1073 99 45 que
784 1073 156 45 entium,
897 1073 99 45 cum
954 1073 99 45 non
1010 1073 142 45 fuerit
1109 1073 113 45 vnum
1166 1073 71 45 si-

726 1109 97 46 cut
782 1109 152 46 cumulus
892 1109 222 46 congregatus,
1073 1109 152 46 necesse
1170 1109 69 46 est

733 1150 100 45 dicere
803 1150 70 45 per
843 1150 80 45 quid
893 1150 70 45 fit
933 1150 90 45 vnum.
993 1150 120 45 scilicet
1083 1150 110 45 quomodo
1163 1150 100 45 illud,

729 1189 100 54 quod
791 1189 187 54 congregatur
940 1189 75 54 ex
978 1189 187 54 vnitatibus,
1127 1189 87 54 sit
1165 1189 62 54 adu

730 1229 123 45 natum.
816 1229 86 45 hoc
865 1229 98 45 enim
926 1229 86 45 non
975 1229 135 45 possunt
1073 1229 135 45 facere.
1159 1229 74 45 D.d.

724 1269 76 49 Et
762 1269 164 49 definitio
889 1269 101 49 est,
952 1269 76 49 si
990 1269 127 49 fuerit
1079 1269 101 49 vna,
1129 1269 114 49 oportet

721 1309 89 37 eos
772 1309 127 37 dicere
861 1309 76 37 in
899 1309 76 37 ea
937 1309 127 37 simile
1026 1309 127 37 dicto.
1114 1309 76 37 i.
1152 1309 76 37 vt
1178 1309 63 37 mi-

725 1345 72 41 hi
761 1345 120 41 vivter
845 1345 60 41 &
868 1345 203 41 definitioest,
1036 1345 72 41 si
1072 1345 120 41 fuerit
1143 1345 96 41 compo-

727 1387 104 39 sita
792 1387 65 39 &
818 1387 104 39 vna,
882 1387 142 39 oportet
986 1387 91 39 eos
1038 1387 129 39 dicere
1115 1387 117 39 quomedm

730 1424 92 42 sit
782 1424 105 42 vna,
848 1424 105 42 idem
914 1424 105 42 enim
980 1424 158 42 sequitur
1098 1424 79 42 in
1138 1424 105 42 hoc.
1190 1424 53 42 D.

723 1466 76 40 d.
761 1466 102 40 vnum
825 1466 102 40 enim
889 1466 115 40 vnius
965 1466 217 40 definitionis,
1144 1466 89 40 &c.
1182 1466 51 40 i.

728 1500 91 51 nos
780 1500 117 51 autem
858 1500 156 51 dicimus,
975 1500 104 51 quod
1040 1500 117 51 vnum,
1118 1500 104 51 quod
1170 1500 65 51 si-

729 1538 162 49 gnificat
850 1538 175 49 definitio
985 1538 108 49 vna,
1052 1538 94 49 est
1106 1538 108 49 vnum
1174 1538 94 49 per

727 1576 164 51 substantiam,
860 1576 82 51 quae
912 1576 72 51 est
953 1576 103 51 forma,
1024 1576 123 51 scilicet
1117 1576 72 51 per
1148 1576 92 51 vltimam

727 1614 165 45 formam
842 1614 82 45 &
875 1614 181 45 vltimam
990 1614 247 45 differentiam.

726 1655 152 44 Deinde
832 1655 91 44 d.
877 1655 182 44 secundum
1014 1655 152 44 igitur
1120 1655 121 44 hunc
1180 1655 61 44 mo

724 1685 103 53 dum
783 1685 103 53 est
842 1685 132 53 vnum,
930 1685 103 53 &c.
989 1685 88 53 i.
1033 1685 74 53 &
1063 1685 103 53 non
1107 1685 132 53 dicitur

724 1732 218 39 definitum
892 1732 269 39 demonstratum
1111 1732 134 39 esse
1178 1732 67 39 v-

718 1774 115 38 num.
789 1774 129 38 sicut
876 1774 158 38 dicitur
991 1774 86 38 in
1034 1774 101 38 vno
1077 1774 158 38 numerali-

725 1813 123 47 quod
802 1813 108 47 est
863 1813 216 47 principium
1032 1813 216 47 numerorum,
1202 1813 77 47 &
