1475 2066
201 157 91 37 sicut
261 157 111 37 dicitur
342 157 61 37 in
373 157 111 37 puncto,
453 157 121 37 scilicet
544 157 81 37 quod
595 157 101 37 nullum
655 157 71 37 habet

203 191 110 44 esse
272 191 110 44 nisi
341 191 110 44 hoc,
409 191 110 44 quod
478 191 96 44 est
519 191 206 44 indiuisibile:

204 235 122 39 immo
280 235 152 39 illud,
386 235 122 39 quod
462 235 106 39 est
508 235 213 39 demonstratum

210 271 100 43 est
267 271 115 43 vnum
339 271 100 43 per
396 271 172 43 actionem
525 271 115 43 vnam
583 271 129 43 existen

208 312 100 51 tem
265 312 86 51 in
308 312 100 51 eo,
365 312 71 51 &
393 312 114 51 vnam
464 312 171 51 naturam:
593 312 114 51 quia
650 312 71 51 est

212 350 110 44 vnum
281 350 165 44 secundum
404 350 151 44 formam.
514 350 82 44 D.
555 350 151 44 induxit
651 350 69 44 ter

206 392 117 42 tiam
279 392 249 42 similitudinem
484 392 132 42 inter
557 392 161 42 definitio

206 429 117 51 nes,
280 429 73 51 &
309 429 176 51 numeros,
441 429 73 51 &
470 429 88 51 d.
514 429 88 51 Et
558 429 190 51 quemadmo¬

201 468 118 54 dum
269 468 101 54 in
319 468 169 54 numero
438 468 118 54 non
505 468 118 54 est
573 468 152 54 magis
674 468 85 54 &

199 508 128 49 minus,
289 508 90 49 ita
340 508 115 49 neque
417 508 77 49 in
455 508 192 49 substantia,
609 508 102 49 quae
660 508 64 49 est

206 546 133 57 quasi
295 546 148 57 forma,
399 546 104 57 &c.
458 546 89 57 i.
503 546 74 57 &
517 546 208 57 quemandmodum

199 589 133 53 forma
288 589 163 53 numeri.
406 589 89 53 v.
451 589 89 53 g.
495 589 178 53 trinitas
628 589 74 53 &
643 589 74 53 qua

208 629 183 50 ternitas,
349 629 99 50 non
405 629 155 50 recipit
518 629 127 50 magis
603 629 99 50 aut
645 629 71 50 mi-

205 665 76 55 nus
249 665 131 55 scilicet
347 665 87 55 quod
402 665 76 55 non
445 665 76 55 est
489 665 131 55 trinitas
587 665 98 55 magis
642 665 87 55 trini-

214 703 84 59 tas
262 703 84 59 qua
310 703 96 59 alia
370 703 156 59 trinitas,
490 703 108 59 neque
562 703 144 59 dualitas
658 703 60 59 ma-

209 746 89 48 gis
260 746 89 48 qua
311 746 102 48 alia
375 746 165 48 dualitas,
502 746 89 48 ita
553 746 115 48 forma
616 746 115 48 substan

206 784 136 51 tialis
301 784 95 51 non
356 784 149 51 recipit
464 784 122 51 magis
546 784 68 51 &
573 784 136 51 minus,
654 784 68 51 non

208 829 129 37 enim
288 829 113 37 est
353 829 129 37 homo
433 829 177 37 maioris
546 829 177 37 humanita-

215 861 80 51 tis
260 861 92 51 quam
318 861 103 51 alius
387 861 92 51 homo
444 861 138 51 secundum
547 861 126 51 formam:
639 861 92 51 sed,
685 861 46 51 si

212 896 141 57 fuerit,
315 896 102 57 erit
379 896 154 57 secundum
494 896 102 57 quod
558 896 115 57 forma
634 896 90 57 est
673 896 51 57 in

215 940 77 38 eo
254 940 77 38 in
292 940 155 38 materia.
409 940 103 38 D.d.
473 940 90 38 Sit
525 940 129 38 igitur
615 940 103 38 ista
666 940 52 38 di

208 967 175 51 stinctio,
342 967 94 51 &c.
396 967 81 51 i.
437 967 67 51 &
464 967 121 51 istam
531 967 202 51 distinctionem

211 1020 150 48 oportet
321 1020 137 48 scire,
416 1020 68 48 &
444 1020 82 48 de
485 1020 205 48 generatione
635 1020 96 48 earum

209 1060 172 38 declarare
341 1060 133 38 illud,
434 1060 106 38 quod
501 1060 93 38 est
554 1060 186 38 possibile,
686 1060 40 38 &

210 1093 134 45 illud,
304 1093 107 45 quod
371 1093 94 45 est
424 1093 201 45 impossibile
585 1093 81 45 in
626 1093 107 45 hoc,
693 1093 67 45 &

210 1132 143 46 quomodo
314 1132 208 46 assimilantur
484 1132 78 46 in
523 1132 91 46 hoc
575 1132 156 46 numeris,
692 1132 65 46 &

208 1173 100 52 quo
265 1173 115 52 modo
337 1173 186 52 differunt
480 1173 86 52 ab
523 1173 115 52 eis.

208 1229 73 59 De
244 1229 158 59 materiali
366 1229 109 59 rerum
439 1229 170 59 principio,
572 1229 121 59 eodem,
657 1229 73 59 ac
681 1229 49 59 di

244 1273 125 49 uerso:
332 1273 163 49 agenteque
457 1273 125 49 etiam.
545 1273 63 49 &
570 1273 88 49 quo
620 1273 113 49 pacto
683 1273 50 49 ad

244 1313 193 49 quaerentem
396 1313 138 49 causam
492 1313 97 49 per
548 1313 124 49 omnia
616 1313 97 49 causa

245 1349 91 53 rum
297 1349 130 53 genera
388 1349 91 53 sit
440 1349 221 53 respondendum.
621 1349 104 53 Cap.
686 1349 65 53 &

315 1412 233 46 Emateriali
499 1412 133 46 vero
565 1412 150 46 substan

294 1421 113 95 ltia
365 1421 156 95 oportet
478 1421 99 95 non
534 1421 156 95 latere,
633 1421 85 95 quod

323 1495 136 52 etsi
408 1495 102 52 ex
459 1495 153 52 eodem
560 1495 153 52 omnia
645 1495 85 52 pri

202 1548 118 44 mo,
270 1548 118 44 aut
337 1548 169 44 eisdem
455 1548 186 44 tanquam
573 1548 152 44 primis,

206 1580 80 46 &
238 1580 143 46 eadem
334 1580 112 46 sit
397 1580 191 46 materia,
541 1580 96 46 vt
573 1580 143 46 princi-

201 1628 106 50 pium
267 1628 133 50 illis,
360 1628 106 50 quae
426 1628 133 50 fiunt,
519 1628 93 50 est
572 1628 119 50 tamen
638 1628 80 50 quae

206 1665 102 49 dam
264 1665 174 49 cuiusque
394 1665 174 49 propria.
525 1665 174 49 pituitae
641 1665 73 49 pri

207 1709 96 45 ma
255 1709 191 45 materia,
398 1709 127 45 ipsa
478 1709 159 45 dulcia
590 1709 112 45 aut
637 1709 80 45 pin

200 1748 141 54 guia:
294 1748 141 54 bilis
389 1748 141 54 vero,
483 1748 157 54 amara,
593 1748 110 54 aut
640 1748 78 54 ali

208 1788 107 52 qua
269 1788 138 52 alia.
361 1788 199 52 Fortassis
514 1788 138 52 autem
606 1788 123 52 haec
668 1788 61 52 ex

200 1836 179 54 eodem.
326 1836 161 54 Fiunt
433 1836 161 54 autem
541 1836 179 54 plures
648 1836 72 54 ma

742 157 150 52 teriae
847 157 180 52 eiusdem,
982 157 105 52 cum
1041 157 180 52 alterius
1176 157 120 52 alte
1236 157 45 52 I

733 195 93 58 ra
779 195 123 58 sit.
856 195 93 58 vt
902 195 123 58 puta
979 195 170 58 pituita
1103 195 93 58 ex
1134 195 123 58 pingui

744 241 73 49 &
774 241 147 49 dulci,
876 241 88 49 si
920 241 147 49 pingue
1023 241 88 49 ex
1067 241 147 49 dulci:
1170 241 88 49 ex
1199 241 59 49 bi

744 283 103 47 lis
803 283 118 47 vero
877 283 133 47 esse,
965 283 88 47 ob
1010 283 236 47 resolutionem
1201 283 88 47 in

735 325 187 56 primam
866 325 243 56 materiam.
1035 325 224 56 Dupliciter

741 363 120 47 enim
816 363 105 47 hoc
876 363 90 47 ex
921 363 120 47 hoc,
996 363 105 47 aut
1055 363 165 47 quoniam
1175 363 90 47 ex
1205 363 60 47 eo

744 412 96 51 quod
804 412 168 51 praecedet,
936 412 84 51 aut
984 412 132 51 quoniam
1081 412 72 51 ex
1117 412 72 51 eo
1153 412 96 51 quod
1201 412 60 51 re-

741 451 167 47 solutum
862 451 152 47 fuerit
968 451 91 47 in
1014 451 227 47 principium.
1180 451 76 47 Con

733 500 166 52 tingit
850 500 166 52 autem,
966 500 116 52 vna
1033 500 216 52 existente
1182 500 67 52 ma

743 540 140 38 teria,
841 540 154 38 diuersa
953 540 140 38 fieri,
1050 540 154 38 propter
1148 540 98 38 mouen

742 577 108 45 tem
803 577 169 45 causam.
926 577 92 45 vt
973 577 92 45 ex
1019 577 139 45 ligno
1111 577 108 45 fit
1158 577 92 45 area

743 623 75 43 &
773 623 165 43 lectus.
893 623 195 43 Quorundam
1043 623 135 43 autem
1118 623 135 43 diuersa

736 661 170 53 materia
859 661 232 53 necessario,
1045 661 185 53 diuersis
1168 661 93 53 exi-

739 704 221 51 stentibus.
913 704 95 51 vt
960 704 126 51 puta
1039 704 142 51 serra
1117 704 142 51 nunquam

743 749 120 46 fiet
818 749 90 46 ex
863 749 149 46 ligno,
967 749 105 46 nec
1027 749 105 46 est
1087 749 105 46 hoc
1147 749 90 46 in
1176 749 105 46 causa

739 797 178 37 mouente,
872 797 104 37 non
932 797 118 37 enim
1006 797 148 37 faciet
1109 797 148 37 serram
1198 797 59 37 ex

745 832 130 43 lana,
831 832 101 43 aut
889 832 144 43 ligno.
989 832 86 43 Si
1033 832 130 43 autem
1119 832 115 43 idem
1177 832 86 43 con-

742 877 151 37 tingit
848 877 91 37 ex
893 877 121 37 alia
969 877 166 37 materia
1075 877 136 37 facere.

790 914 97 57 in
838 914 227 57 substantia
1016 914 129 57 vero
1081 914 178 57 materiali

744 973 165 53 oportet
864 973 105 53 nos
924 973 105 53 non
984 973 195 53 ignorare,
1119 973 150 53 quoniam,

741 1013 94 54 si
788 1013 141 54 omnes
883 1013 126 54 sunt
961 1013 94 54 ex
1009 1013 157 54 eodem,
1119 1013 141 54 tamen
1197 1013 63 54 ex

738 1060 158 66 proprs
849 1060 221 66 vnicuique.
1022 1060 95 66 vt
1069 1060 189 66 phlegma,
1195 1060 63 66 et

742 1105 174 68 cholera.
872 1105 203 68 phlegmatis
1031 1105 116 68 enim
1104 1105 116 68 sunt
1162 1105 101 68 cali-

743 1165 110 37 da,
806 1165 78 37 &
837 1165 204 37 vnctuosa:
994 1165 188 37 cholerae
1136 1165 110 37 aut
1183 1165 78 37 ama

742 1203 105 59 ra,
802 1203 75 59 &
832 1203 120 59 alia
907 1203 150 59 talia.
1012 1203 90 59 Et
1057 1203 150 59 rectum
1162 1203 105 59 est
1207 1203 60 59 vt

746 1253 115 61 ista
817 1253 115 61 sint
889 1253 86 61 ex
932 1253 143 61 eodem.
1032 1253 86 61 Et
1075 1253 129 61 erunt
1146 1253 115 61 plures

734 1300 200 55 materiae
884 1300 100 55 ex
934 1300 167 55 eodem,
1051 1300 117 55 cum
1101 1300 150 55 materi.

743 1349 133 61 vnius
832 1349 148 61 fuerit
936 1349 89 61 ex
980 1349 163 61 altero.
1099 1349 89 61 vt
1129 1349 133 61 materia

738 1397 244 62 phlegmatis
929 1397 105 62 ex
982 1397 227 62 vnctuoso,
1156 1397 87 62 &
1174 1397 87 62 vn-

744 1444 115 58 ctuo
815 1444 100 58 sum
873 1444 86 58 ex
916 1444 143 58 dulci,
1016 1444 86 58 si
1059 1444 186 58 vnctuosum
1188 1444 72 58 est

747 1493 82 58 ex
788 1493 137 58 dulci:
884 1493 151 58 cholera
994 1493 124 58 aute,
1077 1493 151 58 cholera
1173 1493 82 58 sol-

737 1551 151 56 uitur
838 1551 100 56 in
888 1551 167 56 primam
1005 1551 218 56 materiam.
1156 1551 100 56 Quo-

744 1588 107 46 nia
805 1588 153 46 duobus
912 1588 138 46 modis
1004 1588 123 46 erit
1081 1588 107 46 hoc
1142 1588 92 46 ex
1172 1588 77 46 hoc

741 1636 107 63 aut
802 1636 92 63 vt
848 1636 199 63 praecedat
1001 1636 92 63 ad
1047 1636 153 63 ipsum,
1155 1636 107 63 aut
1201 1636 61 63 vt

734 1694 218 52 soluatur
897 1694 91 52 &
934 1694 182 52 veniat
1061 1694 127 52 ad.
1116 1694 145 52 primum

737 1741 220 56 principium.
913 1741 88 56 Et
957 1741 191 56 possibile
1104 1741 103 56 est
1162 1741 88 56 vt
1192 1741 73 56 sit

732 1781 200 61 materia
878 1781 128 61 vna
950 1781 91 61 &
987 1781 109 61 vt
1041 1781 128 61 res
1096 1781 164 61 diuersa

739 1828 120 70 sint
814 1828 150 70 causae
919 1828 195 70 mouentes.
1069 1828 135 70 verbi
1144 1828 120 70 gratia
