1475 2066
175 139 121 60 sunt
251 139 106 60 per
311 139 182 60 naturam:
448 139 76 60 &
478 139 106 60 non
538 139 151 60 habent
629 139 76 60 ali

189 189 107 57 qua
250 189 183 57 materia,
387 189 107 57 sed
448 189 213 57 substantia
600 189 107 57 eorum

192 239 96 59 est
247 239 191 59 subiectum.
397 239 82 59 vt
438 239 123 59 causa
520 239 164 59 eclipsis
630 239 68 59 non

190 286 103 61 est
249 286 147 61 aliqua
352 286 176 61 materia,
484 286 103 61 sed
543 286 132 61 Luna,
617 286 88 61 quae

189 333 157 62 patitur
303 333 100 62 est
360 333 143 62 aliqua
460 333 143 62 causa:
560 333 129 62 sicut
632 333 71 62 cau

189 381 96 61 sa
237 381 159 61 motus.
348 381 80 61 &
380 381 143 61 causa
476 381 207 61 amittendi
619 381 80 61 lu-

187 436 117 46 men
254 436 117 46 est
304 436 133 46 terra.

229 493 80 54 Et
269 493 93 54 est
322 493 200 54 manifestum,
482 493 107 54 quod
536 493 160 54 artificium

187 530 107 55 est
248 530 215 55 principium
417 530 153 55 mouens
524 530 77 55 &
555 530 153 55 agens.
647 530 61 55 D.

200 573 68 49 d.
234 573 125 49 quoniam
324 573 68 49 si
359 573 136 49 materia,
461 573 79 49 &c.
506 573 68 49 i.
540 573 57 49 &
563 573 79 49 est
597 573 102 49 manife-

187 612 100 38 stum
250 612 113 38 quod,
326 612 75 38 si
363 612 138 38 materia
464 612 126 38 fuerit
551 612 100 38 alia
614 612 75 38 ab
639 612 63 38 art

196 648 137 42 ficio,
292 648 123 42 motor
374 648 110 42 erit
443 648 123 42 aliud
525 648 68 42 a
552 648 164 42 materia,
662 648 41 42 &

197 690 169 41 similiter
327 690 208 41 artificiatum
497 690 91 41 est
549 690 117 41 aliud
627 690 65 41 a
640 690 65 41 ma-

188 726 120 46 teria
268 726 67 46 &
295 726 67 46 a
321 726 147 46 motore.
428 726 94 46 Et,
482 726 94 46 cum
535 726 80 46 d.
575 726 107 46 quod
629 726 80 46 haec

196 768 98 42 tria
257 768 98 42 sunt
318 768 146 42 diuersa,
428 768 146 42 incoepit
537 768 134 42 dicere,
635 768 98 42 quot

192 806 118 52 sunt
266 806 118 52 modi
340 806 177 52 causarum
473 806 236 52 quaerendarum
650 806 59 52 in

199 846 156 52 causato,
316 846 65 52 &
342 846 78 52 d.
381 846 91 52 Cum
433 846 130 52 igitur
525 846 143 52 aliquis
616 846 91 52 quasi

199 885 123 51 uerit,
285 885 86 51 &c.
334 885 74 51 i.
371 885 62 51 &
396 885 98 51 quia
457 885 123 51 causae
543 885 148 51 dicuntur
642 885 62 51 mul

196 925 183 37 tipliciter,
342 925 134 37 oportet
440 925 98 37 nos,
501 925 122 37 quando
574 925 122 37 volueri-

194 960 99 54 mus
250 960 197 54 cognoscere
405 960 155 54 aliquid
518 960 99 54 per
574 960 113 54 suam
631 960 70 54 cau

191 999 130 44 sam,
272 999 146 44 scire
369 999 146 44 omnes
466 999 146 44 modos
547 999 162 44 causarum

191 1040 208 52 existentium
357 1040 83 52 in
399 1040 125 52 illo,
482 1040 69 52 &
509 1040 111 52 tunc
565 1040 138 52 perficie

196 1085 90 37 tur
248 1085 116 37 nobis
325 1085 155 37 scientia
441 1085 116 37 eius.
518 1085 77 37 D.
557 1085 116 37 dedit
622 1085 77 37 exem

195 1116 120 50 plum,
274 1116 66 50 &
301 1116 80 50 d.
341 1116 80 50 vt
381 1116 120 50 causa
461 1116 160 50 hominis,
580 1116 120 50 sicut
647 1116 53 50 ma

197 1164 116 44 teria.
279 1164 70 44 i.
314 1164 70 44 v.
348 1164 70 44 g.
383 1164 128 44 quoniam
476 1164 81 44 nos
523 1164 128 44 videmus
616 1164 70 44 in
639 1164 58 44 ho-

191 1204 101 31 mine
254 1204 139 31 quatuor
355 1204 139 31 causas,
456 1204 126 31 causam
545 1204 151 31 scilicet
646 1204 50 31 ma

182 1232 182 42 terialem,
322 1232 112 42 quae
392 1232 98 42 est
448 1232 154 42 sanguis
546 1232 154 42 menstruus

189 1270 76 44 &
219 1270 152 44 causam
326 1270 198 44 mouentem,
478 1270 122 44 quae
554 1270 107 44 est
600 1270 91 44 sper

186 1309 89 45 ma
231 1309 148 45 maris:
334 1309 74 45 &
363 1309 162 45 causam,
482 1309 118 45 quae
555 1309 103 45 est
600 1309 103 45 secun

189 1350 104 44 dum
248 1350 163 44 formam,
367 1350 74 44 &
396 1350 118 44 quae
470 1350 104 44 dat
515 1350 192 44 quiditatem,

189 1397 112 41 reim
259 1397 98 41 per
315 1397 112 41 quam
385 1397 112 41 est:
455 1397 70 41 &
483 1397 154 41 causam,
581 1397 126 41 propter

193 1426 95 49 quam
253 1426 83 49 est
300 1426 167 49 generatio,
431 1426 143 49 scilicet
538 1426 107 49 finis
610 1426 60 49 &
622 1426 71 49 com-

188 1466 190 54 plementum.
338 1466 149 54 oportet
446 1466 149 54 igitur,
555 1466 136 54 quando
637 1466 54 54 vo

185 1508 151 38 luerimus
298 1508 113 38 scire
374 1508 138 38 hominem
474 1508 113 38 vere,
549 1508 75 38 vt
575 1508 126 38 scientia

182 1544 104 53 mus
242 1544 104 53 per
301 1544 134 53 istas
390 1544 149 53 causas
495 1544 179 53 quatuor.
614 1544 89 53 D.d.

189 1580 65 46 &
215 1580 117 46 forte
293 1580 104 46 haec
357 1580 104 46 duo,
422 1580 91 46 &c.
474 1580 78 46 i.
513 1580 65 46 &
539 1580 155 46 intendit
642 1580 65 46 cau

187 1621 103 45 sam
246 1621 176 45 formalem
378 1621 73 45 &
407 1621 176 45 finalem.
540 1621 147 45 forma.
628 1621 73 45 eni

188 1661 138 55 vltima
285 1661 83 55 in
326 1661 206 55 generatione
491 1661 96 55 est
546 1661 138 55 illud,
628 1661 69 55 pro

183 1700 117 51 pter
257 1700 117 51 quod
330 1700 191 51 generatur
477 1700 117 51 ens.
550 1700 117 51 sunt
609 1700 88 51 igit

187 1740 103 40 tur
246 1740 117 40 vnum
319 1740 88 40 in
363 1740 191 40 subiecto,
510 1740 73 40 &
540 1740 103 40 duo
584 1740 117 40 secun-

185 1780 110 40 dum
248 1780 158 40 modum.
359 1780 79 40 &
390 1780 110 40 hoc
453 1780 236 40 intendebat,
626 1780 79 40 cum

185 1815 73 45 d.
221 1815 97 45 sunt
282 1815 121 45 idems,
366 1815 73 45 is
403 1815 145 45 secundum
511 1815 169 45 subiectum.
632 1815 73 45 D.d.

728 140 80 46 Et
768 140 147 46 oportet
875 140 134 46 dicere
969 140 147 46 causas,
1063 140 174 46 propinquas,

720 188 96 45 &c.
775 188 83 45 i.
817 188 69 45 &
844 188 152 45 oporter
955 188 165 45 quaerere
1079 188 124 45 primo
1161 188 83 45 in
1189 188 55 45 re

717 221 250 52 cognitionem
917 221 200 52 causarum
1051 221 183 52 propinqua

722 260 92 45 rum
774 260 92 45 non
827 260 183 45 remotarum.
971 260 79 45 v.
1010 260 79 45 g.
1050 260 118 45 quam,
1128 260 79 45 si
1154 260 79 45 quae

716 298 197 40 siuerimus
867 298 151 40 causam
973 298 181 40 hominis,
1109 298 121 40 quae
1169 298 76 40 est

723 336 129 51 causa
809 336 215 51 materialis,
981 336 100 51 non
1038 336 158 51 oportet
1139 336 100 51 quae-

707 376 133 42 rere
790 376 166 42 causam
907 376 199 42 remotam,
1056 376 100 42 vt
1089 376 150 42 quatuor

716 414 188 52 elementa,
860 414 115 52 quae
932 414 115 52 sunt
1004 414 144 52 causae
1091 414 144 52 materia-

720 452 98 57 les
776 452 168 57 remotae:
902 452 98 57 sed
958 452 154 57 oportet
1070 452 168 57 quaerere
1182 452 56 57 ma

720 494 146 53 teriam
823 494 190 53 propriam,
969 494 73 53 &
998 494 102 53 est
1057 494 161 53 sanguis
1159 494 73 53 me-

718 533 142 37 struus.
821 533 103 37 D.d.
886 533 142 37 Necesse
989 533 90 37 est
1041 533 129 37 igitur
1132 533 78 37 in
1157 533 78 37 sub-

724 573 157 50 stantiis,
845 573 85 50 &c.
893 573 73 50 i.
930 573 60 50 &
954 573 85 50 est
1002 573 181 50 manifestum,
1147 573 97 50 quod
1196 573 36 50 i

720 612 214 55 substantiis
891 612 214 55 naturalibus
1048 612 186 55 generabili-

718 649 110 52 bus
781 649 78 52 &
812 649 298 52 corruptibilibus
1048 649 188 52 quaerendae

723 689 104 41 sunt
788 689 117 41 omnes
866 689 117 41 istae
944 689 143 41 causae,
1048 689 78 41 si
1087 689 143 41 aliquis
1178 689 52 41 vo

720 728 138 54 luerit
817 728 96 54 ire
872 728 83 54 in
913 728 207 54 cognitionem
1078 728 124 54 earum
1147 728 83 54 vera

727 769 104 50 via:
792 769 91 50 cum
844 769 117 50 istae
922 769 130 50 causae
1013 769 143 50 quatuor
1117 769 104 50 sunt
1169 769 65 50 cau

715 805 116 53 sae
782 805 165 53 omnium
897 805 264 53 generabilium
1112 805 83 53 &
1128 805 116 53 corru

718 847 204 47 ptibilium,
879 847 73 47 &
908 847 160 47 numerus
1024 847 131 47 earum
1112 847 102 47 sit
1156 847 87 47 iste

719 893 174 41 numerus.
850 893 73 41 &
879 893 102 41 est
937 893 160 41 necesse
1053 893 174 41 quaerere
1169 893 73 41 om-

721 924 92 46 nes
773 924 131 46 causas
865 924 105 46 rei,
930 924 118 46 cuius
1009 924 92 46 est
1061 924 157 46 cognitio
1166 924 65 46 qui

722 962 137 53 renda.
818 962 69 53 &
846 962 82 53 si
887 962 110 53 non,
955 962 164 53 cognitio
1079 962 110 53 eius
1147 962 123 53 esset

718 999 191 43 diminuta.
865 999 118 43 D.d.
939 999 88 43 In
983 999 221 43 substantiis
1145 999 88 43 vero

717 1045 237 45 naturalibus,
910 1045 104 45 &c.
969 1045 74 45 &
999 1045 178 45 intendit
1117 1045 119 45 corpo-

720 1077 85 42 ra
762 1077 184 42 coelestia
904 1077 71 42 &
932 1077 99 42 cum
988 1077 85 42 d.
1031 1077 141 42 rectum
1130 1077 113 42 est,
1186 1077 57 42 vt

717 1117 168 49 quaedam
839 1117 107 49 non
900 1117 168 49 habeant
1022 1117 199 49 materiam,
1160 1117 76 49 non

720 1162 165 43 intendit
844 1162 151 43 quaedam
954 1162 165 43 corporum
1064 1162 178 43 coelestium:

720 1197 147 45 omnia
817 1197 130 45 enim
899 1197 114 45 non
964 1197 163 45 habent
1062 1197 179 45 materiam,

723 1236 93 39 sed
776 1236 160 39 intendit
896 1236 173 39 elementa,
1029 1236 107 39 quae
1096 1236 107 39 sunt
1149 1236 93 39 aeter

719 1277 88 50 na
763 1277 176 50 secundum
896 1277 147 50 totum,
999 1277 74 50 &
1028 1277 221 50 generabilia
1190 1277 44 50 &

720 1302 235 60 corruptibilia
914 1302 166 60 secundum
1038 1302 152 60 partem,
1149 1302 83 60 vt
1177 1302 55 60 di

720 1350 105 36 ctum
786 1350 92 36 est
838 1350 79 36 in
878 1350 211 36 naturalibus.
1049 1350 158 36 Materia.
1155 1350 79 36 enim

721 1390 75 37 in
759 1390 88 37 rei
809 1390 163 37 veritate,
935 1390 113 37 cuius
1010 1390 100 37 esse
1073 1390 88 37 est
1123 1390 75 37 in
1148 1390 88 37 poten

715 1428 107 46 tia,
781 1428 93 46 non
835 1428 173 46 inuenitur
968 1428 107 46 nisi
1034 1428 80 46 in
1061 1428 173 46 substantiis

716 1471 239 43 generabilibus
913 1471 70 43 &
941 1471 281 43 corruptibilibus.
1166 1471 70 43 Sub

722 1507 153 39 stantiae
837 1507 102 39 vero
901 1507 166 39 aeternae,
1029 1507 102 39 quia
1093 1507 77 39 in
1131 1507 89 39 eis
1169 1507 64 39 non

719 1544 103 54 est
778 1544 176 54 potentia
910 1544 88 54 ad
954 1544 249 54 corruptionem,
1159 1544 103 54 non

720 1580 95 40 est
775 1580 81 40 in
815 1580 95 40 eis
869 1580 162 40 materia,
991 1580 95 40 sed
1045 1580 149 40 materia
1139 1580 95 40 eorum

724 1622 76 53 est
768 1622 120 53 aliquid
855 1622 131 53 existens
953 1622 65 53 in
985 1622 87 53 actu
1040 1622 131 53 scilicet
1127 1622 98 53 corpus,

713 1661 122 39 ideo
789 1661 168 39 dionius
911 1661 153 39 habent
1018 1661 107 39 hoc
1079 1661 137 39 nomen
1156 1661 76 39 sub

717 1700 162 50 iectum,
835 1700 118 50 quae
909 1700 103 50 hoc
968 1700 133 50 nomen
1057 1700 177 50 materia.
1175 1700 59 50 Et

719 1741 92 47 cum
772 1741 171 47 narrauit,
903 1741 105 47 quod
969 1741 198 47 substantiae
1114 1741 119 47 natura-

714 1781 86 37 les
763 1781 148 37 aeternae
874 1781 86 37 non
923 1781 123 37 habent
1009 1781 160 37 materiam,
1132 1781 98 37 quae
1181 1781 62 37 sit

712 1829 93 41 in
759 1829 202 41 potentia,
914 1829 109 41 cum
976 1829 109 41 non
1038 1829 171 41 habeant
1147 1829 93 41 gene
