1475 2066
208 140 110 59 homo
277 140 96 59 non
332 140 110 59 erit
400 140 123 59 vnum,
482 140 96 59 sed
537 140 137 59 plura,
619 140 110 59 animal

216 184 65 42 &
242 184 129 42 bipes.
332 184 181 42 Manifestum
475 184 129 42 itaque
565 184 90 42 est
617 184 103 42 quod
668 184 65 42 ita

223 229 146 53 quidem
325 229 248 53 tractantibus,
529 229 87 53 vt
573 229 146 53 solent
660 229 73 53 de-

212 268 157 46 finire
322 268 78 46 &
353 268 172 46 dicere,
479 268 110 46 non
541 268 110 46 est
588 268 141 46 possibi

225 309 90 45 le
270 309 165 45 reddere
390 309 195 45 rationem,
541 309 75 45 &
571 309 165 45 soluere
676 309 60 45 du

221 347 233 61 bitationem.
408 347 109 61 QOd
470 347 109 61 si,
517 347 217 61 quemandmodum

215 393 219 41 dicimus,
379 393 128 41 hoc
452 393 182 41 quidem
561 393 164 41 materia

217 433 116 49 hoc
284 433 133 49 vero
367 433 149 49 forma
466 433 133 49 est,
549 433 83 49 &
582 433 116 49 hoc
632 433 99 49 qui-

219 477 106 55 dem
280 477 197 55 potentia,
431 477 106 55 hoc
492 477 121 55 vero
568 477 137 55 actu,
644 477 91 55 pro-

214 516 130 46 fecto
300 516 101 46 non
358 516 159 46 versale
474 516 159 46 amplius
576 516 159 46 dubitatio

218 557 108 45 esse
286 557 108 45 quod
354 557 190 45 quaeritur.
503 557 135 45 Etenim
584 557 149 45 dubitatio

224 604 94 53 est
277 604 135 53 eadem,
372 604 81 53 ac
412 604 81 53 si
452 604 175 53 definitio
587 604 135 53 vestis
668 604 67 53 es-

219 644 104 47 set
278 644 104 47 aes
338 644 193 47 rotundum.
486 644 133 47 esset
575 644 148 47 etenim
664 644 74 47 hoc

227 684 116 57 nomen
304 684 154 57 rationis
420 684 142 57 signum,
523 684 116 57 quare
600 684 103 57 quod
652 684 77 57 quae

223 725 113 46 ritur
299 725 101 46 est,
362 725 163 46 quanancam
487 725 101 46 sit,
550 725 75 46 vt
588 725 151 46 rotundum
688 725 38 46 &

222 769 112 57 aes
286 769 128 57 vnum
366 769 144 57 sint.
462 769 176 57 amplius
591 769 128 57 vero
655 769 80 57 non

225 809 159 54 apparet
340 809 202 54 dubitatio,
498 809 159 54 quoniam
614 809 101 54 hoc
657 809 72 54 qui

225 854 103 44 dem
284 854 177 44 materia,
417 854 133 44 illud
505 854 118 44 vero
579 854 133 44 forma
652 854 74 44 est

227 893 98 55 Quae
288 893 123 55 igitur
374 893 110 55 huius
447 893 110 55 causa
521 893 98 55 est,
582 893 74 55 vt
619 893 98 55 quid
668 893 61 55 po-

215 936 152 42 tentia
321 936 107 42 est
382 936 122 42 actu
459 936 107 42 sit
520 936 91 42 in
550 936 183 42 quibuscun-

215 978 94 56 que
268 978 175 56 generatio
403 978 108 56 est:
470 978 148 56 praeter
578 978 134 56 illud,
658 978 81 56 quod

223 1021 108 46 fecit
295 1021 60 46 s
319 1021 108 46 nulla
391 1021 96 46 enim
451 1021 96 46 alia
511 1021 108 46 causa
583 1021 96 46 est,
643 1021 72 46 vt
667 1021 72 46 actu

217 1069 163 45 sphaera
336 1069 119 45 sit,
410 1069 119 45 quae
485 1069 178 45 potentia
603 1069 134 45 sphaera

222 1106 132 49 erat:
310 1106 103 49 sed
369 1106 103 49 hoc
427 1106 117 49 erat
501 1106 132 49 ipsum
589 1106 117 49 quid
647 1106 88 49 erat

222 1144 109 55 esse
290 1144 163 55 vtrique.
413 1144 95 55 Est
467 1144 122 55 autem
548 1144 163 55 materia,
657 1144 68 55 que

225 1175 104 72 dam
284 1175 282 72 intelligibilis,
522 1175 163 72 quaedam
625 1175 104 72 sensi

226 1231 146 48 bilis.
329 1231 73 48 &
358 1231 146 48 semper
460 1231 175 48 rationis
592 1231 102 48 hoc
635 1231 88 48 quid

224 1273 109 41 dem
287 1273 186 41 materia,
426 1273 109 41 hoc
489 1273 124 41 vero
566 1273 140 41 actus
644 1273 93 41 est.

205 1309 103 62 vt
256 1309 205 62 circulus
410 1309 171 62 sigura
513 1309 137 62 plana.

263 1368 78 62 in
302 1368 182 62 quaestione
445 1368 104 62 vero
509 1368 143 62 dicatur
613 1368 78 62 de
639 1368 91 62 defi-

213 1421 208 61 nitionibus
377 1421 74 61 &
407 1421 89 61 in
451 1421 179 61 numeris,
585 1421 119 61 quae
660 1421 104 61 est

222 1468 94 62 cam
275 1468 81 62 in
316 1468 108 62 hoc,
383 1468 108 62 quod
450 1468 108 62 sint
518 1468 108 62 vnu.
585 1468 121 62 Omnia
652 1468 81 62 enim

215 1516 122 63 quae
291 1516 153 63 habent
398 1516 153 63 plures
505 1516 168 63 partes,
627 1516 137 63 quorn

224 1564 204 62 vniuersum
381 1564 110 62 non
444 1564 110 62 est
507 1564 141 62 sicut
585 1564 141 62 cumulus

218 1612 103 62 sed
277 1612 133 62 sicut
366 1612 177 62 aliquid,
499 1612 118 62 quod
573 1612 133 62 habet
646 1612 89 62 par-

215 1660 122 63 tes,
291 1660 137 63 habet
382 1660 168 63 causam.
504 1660 91 63 In
535 1660 198 63 corporibus,

220 1708 124 62 enim
297 1708 93 62 et
344 1708 155 62 quaeda
452 1708 155 62 habent
561 1708 140 62 caam,
638 1708 93 62 quo-

214 1757 105 61 rum
274 1757 181 61 essentia
410 1757 105 61 est
470 1757 166 61 tactus:
590 1757 75 61 &
605 1757 136 61 quaedam

227 1808 205 59 vistositas,
391 1808 96 59 aut
446 1808 109 59 alia
514 1808 123 59 pasio
596 1808 137 59 talis.
678 1808 55 59 ad

750 133 163 61 finitio
869 133 118 61 vero
943 133 104 61 est
1002 133 133 61 sermo
1091 133 133 61 vnius
1179 133 104 61 non
1224 133 59 61 se

751 182 147 65 cundum
854 182 221 65 ligationem,
1031 182 88 65 vt
1075 182 132 65 liber
1148 182 118 65 ilias,

754 234 123 49 liber
836 234 163 49 scilicet
959 234 136 49 Homeri
1054 234 136 49 primi,
1149 234 95 49 sed
1190 234 82 49 quia

754 281 103 65 est
813 281 146 65 vnius.
915 281 117 65 Quid
989 281 146 65 igitur
1091 281 132 65 facit
1164 281 103 65 homi-

744 340 122 51 nem
813 340 156 51 vnum,
917 340 87 51 &
952 340 156 51 quare
1056 340 122 51 est
1126 340 139 51 vnu,
1213 340 87 51 &

748 376 108 62 non
809 376 154 62 plura,
917 376 92 62 vt
963 376 169 62 animal,
1086 376 77 62 &
1117 376 154 62 bipes,
1209 376 62 62 et

746 429 128 58 etiam
831 429 114 58 alio
902 429 85 58 mo
945 429 85 58 si
988 429 157 58 fuerit,
1101 429 128 58 sicut
1173 429 85 58 qui-

753 476 93 62 dam
806 476 146 62 dicunt,
912 476 146 62 aliquid
1019 476 106 62 quod
1085 476 93 62 est
1138 476 146 62 animal.

751 525 86 59 et
794 525 143 59 bipes.
894 525 72 59 &
923 525 129 59 quare
1009 525 115 59 illa
1081 525 100 59 non
1138 525 115 59 sunt
1195 525 72 59 ho-

753 573 130 57 motur
839 573 72 57 &
868 573 130 57 sicut
954 573 158 57 homines
1069 573 173 57 secundum
1199 573 101 57 mo

755 621 97 65 dum
811 621 222 65 cquisitionis
991 621 125 65 erunt
1075 621 97 65 non
1130 621 83 65 ex
1158 621 111 65 homine

758 668 110 46 vno,
827 668 96 46 sed
882 668 82 46 ex
923 668 151 46 duobus,
1032 668 82 46 et
1073 668 178 46 similiter
1197 668 68 46 ex-

748 717 173 62 animali
874 717 173 62 bipede.
999 717 78 62 &
1015 717 251 62 vniuersaliter.

746 764 99 64 cu
795 764 131 64 homo
877 764 115 64 non
943 764 115 64 sit
1008 764 148 64 vnum,
1107 764 115 64 sed
1156 764 115 64 magis

747 814 137 67 aial,
838 814 76 67 &
869 814 152 67 bipes.
975 814 213 67 Manifestum
1143 814 107 67 est
1189 814 76 67 igi

752 861 95 61 tur
807 861 108 61 quod
874 861 81 61 si
915 861 149 61 aliquis
1024 861 136 61 iuerit
1118 861 108 61 hac:
1173 861 81 61 via,

752 908 117 62 sicut
830 908 91 62 est
882 908 182 62 consuetudo
1025 908 130 62 eorumi
1103 908 156 62 definitio-

749 957 141 69 nibus,
848 957 113 69 quod
918 957 212 69 impossibile
1088 957 99 69 est
1130 957 141 69 dissolue

748 1004 80 63 re
788 1004 107 63 hanc
854 1004 146 63 quionem
961 1004 200 63 difficilem.
1121 1004 80 63 Si
1160 1004 93 63 aut
1200 1004 67 63 fue

749 1052 116 63 rit,
821 1052 130 63 sicut
908 1052 159 63 dicitur
1023 1052 116 63 quod
1096 1052 159 63 quaedam
1197 1052 72 63 est

741 1100 188 62 materia,
883 1100 78 62 &
914 1100 173 62 quaedam
1039 1100 157 62 forma,
1149 1100 78 62 &
1165 1100 94 62 quae

749 1152 84 58 da
791 1152 181 58 potentia,
930 1152 84 58 et
972 1152 153 58 quaedam
1084 1152 139 58 actus,
1167 1152 98 58 rectu

750 1197 93 70 est
803 1197 80 70 vt
843 1197 93 70 non
897 1197 200 70 existimetur
1057 1197 120 70 error
1137 1197 80 70 in
1164 1197 93 70 quasi

752 1248 78 58 to.
797 1248 89 58 ista
852 1248 89 58 enim
908 1248 89 58 quod
964 1248 89 58 erit
1020 1248 112 58 eadem,
1098 1248 67 58 et
1132 1248 67 58 si
1154 1248 101 58 defini-

749 1292 92 63 tio
802 1292 159 63 sphaerae
921 1292 119 63 esset
1000 1292 119 63 cupru
1079 1292 172 63 rotundum,
1198 1292 66 63 quo

747 1342 116 65 nia,
819 1342 101 65 cum
877 1342 159 65 fuerit,
993 1342 116 65 erit
1065 1342 145 65 signum
1152 1342 101 65 defi-

752 1392 164 65 nitionis
875 1392 95 65 hoc
930 1392 123 65 nomen
1012 1392 109 65 ergo
1080 1392 123 65 esset
1162 1392 123 65 quae

752 1439 128 60 situm
837 1439 114 60 quid
909 1439 114 60 erit
980 1439 114 60 caum
1051 1439 86 60 vt
1094 1439 100 60 sit
1137 1439 128 60 rotudum

754 1491 76 64 &
784 1491 152 64 cupru.
890 1491 167 64 quoniam
1011 1491 121 64 tunc
1087 1491 106 64 non
1133 1491 136 64 appare-

749 1549 84 45 bit
797 1549 108 45 quio.
869 1549 131 45 alterum
964 1549 96 45 enim
1024 1549 84 45 est
1072 1549 143 45 materia,
1179 1549 72 45 et
1203 1549 60 45 re-

748 1585 134 61 liquum
841 1585 94 61 est
895 1585 134 61 forma.
988 1585 80 61 Et
1028 1585 120 61 causa
1109 1585 134 61 illius
1189 1585 80 61 vni-

755 1632 99 59 ratis
821 1632 77 59 est
865 1632 133 59 scilicet
965 1632 66 59 vt
998 1632 110 59 illud,
1075 1632 88 59 quod
1130 1632 77 59 est
1175 1632 66 59 in
1197 1632 77 59 poten

751 1682 115 64 tia,
822 1682 86 64 in
865 1682 115 64 actu
937 1682 115 64 fiat
1009 1682 86 64 ab
1052 1682 143 64 agente
1152 1682 86 64 in
1181 1682 86 64 omni

746 1732 111 66 bus,
815 1732 83 66 in
857 1732 139 66 quibus
954 1732 97 66 est
1010 1732 194 66 generatio.
1148 1732 125 66 quoniam

754 1780 80 47 no
794 1780 93 47 est
847 1780 120 47 aliud
927 1780 160 47 causatu,
1047 1780 93 47 sed
1101 1780 107 47 erit
1154 1780 107 47 illud,

747 1826 114 64 quod
818 1826 100 64 est
875 1826 85 64 in
917 1826 171 64 potentia
1045 1826 156 64 spnaera
1159 1826 85 64 in
1188 1826 85 64 actu
