1475 2066
203 132 166 66 sphaera.
328 132 97 66 sed
383 132 97 66 hoc
439 132 97 66 est
494 132 139 66 illud,
591 132 111 66 quod
661 132 97 66 est

209 186 100 61 per
266 186 185 61 essentiam
408 186 213 61 cuiuslibet,
579 186 85 61 et
621 186 100 61 est
664 186 71 61 si-

216 236 100 62 cut
273 236 185 62 circulus,
415 236 100 62 qui
472 236 100 62 est
529 236 143 62 figura
615 236 114 62 plana.

243 292 108 47 Sermo
315 292 96 47 vero
375 292 72 47 de
411 292 168 47 quaestione
544 292 108 47 dicta
616 292 72 47 in
640 292 84 47 defi-

217 341 182 41 nitionibus
360 341 65 41 &
386 341 143 41 numero,
489 341 65 41 &
515 341 91 41 est
567 341 143 41 quomodo
658 341 65 41 de-

221 373 148 51 finitio
328 373 134 51 signat
422 373 175 51 definitum
556 373 81 51 et
583 373 148 51 definitio

216 413 89 53 habet
275 413 99 53 plures
345 413 109 53 partes,
424 413 49 53 &
443 413 79 53 quae
493 413 69 53 est
532 413 99 53 causa,
602 413 109 53 propter
671 413 59 53 quam

220 461 83 29 est
268 461 154 29 definitio
386 461 107 29 vnum.
457 461 83 29 hoc
505 461 95 29 enim
564 461 119 29 dictum
647 461 83 29 est
683 461 47 29 in

217 489 129 41 tractatu
314 489 172 41 praecedenti.
454 489 86 41 D.d.
508 489 97 41 Omnia
572 489 86 41 enim
626 489 86 41 quae
669 489 54 41 ha-

218 527 99 50 bent
279 527 124 50 plures
366 527 136 50 partes,
465 527 86 50 &c.
514 527 74 50 i.
551 527 62 50 &
576 527 136 50 necesse
662 527 62 50 est

214 567 145 43 quaerere
322 567 120 43 causam
407 567 133 43 propter
503 567 96 43 quam
563 567 157 43 definitio
672 567 60 43 est

217 604 85 55 vna,
270 604 116 55 quoniam
355 604 106 55 omnia,
429 604 85 55 quae
482 604 106 55 habent
556 604 106 55 plures
619 604 95 55 partes,

222 647 61 37 &
246 647 98 37 sunt
307 647 98 37 vnum
368 647 147 37 secundum
479 647 122 37 totum,
564 647 86 37 non
613 647 73 37 eo
637 647 86 37 modo,

219 685 94 47 quo
272 685 147 47 dicitur
379 685 147 47 cumulus
487 685 107 47 esse
554 685 121 47 vnus.
634 685 80 47 in
661 685 67 47 hoc

218 724 92 41 enim
276 724 81 41 est
322 724 116 41 causa,
403 724 81 41 per
450 724 92 41 quam
507 724 150 41 multitudo
623 724 81 41 sit
658 724 69 41 vnum

211 758 148 44 Deinde
315 758 133 44 dedit
403 758 177 44 exemplum
536 758 89 44 in
580 758 118 44 hoc,
654 758 74 44 &
669 758 59 44 d.

214 804 78 38 In
253 804 181 38 corporibus
395 804 103 38 enim
460 804 90 38 &c.
511 804 78 38 i.
550 804 78 38 in
576 804 155 38 corporibus

220 840 99 52 etiam
286 840 153 52 compositis
406 840 66 52 ex
439 840 131 52 pluribus
538 840 77 52 est
582 840 110 52 causa,
647 840 66 52 pro-

211 879 108 51 pter
278 879 108 51 quam
345 879 135 51 corpus
439 879 188 51 compositum
587 879 94 51 est
628 879 94 51 vnum.

220 925 95 45 v.g.
279 925 130 45 quoniam
374 925 130 45 quaedam
469 925 95 45 sunt
528 925 95 45 vnum
588 925 83 45 per
623 925 95 45 conta-

213 956 120 53 ctum,
293 956 67 53 &
319 956 147 53 quaedam
426 956 93 53 per
466 956 254 53 conglutinationem,

213 1001 78 46 vt
252 1001 78 46 in
291 1001 117 46 rebus
369 1001 169 46 viscosis:
500 1001 91 46 aut
552 1001 91 46 per
604 1001 104 46 alia
656 1001 65 46 li-

212 1035 165 52 gamenta,
336 1035 83 52 vt
377 1035 138 52 claui.
474 1035 69 52 &
501 1035 96 52 hoc
542 1035 179 52 intendebat,

214 1071 101 43 cum
271 1071 86 43 d.
314 1071 144 43 quorum
415 1071 173 43 essentia
544 1071 101 43 est
588 1071 129 43 tactus,

212 1111 133 43 scilicet
312 1111 89 43 quod
367 1111 122 43 quaedam
456 1111 89 43 sunt
512 1111 111 43 quorum
590 1111 100 43 causa
645 1111 67 43 vni-

217 1150 128 44 tatis,
307 1150 64 44 &
332 1150 166 44 essentiae
460 1150 89 44 est
511 1150 179 44 contactus.
638 1150 77 44 D.d.

220 1188 172 39 definitio
352 1188 119 39 vero,
432 1188 93 39 &c.
485 1188 79 39 i.
524 1188 172 39 definitio
644 1188 79 39 vero

222 1228 84 51 est
270 1228 108 51 sermo
342 1228 120 51 vnius,
425 1228 60 51 &
449 1228 84 51 non
497 1228 84 51 per
533 1228 191 51 praepositiones

221 1268 185 47 copulantes,
368 1268 111 47 sicut
442 1268 123 47 versus
528 1268 135 47 Homeri.
614 1268 111 47 quoniam

205 1308 99 47 illi
266 1308 124 47 versus
353 1308 99 47 sunt
415 1308 99 47 vnum
477 1308 87 47 per
526 1308 148 47 copulam:
637 1308 87 47 sed
675 1308 49 47 de

217 1346 133 53 finitio
313 1346 84 53 est
362 1346 96 53 vna,
422 1346 96 53 quia
482 1346 84 53 est
530 1346 120 53 vnius,
615 1346 96 53 v.g.
663 1346 60 53 ho-

221 1388 124 39 minis.
307 1388 86 39 Et,
357 1388 86 39 cum
406 1388 161 39 narrauit,
529 1388 99 39 quod
591 1388 99 39 homo
641 1388 86 39 debet

216 1424 113 42 esse
286 1424 127 42 vnus,
371 1424 169 42 incoepit
498 1424 169 42 dubitare
624 1424 85 42 in
653 1424 70 42 hoc

221 1466 67 47 &
247 1466 81 47 d.
288 1466 108 47 Quid
355 1466 135 47 igitur
450 1466 121 47 facit
530 1466 148 47 hominem
625 1466 94 47 vnum,

212 1504 98 36 &c.
268 1504 84 36 i.
310 1504 70 36 &
338 1504 84 36 si
380 1504 238 36 concesserimus
576 1504 126 36 ipsum
646 1504 84 36 esse

215 1537 103 50 vnum,
283 1537 160 50 quaerendum
409 1537 80 50 est
455 1537 91 50 quid
512 1537 80 50 sit
558 1537 114 50 illud,
638 1537 91 50 quod
683 1537 46 50 fe

219 1583 96 35 cit
274 1583 151 35 hominem
384 1583 123 35 vnum,
466 1583 68 35 &
493 1583 123 35 quare
575 1583 96 35 est
630 1583 110 35 vnum
685 1583 41 35 &

225 1614 66 45 non
262 1614 66 45 est
300 1614 95 45 plura.
366 1614 114 45 scilicet
452 1614 85 45 quare
508 1614 104 45 dicitur
584 1614 76 45 quod
631 1614 66 45 est
660 1614 66 45 vnus,

221 1658 88 40 cum
272 1658 88 40 sit
322 1658 176 40 compositus
461 1658 76 40 ex
498 1658 151 40 pluribus
612 1658 101 40 vno.
662 1658 63 40 est

218 1700 106 43 enim
284 1700 146 43 animal,
390 1700 66 43 &
416 1700 132 43 bipes.
509 1700 66 43 &
536 1700 93 43 hoc
575 1700 146 43 existima-

214 1740 78 30 tur
258 1740 89 30 esse
314 1740 144 30 definitio
425 1740 133 30 hominis.
525 1740 89 30 D.d.
581 1740 56 30 &
603 1740 100 30 etiam
658 1740 67 30 alio

218 1766 92 44 modo.
279 1766 61 44 i.
310 1766 51 44 &
330 1766 61 44 si
361 1766 92 44 etiam
422 1766 113 44 fuerit,
504 1766 92 44 sicut
566 1766 102 44 quidam
627 1766 92 44 dicunt,

216 1810 95 42 quod
276 1810 95 42 homo
335 1810 107 42 nihil
407 1810 107 42 aliud
478 1810 83 42 est
526 1810 95 42 quam
573 1810 155 42 congregatio

748 141 147 50 animalis
858 141 61 50 &
882 141 147 50 bipedis,
993 141 110 50 nihil
1066 141 98 50 erit
1127 141 86 50 hic
1176 141 73 50 in
1213 141 86 50 quo

746 182 156 49 communicent
870 182 83 49 haec
922 182 73 49 duo
964 182 125 49 scilicet
1057 182 104 49 animal
1130 182 52 49 &
1141 182 114 49 multipes,

743 221 94 53 ita
796 221 108 53 quod
864 221 94 53 hoc
918 221 121 53 nomen
999 221 108 53 homo
1066 221 189 53 significet
1201 221 67 53 hoc

738 256 169 55 commune:
865 256 99 55 sed
921 256 99 55 hoc
978 256 127 55 nomen
1062 256 85 55 ho
1091 256 169 55 significat

741 295 123 52 animal
827 295 86 52 per
876 295 86 52 se,
926 295 62 52 &
950 295 111 52 bipes
1025 295 86 52 per
1074 295 86 52 se:
1123 295 99 52 ergo
1185 295 99 52 qua

747 332 75 48 re
784 332 100 48 homo
847 332 88 48 non
897 332 100 48 erit
959 332 88 48 duo
1009 332 150 48 homines?
1122 332 100 48 D.d.
1184 332 63 48 &
1197 332 63 48 si-

745 381 145 37 militer
850 381 79 37 ex
890 381 145 37 animali
995 381 66 37 &
1021 381 145 37 bipede,
1126 381 92 37 &c.
1179 381 79 37 i.
1219 381 66 37 &

745 415 173 49 similiter
878 415 173 49 contingit
1012 415 93 49 eis
1065 415 80 49 vt
1105 415 107 49 sint
1172 415 80 49 ex
1198 415 67 49 ani

746 452 110 51 mali
815 452 69 51 &
843 452 152 51 bipede,
953 452 69 51 &
981 452 83 51 si
1022 452 97 51 non
1078 452 138 51 dicant
1160 452 97 51 ipsum

747 492 95 38 esse
807 492 131 38 animal,
902 492 95 38 siue
961 492 95 38 homo
1021 492 167 38 disponatur
1152 492 83 38 per
1188 492 71 38 haec

744 533 81 37 duo
791 533 140 37 secundum
896 533 81 37 hoc
942 533 116 37 verbum
1023 533 105 37 esse,
1093 533 81 37 aut
1128 533 128 37 attribuam

741 566 88 44 tur
792 566 101 44 enim
855 566 88 44 per
905 566 101 44 hanc
968 566 163 44 praeponem
1094 566 75 44 ex
1131 566 63 44 &
1156 566 101 44 ideo
1207 566 50 44 di

743 605 64 55 xit
779 605 82 55 post:
834 605 45 55 &
852 605 136 55 vniversaler
961 605 64 55 &c.
997 605 54 55 i.
1024 605 45 55 &
1042 605 154 55 vniversaliter
1160 605 100 55 contingit

744 645 110 50 huic,
817 645 74 50 vt
854 645 98 50 homo
915 645 86 50 non
965 645 86 50 sit
1014 645 110 50 vnum,
1087 645 86 50 sed
1136 645 110 50 plura
1198 645 61 50 vno

739 684 152 46 scilicet
853 684 127 46 animal
942 684 63 46 &
967 684 127 46 bipes.
1056 684 101 46 D.d.
1107 684 152 46 Manifestum

746 725 81 54 est
793 725 116 54 igitur
874 725 104 54 quod,
943 725 69 54 si
978 725 127 54 aliquis
1070 725 116 54 iuerit
1151 725 81 54 hac
1186 725 69 54 via,

737 756 80 59 &c.
782 756 69 59 i.
817 756 160 59 manifestum
943 756 80 59 est
989 756 115 59 igitur
1069 756 92 59 quod
1126 756 69 59 si
1149 756 103 59 aliquis

745 810 201 41 processerit
905 810 94 41 hac
959 810 94 41 via
1013 810 80 41 in
1053 810 214 41 definitione,
1214 810 40 41 &

746 838 193 53 concesserit
901 838 116 53 ipsam
978 838 103 53 esse
1042 838 180 53 compositam
1171 838 77 53 sim-

742 879 164 51 pliciter
865 879 82 51 ex
906 879 178 51 pluribus,
1043 879 68 51 &
1070 879 96 51 non
1111 879 137 51 distinxe

740 917 85 45 rit
788 917 206 45 pluralitatem,
958 917 97 45 quae
1018 917 85 45 est
1067 917 73 45 in
1103 917 145 45 potentia
1200 917 48 45 ab

742 959 82 47 ea,
789 959 93 47 quae
847 959 82 47 est
894 959 70 47 in
929 959 105 47 actu,
999 959 175 47 impossibile
1139 959 82 47 est
1174 959 70 47 sol-

738 997 91 45 uere
794 997 91 45 hanc
851 997 170 45 quaestione.
988 997 91 45 D.d.
1044 997 68 45 Si
1079 997 102 45 autem
1147 997 125 45 fuerit,

744 1036 103 40 sicut
812 1036 137 40 dicitur,
915 1036 80 40 &c.
961 1036 69 40 i.
996 1036 69 40 si
1030 1036 103 40 autem
1087 1036 172 40 distinxerimus

748 1071 195 43 dualitatem,
904 1071 104 43 quae
969 1071 91 43 est
1021 1071 78 43 in
1060 1071 208 43 definitione,
1216 1071 39 43 &

747 1114 175 40 dixerimus,
884 1114 100 40 quod
947 1114 100 40 haec
1009 1114 88 40 est
1059 1114 150 40 materia,
1172 1114 63 40 &
1184 1114 75 40 haec

738 1153 98 47 est
794 1153 140 47 forma,
892 1153 70 47 &
920 1153 98 47 hoc
976 1153 154 47 existit
1087 1153 84 47 in
1115 1153 140 47 potentia

741 1189 69 37 in
776 1189 150 37 composito
892 1189 139 37 scilicet
995 1189 139 37 materia,
1099 1189 58 37 &
1122 1189 81 37 hoc
1157 1189 104 37 existit

738 1229 62 54 in
769 1229 93 54 actu.
831 1229 124 54 scilicet
924 1229 103 54 forma,
996 1229 155 54 dissoluetur
1120 1229 135 54 quaestio.
1214 1229 41 54 D.

745 1268 59 52 d.
775 1268 79 52 Ista
824 1268 79 52 enim
874 1268 119 52 quaestio
962 1268 89 52 erit.
1022 1268 59 52 id
1051 1268 69 52 est
1091 1268 119 52 quoniam,
1180 1268 59 52 si
1200 1268 49 52 non

748 1305 170 47 procedatur
882 1305 85 47 hac
930 1305 97 47 via,
991 1305 97 47 ista
1052 1305 97 47 quid
1100 1305 146 47 remanebit.

745 1347 145 39 Deinde
846 1347 159 39 induxit
962 1347 188 39 exemplum,
1106 1347 72 39 &
1135 1347 145 39 dixit:

744 1389 68 48 &
772 1389 82 48 si
813 1389 178 48 definitio
950 1389 164 48 sphaerae
1073 1389 123 48 esset
1141 1389 110 48 cuprum

744 1422 147 55 rotundum,
857 1422 79 55 &c.
902 1422 68 55 i.
936 1422 68 55 v.
970 1422 68 55 g.
1004 1422 136 55 quoniam,
1106 1422 79 55 cum
1140 1422 113 55 posueri-

743 1453 102 61 mus,
807 1453 102 61 quod
870 1453 165 61 definitio
998 1453 153 61 sphaerae
1112 1453 89 61 est
1150 1453 102 61 cuprum

735 1507 172 42 rotundum,
867 1507 106 42 tunc
933 1507 92 42 hoc
986 1507 119 42 nomen
1065 1507 119 42 esset
1144 1507 132 42 aequa

745 1540 71 45 le
781 1540 94 45 huic
839 1540 188 45 definitioni.
992 1540 94 45 D.d.
1051 1540 94 45 ergo
1110 1540 106 45 esset
1169 1540 82 45 quae-

743 1580 138 46 situm,
840 1580 96 46 &c.
895 1580 83 46 i.
936 1580 69 46 &
964 1580 96 46 cum
1019 1580 207 46 posuerimus,
1170 1580 83 46 quod

738 1614 185 44 definitio
880 1614 171 44 sphaerae
1008 1614 100 44 est
1065 1614 142 44 cuprum
1150 1614 100 44 rotun

742 1654 110 52 dum,
811 1654 69 52 &
839 1654 234 52 quaesiuerimus
1031 1654 83 52 in
1072 1654 83 52 ea
1114 1654 110 52 hoc,
1169 1654 83 52 sci-

744 1693 125 50 licet
827 1693 97 50 quo
883 1693 111 50 modo
952 1693 180 50 definitio
1091 1693 97 50 est
1146 1693 111 50 vna,
1215 1693 69 50 &

736 1733 127 37 habet
820 1733 141 37 plures
919 1733 155 37 partes,
1031 1733 112 37 tunc
1087 1733 169 37 quaeritur,

733 1773 186 41 quomodo
868 1773 169 41 cuprum
987 1773 85 41 &
1020 1773 203 41 rotundum
1156 1773 101 41 sunt

736 1807 126 51 vnum.
820 1807 112 51 D.d.
890 1807 154 51 quoniam
1001 1807 112 51 tunc
1071 1807 98 51 non
1113 1807 126 51 appare
