1475 2066
203 132 97 53 bit
258 132 180 53 quaestio.
397 132 83 53 i.
438 132 83 53 &,
479 132 97 53 cum
521 132 207 53 definiuerimus

211 174 175 44 sphaeram,
345 174 148 44 quoniam
453 174 94 44 est
507 174 135 44 cuprum
588 174 135 44 rotundum

211 214 77 51 &
241 214 278 51 intellexerimus
474 214 108 51 per
535 214 155 51 cuprum
628 214 93 51 mate

209 252 132 38 riam,
297 252 73 38 &
327 252 103 38 per
385 252 176 38 rotundum
518 252 147 38 formam
620 252 88 38 in
650 252 73 38 hac

202 290 178 40 materia,
335 290 118 40 tunc
409 290 104 40 non
469 290 163 40 accidit
572 290 148 40 quaestio

227 329 103 40 D.d.
291 329 77 40 Et
330 329 115 40 causa
407 329 128 40 illius
496 329 154 40 vnitatis
612 329 103 40 est,
663 329 64 40 &c.

206 365 123 46 idest,
292 365 62 46 &
317 365 111 46 causa
390 365 123 46 istius
477 365 148 46 vnitatis
588 365 74 46 et
624 365 74 46 vt
649 365 74 46 tra-

210 412 159 38 mutetur
325 412 116 38 quod
398 412 101 38 est
456 412 87 38 in
499 412 188 38 potentia,
630 412 101 38 donec

209 443 91 54 fiat
266 443 68 54 in
300 443 91 54 actu
357 443 68 54 ab
391 443 126 54 agente,
482 443 137 54 scilicet
585 443 68 54 ab
608 443 114 54 extrahen

207 484 76 51 te
245 484 115 51 ipsum
322 484 64 51 a
347 484 153 51 potentia
462 484 76 51 in
500 484 127 51 actum.
589 484 89 51 Est
627 484 102 51 igitur

215 520 98 54 hic
271 520 153 54 aliquid
382 520 126 54 vnum,
466 520 112 54 quod
536 520 126 54 primo
619 520 98 54 est
675 520 84 54 in

220 558 171 50 potentia,
351 558 66 50 &
378 558 105 50 post
444 558 197 50 transfertur
602 558 79 50 de
628 558 92 50 poten

217 596 92 46 tia
269 596 79 46 in
309 596 131 46 actum.
401 596 184 46 translatio
545 596 105 46 enim
611 596 105 46 eius
663 596 66 46 non

214 637 144 53 largitur
322 637 84 53 eim
370 637 144 53 multitud
478 637 108 53 inem,
550 637 84 53 sed
586 637 132 53 perfectio

216 676 97 40 nem
272 676 84 40 in
314 676 125 40 esse,
397 676 70 40 &
425 676 84 40 in
467 676 125 40 toto.
550 676 97 40 hoc
606 676 97 40 est
648 676 84 40 vnum

211 716 74 52 in
248 716 111 52 actu.
322 716 62 52 &
346 716 86 52 hoc
395 716 185 52 intendebat,
543 716 86 52 cum
593 716 74 52 d.
617 716 111 52 quoniam

212 753 90 42 non
263 753 90 42 est
315 753 115 42 aliud
392 753 167 42 causatum,
520 753 90 42 &c.
571 753 77 42 i.
610 753 90 42 non
648 753 77 42 enim

217 792 99 53 est
274 792 99 53 hoc
330 792 128 53 aliud
415 792 170 53 causatum
543 792 85 53 ab
585 792 142 53 agente
670 792 57 53 ab

217 830 75 54 eo,
260 830 64 54 in
292 830 85 54 quod
345 830 96 54 agit,
410 830 75 54 sed
452 830 96 54 illud
516 830 85 54 idem
570 830 128 54 scilicet
666 830 85 54 quod

226 868 56 55 e
248 868 124 55 sphaera
339 868 68 55 in
372 868 147 55 potentia,
485 868 79 55 sit
530 868 124 55 sphaera
620 868 68 55 in
643 868 79 55 actu-

212 912 95 48 cum
267 912 122 48 agens
348 912 163 48 extrahit
471 912 122 48 ipsum
552 912 82 48 de
579 912 150 48 potentia-

217 939 71 59 in
253 939 118 59 actum.
335 939 94 59 D.d.
394 939 83 59 sed
441 939 83 59 hoc
488 939 83 59 est
535 939 118 59 illud,
618 939 94 59 quod
665 939 59 59 est

218 991 82 43 per
265 991 164 43 essentiam,
394 991 82 43 &c.
441 991 70 43 i.
476 991 59 43 &
500 991 94 43 haec
559 991 82 43 duo
606 991 94 43 dant
653 991 70 43 esse

215 1029 98 37 rei,
276 1029 98 37 quam
337 1029 171 37 significat
471 1029 159 37 definitio
593 1029 73 37 in
617 1029 110 37 omnibus

211 1069 131 37 rebus
299 1069 203 37 habentibus
458 1069 174 37 materiam
589 1069 73 37 &
604 1069 116 37 formam

216 1104 74 40 vt
253 1104 74 40 in
290 1104 148 40 defionne
400 1104 135 40 circuli
499 1104 148 40 dicimus,
609 1104 98 40 quod
659 1104 62 40 est

211 1141 145 54 sigura
312 1141 145 54 plana.
413 1141 145 54 sigura
514 1141 116 54 enim
586 1141 101 54 est
630 1141 101 54 quasi

208 1181 107 45 ma,
269 1181 77 45 &
300 1181 138 45 plana
392 1181 138 45 quasi
484 1181 153 45 forma.
591 1181 92 45 Et
622 1181 107 45 inten

209 1221 117 45 debat
287 1221 169 45 declarare
417 1221 91 45 per
469 1221 91 45 hoc
520 1221 156 45 exemplum
637 1221 117 45 quod,

215 1260 94 50 cum
268 1260 135 50 dispon
363 1260 135 50 fuerit
457 1260 121 50 talis
538 1260 81 50 in
565 1260 162 50 disponibus

205 1299 135 55 rerum
295 1299 284 55 mathematicarum,
534 1299 150 55 quanto
624 1299 105 55 magis

216 1336 78 42 vt
255 1336 91 42 sit
307 1336 78 42 in
346 1336 194 42 defionnibus
501 1336 117 42 rerum
579 1336 91 42 non
617 1336 104 42 mathae

211 1377 166 42 maticarum:
341 1377 71 42 ne
377 1377 130 42 aliquis
471 1377 118 42 dicat,
554 1377 95 42 quod
614 1377 107 42 omnes
673 1377 47 42 de

206 1421 198 37 finitiones
362 1421 99 37 non
418 1421 213 37 componuntur
588 1421 85 37 ex
631 1421 99 37 mam
688 1421 71 37 &

206 1455 154 43 forma.
314 1455 231 43 mathematica
499 1455 123 43 enim
576 1455 108 43 non
637 1455 123 43 sunt

208 1493 71 52 in
244 1493 95 52 mam,
303 1493 83 52 sed
351 1493 166 52 declaratum
481 1493 83 52 est
529 1493 119 52 prius,
612 1493 95 52 quod
660 1493 71 52 ista

206 1532 155 45 habent
315 1532 187 45 materiam
455 1532 109 45 non
502 1532 202 45 sensibilem.

255 1592 214 57 Quaecunque
423 1592 122 57 vero
500 1592 138 57 neque
576 1592 153 57 intelli-

213 1634 174 48 gibilem,
344 1634 131 48 neque
431 1634 203 48 sensibilem
577 1634 145 48 materiam

210 1677 173 45 habent,
336 1677 157 45 statim
446 1677 126 45 vnum
525 1677 173 45 quiddam
635 1677 94 45 esse

202 1725 272 46 vnumquodque
420 1725 145 46 est:
492 1725 236 46 quemadmodum

199 1763 168 55 ipsum
311 1763 130 55 ens
386 1763 130 55 hoc
460 1763 224 55 quiddam,
609 1763 112 55 hoc,

212 1804 160 55 quale,
324 1804 192 55 quantum,
468 1804 144 55 quare
563 1804 112 55 non
611 1804 112 55 inest

733 132 93 46 in
780 132 233 46 defionnibus
966 132 109 46 nec
1028 132 124 46 ens,
1106 132 109 46 nec
1152 132 109 46 vnuns

742 181 88 53 et
786 181 132 53 ipsum
874 181 117 53 quid
947 181 117 53 erat
1020 181 117 53 esse
1093 181 146 53 statim
1181 181 88 53 vnum

738 219 233 47 quiddam
907 219 169 47 est,
992 219 275 47 quemadmodum

741 261 90 42 &
777 261 126 42 ens
849 261 216 42 quiddam.
1012 261 234 42 Propterea
1174 261 90 42 non

740 309 155 39 aliqua
849 309 124 39 alia
927 309 140 39 causa
1020 309 124 39 vlli
1097 309 171 39 istorum
1206 309 62 39 vt

745 340 137 54 vnum
831 340 155 54 sint,
934 340 120 54 nec
1002 340 103 54 vt
1054 340 120 54 ens
1105 340 155 54 quiddam

744 381 145 51 sint.
841 381 161 51 statim
954 381 161 51 etenim
1050 381 210 51 vnunquodque

734 422 112 53 est
798 422 112 53 ens
862 422 192 53 quiddam,
1006 422 80 53 &
1037 422 128 53 vnum
1101 422 160 53 quiddam,

738 469 118 46 non
805 469 101 46 vt
856 469 101 46 in
906 469 168 46 genere
1024 469 168 46 inente
1141 469 84 46 &
1158 469 101 46 vno,

745 516 106 38 nec
806 516 167 38 tanquam
927 516 121 38 sint
1003 516 182 38 separata
1124 516 137 38 praeter

744 555 258 46 particularia.
956 555 91 46 Ob
1002 555 121 46 hanc
1078 555 137 46 autem
1154 555 106 46 dubi-

745 594 189 41 tationem
887 594 158 41 quidam
982 594 284 41 participationem,

739 632 166 50 aiunt,
856 632 83 50 &
889 632 166 50 causam
1006 632 183 50 quandam
1122 632 133 50 parti-

742 677 241 41 cipationis:
935 677 80 41 &
967 677 177 41 quidnam
1095 677 112 41 sit
1144 677 112 41 illud

742 717 241 51 participare
935 717 209 51 dubitant.
1095 717 161 51 Quidam
1192 717 64 51 co

741 756 153 60 pulam
843 756 187 60 animae,
979 756 170 60 sicuti
1081 756 187 60 Lycophron

748 803 96 40 ait,
808 803 156 40 scientiam
928 803 96 40 esse
988 803 120 40 ipsius
1073 803 108 40 scire
1145 803 60 40 &
1157 803 108 40 animae.

748 845 165 51 Quidam
863 845 296 51 compositionem,
1110 845 115 51 aut
1159 845 99 51 con-

739 884 215 50 iunctionem
907 884 153 50 animae
1015 884 107 50 cum
1076 884 184 50 corpore,
1199 884 61 50 ip

734 925 129 45 sum
807 925 203 45 viuere.
955 925 203 45 Attamen
1102 925 166 45 eadem
1194 925 74 45 de

736 966 176 53 omnibus
864 966 144 53 ratio
960 966 144 53 erit.
1057 966 160 53 etenim
1153 966 112 53 ipsum

744 1007 128 49 sanum
829 1007 128 49 esse,
914 1007 99 49 aut
970 1007 156 49 copula,
1084 1007 99 49 aut
1126 1007 142 49 composi-

738 1050 131 47 tio,
820 1050 115 47 aut
885 1050 229 47 coniunctio
1065 1050 164 47 animae
1180 1050 82 47 &
1196 1050 66 47 sa

742 1097 153 43 nitatis
853 1097 125 43 erit.
937 1097 70 43 &
965 1097 97 43 aes
1020 1097 111 43 esse
1076 1097 181 43 triangulum,

743 1133 207 53 compositio
906 1133 133 53 aeris
995 1133 74 53 &
1024 1133 192 53 triaguli.
1172 1133 74 53 &
1187 1133 74 53 al-

739 1171 106 47 bum
799 1171 136 47 esse,
890 1171 212 47 compositio
1057 1171 227 47 superficiei
1224 1171 45 47 &

744 1214 210 56 albedinis.
909 1214 135 56 Causa
999 1214 120 56 vero
1073 1214 120 56 est,
1133 1214 135 56 quoniam

740 1261 203 48 potentiae
896 1261 78 48 &
928 1261 140 48 actus
1021 1261 187 48 rationem
1146 1261 109 48 quae-

746 1300 97 52 runt
806 1300 158 52 vnientem,
928 1300 61 52 &
952 1300 206 52 differentiam.
1122 1300 85 52 est
1158 1300 97 52 autem,

748 1340 96 47 vt
796 1340 159 47 dictum
907 1340 127 47 est,
987 1340 159 47 vltima
1099 1340 175 47 materia
1210 1340 48 47 &

731 1384 155 42 forma
834 1384 155 42 idem:
938 1384 86 42 &
972 1384 121 42 hoc
1041 1384 172 42 quidem
1144 1384 121 42 poten

742 1424 125 55 tia,
821 1424 110 55 hoc
883 1424 125 55 vero
962 1424 141 55 actu.
1055 1424 141 55 Quare
1134 1424 125 55 simile

745 1471 106 44 est
806 1471 182 44 quaerere
942 1471 167 44 quidnam
1064 1471 137 44 vnius
1140 1471 121 44 causa-

737 1509 120 46 sit,
812 1509 75 46 &
842 1509 90 46 vt
887 1509 120 46 vnum
962 1509 120 46 sit.
1038 1509 120 46 vnum
1113 1509 120 46 enim
1173 1509 90 46 quid

743 1549 116 46 dam
810 1549 266 46 vnunquodque.
1026 1549 83 46 &
1059 1549 133 46 quod
1126 1549 133 46 poten-

741 1589 140 46 tia,
828 1589 87 46 &
863 1589 140 46 quod
950 1589 140 46 actu
1038 1589 140 46 vnum
1125 1589 175 46 quodam

734 1635 110 47 modo
803 1635 110 47 est.
872 1635 124 47 Quare
955 1635 124 47 nulla
1038 1635 110 47 alia
1107 1635 124 47 causa
1176 1635 83 47 est,

733 1675 121 55 nisi
809 1675 152 55 siquid
915 1675 137 55 fuit,
1006 1675 167 55 tanquam
1127 1675 91 55 ex
1158 1675 106 55 poten

736 1725 107 53 tia
797 1725 92 53 in
843 1725 138 53 actum
935 1725 169 53 mouens.
1058 1725 215 53 Quaecunque
1212 1725 61 53 ve

742 1760 90 50 ro
787 1760 105 50 non
847 1760 150 50 habent
952 1760 195 50 materiam,
1102 1760 150 50 cuncta
1192 1760 75 50 sim

736 1807 191 51 pliciter
879 1807 143 51 entia
975 1807 127 51 sunt
1055 1807 143 51 ipsum
1134 1807 112 51 quid.
