1475 2066
220 149 81 53 &,
260 149 94 53 cum
314 149 94 53 sit
368 149 202 53 manifestum,
529 149 108 53 quod
597 149 148 53 quaedam
691 149 54 53 po

227 191 147 43 tentiae
333 191 147 43 actiuae
440 191 107 43 sunt
506 191 173 43 potentiae
640 191 80 43 in
666 191 67 43 reb

236 229 86 45 non
285 229 159 45 animatis,
407 229 61 45 &
431 229 134 45 quaedam
529 229 98 45 sunt
590 229 159 45 potentiae
700 229 49 45 in

234 277 101 40 rebus
301 277 134 40 animatis
402 277 134 40 scilicet
502 277 67 40 in
536 277 157 40 habentibus
648 277 89 40 compre

232 309 189 38 habesionem
380 309 67 38 &
407 309 175 38 rationem,
542 309 189 38 manifestum
677 309 67 38 est

233 347 104 45 quod
298 347 195 45 potentiarum
454 347 130 45 quadam
545 347 104 45 sunt
610 347 91 45 cum
649 347 91 45 defi-

233 388 138 38 nitione
334 388 63 38 &
359 388 151 38 ratione,
472 388 63 38 &
498 388 138 38 quaedam
598 388 101 38 sine
648 388 101 38 defini

237 428 119 37 tione
316 428 66 37 &
342 428 158 37 ratione.
461 428 106 37 D.d.
527 428 79 37 Et
567 428 106 37 ideo
632 428 119 37 omnia
698 428 40 37 a

237 462 146 55 tificia,
346 462 85 55 &c.
395 462 73 55 i.
431 462 73 55 &,
468 462 97 55 quia
528 462 158 55 potentiae
638 462 109 55 actiuae

231 501 103 40 sunt
295 501 193 40 rationales,
450 501 103 40 ideo
514 501 116 40 omnia
592 501 167 40 artificia
707 501 39 40 &

235 540 163 51 scientiae
361 540 88 51 non
411 540 100 51 sunt
474 540 176 51 potentiae,
612 540 100 51 quia
662 540 88 51 agunt

238 581 60 45 in
268 581 89 45 alia,
327 581 119 45 secundum
417 581 79 45 quod
466 581 79 45 sunt
516 581 89 45 alia.
575 581 60 45 Et
605 581 60 45 d.
635 581 79 45 hoc,
675 581 69 45 quida

234 614 110 44 haec
303 614 96 44 est
358 614 178 44 definitio
494 614 205 44 potentiarum
645 614 96 44 acti-

242 654 91 45 uarum
303 654 213 45 secundumpliciter.
485 654 81 45 D.d.
536 654 61 45 Et
566 654 101 45 omnia,
637 654 81 45 quae
678 654 71 45 sunt,

231 694 86 45 cum
280 694 198 45 definitione,
441 694 86 45 &c.
490 694 74 45 i.
527 694 62 45 &
552 694 111 45 omnes
614 694 124 45 potentie

235 734 98 51 qua
291 734 112 51 sunt
361 734 98 51 cum
417 734 168 51 ratione,
543 734 126 51 agunt
627 734 98 51 duo
669 734 70 51 con

230 773 146 42 traria.
336 773 106 42 D.d.
402 773 93 42 sed
455 773 93 42 non
508 773 119 42 sicut
588 773 106 42 vnum
641 773 106 42 vnius,

233 810 75 43 &c.
276 810 64 43 i.
308 810 53 43 &
329 810 96 43 istae
393 810 149 43 potentiae,
510 810 85 43 quae
564 810 107 43 habent
628 810 117 43 rationem,

231 852 116 49 non
298 852 149 49 agunt
397 852 182 49 alterum
513 852 231 49 contrariorum

237 893 121 38 tantum,
325 893 99 38 sicut
390 893 77 38 est
434 893 153 38 dispositio
555 893 66 38 in
588 893 142 38 potentiis
686 893 55 38 cas

238 926 149 52 rentibus
349 926 149 52 ratione.
460 926 136 52 calidum
559 926 99 52 enim
621 926 99 52 agit
671 926 74 52 calo

232 968 113 43 rem,
303 968 71 43 &
331 968 99 43 non
388 968 113 43 agit
459 968 156 43 alterum
558 968 184 43 contrarium,

242 1005 101 52 ilcet
309 1005 113 52 sigus.
388 1005 147 52 Potentiae
501 1005 90 52 enim
557 1005 158 52 rationales
670 1005 79 52 agunt

236 1042 100 41 duo
293 1042 186 41 contraria
436 1042 172 41 insimul,
565 1042 115 41 v.g.
637 1042 100 41 ars
680 1042 57 41 Me

238 1079 150 43 dicinae,
350 1079 100 43 quae
412 1079 100 43 agit
475 1079 175 43 sanitatem,
612 1079 62 43 &
625 1079 112 43 infirmi

235 1124 137 38 tatem.
331 1124 109 38 D.d.
399 1124 82 38 Et
440 1124 123 38 causa
522 1124 82 38 in
563 1124 96 38 hoc
618 1124 109 38 est,
673 1124 68 38 &c.

233 1158 75 53 i.
271 1158 63 53 &
296 1158 113 53 causa
372 1158 75 53 in
409 1158 88 53 hoc
460 1158 101 53 est,
522 1158 101 53 quia
585 1158 113 53 istae
648 1158 88 53 poten

235 1197 85 52 tiae
289 1197 96 52 agunt
353 1197 75 52 per
395 1197 149 52 scientiam,
512 1197 53 52 &
534 1197 128 52 scientia
630 1197 75 52 est
662 1197 85 52 quorum

235 1242 214 46 contrariorum
409 1242 161 46 secundum
529 1242 227 46 imaginationem
703 1242 40 46 &

231 1273 217 41 definitionem,
410 1273 64 41 &
436 1273 166 41 definitio
563 1273 153 41 alterius
665 1273 77 41 conm

233 1317 160 45 trariorum
355 1317 196 45 intelligitur
515 1317 74 45 in
552 1317 147 45 respectu
650 1317 86 45 relis

233 1351 207 43 contrarii.
396 1351 103 43 sed
455 1351 103 43 hoc
514 1351 103 43 non
573 1351 133 43 habet
647 1351 103 43 eodem

234 1395 110 39 modo.
307 1395 98 39 D.d.
368 1395 61 39 &
392 1395 110 39 forte
466 1395 98 39 erit
526 1395 171 39 possibile,
661 1395 85 39 &c.
697 1395 49 39 i.

238 1430 136 49 quoniam
336 1430 111 49 forte
410 1430 86 49 est
460 1430 160 49 possibile
583 1430 74 49 vt
607 1430 136 49 potentiae

233 1476 127 47 agant
318 1476 99 47 duo
374 1476 198 47 contraria,
529 1476 71 47 &
558 1476 127 47 forte
628 1476 113 47 aguntm

231 1516 168 45 alterum
353 1516 214 45 contrarium
521 1516 92 45 in
567 1516 153 45 maiori
659 1516 76 45 par

234 1544 77 50 te.
278 1544 88 50 D.d.
333 1544 88 50 ergo
388 1544 121 50 necesse
476 1544 88 50 est,
531 1544 77 50 &c.
575 1544 66 50 i.
608 1544 132 50 quoniam,
696 1544 55 50 cum

230 1585 123 55 istae
312 1585 177 55 potentiae
448 1585 123 55 agunt
530 1585 82 55 ab
571 1585 191 55 intellectu
707 1585 41 55 &

236 1621 133 53 scientia:
338 1621 51 53 &
359 1621 123 53 scientia
451 1621 72 53 est
492 1621 174 53 contrariorum:
635 1621 82 53 ergo
676 1621 72 53 sciet

229 1663 102 51 duo
288 1663 190 51 contraria
434 1663 175 51 insimul:
566 1663 117 51 ergo
624 1663 117 51 neces-

229 1700 76 52 se
267 1700 89 52 est
318 1700 76 52 vt
357 1700 102 52 agat
420 1700 178 52 contraria.
560 1700 102 52 D.d.
624 1700 64 52 &
649 1700 76 52 vt
675 1700 76 52 sint

233 1741 184 49 quorundam
375 1741 99 49 per
431 1741 99 49 se,
488 1741 99 49 &c.
545 1741 85 49 i.
587 1741 71 49 &
615 1741 85 49 vt
644 1741 99 49 agere

228 1776 172 42 contraria
360 1776 93 42 sit
413 1776 172 42 quorundam
546 1776 93 42 per
599 1776 93 42 se,
652 1776 66 42 &
665 1776 80 42 quo-

234 1820 152 38 rundam
340 1820 106 38 per
401 1820 198 38 accidens,
553 1820 76 38 &
584 1820 198 38 quorundam

761 148 168 46 alterum
883 148 244 46 contrariorum
1081 148 122 46 erit
1142 148 153 46 essentia

765 193 113 42 liter,
844 193 57 42 &
867 193 125 42 alterum
957 193 79 42 per
1003 193 147 42 accidens.
1116 193 91 42 D.d.
1173 193 79 42 per
1207 193 68 42 acci

761 237 99 45 dens
822 237 136 45 igitur,
921 237 87 45 &c.
971 237 62 45 i
996 237 74 45 &,
1033 237 87 45 cum
1082 237 136 45 aliquis
1169 237 111 45 artifex

763 269 100 49 non
820 269 228 49 intellexerit
1005 269 85 49 de
1047 269 199 49 priuatione
1190 269 85 49 nisi

765 312 165 47 negationem
895 312 130 47 tantum:
990 312 94 47 tunc
1049 312 83 47 non
1096 312 165 47 intelliget
1214 312 59 47 al-

759 345 118 41 terum
838 345 210 41 contrariorum
1008 345 105 41 nisi
1073 345 92 41 per
1126 345 170 41 accidens,

763 384 67 51 &
789 384 108 51 ideo
857 384 94 51 qui
911 384 121 51 talem
992 384 121 51 habet
1059 384 216 51 dispositionem,

768 425 93 50 non
821 425 186 50 intelliget
967 425 146 50 naturam
1074 425 186 50 contrarii.
1207 425 66 50 ve-

766 462 98 44 rum
822 462 112 44 enim
892 462 196 44 contrarium
1045 462 98 44 est
1101 462 182 44 priuatio.
1241 462 70 44 &

760 501 101 49 hoc
817 501 216 49 intendebat,
990 501 101 49 cum
1048 501 144 49 dixit:
1135 501 144 49 priuatio

765 540 124 39 enim
843 540 140 39 prima
936 540 109 39 est
983 540 202 39 contrarium.

802 596 114 54 Sed,
873 596 156 54 quoniam
987 596 185 54 contraria
1129 596 100 54 non
1171 596 100 54 fiunt

760 639 83 52 in
802 639 138 52 eodem,
898 639 165 52 scientia
1022 639 110 52 vero
1091 639 179 52 potentia,
1215 639 55 52 eo

763 682 108 53 quod
830 682 121 53 habet
911 682 175 53 rationem,
1045 682 121 53 anima
1126 682 135 53 quoque
1207 682 67 53 mo-

764 725 119 45 tus
832 725 238 45 principium
1019 725 153 45 habet
1105 725 170 45 (salubre

767 771 164 43 quidem.
887 771 194 43 sanitatem
1036 771 134 43 solum
1126 771 149 43 facit,
1230 771 75 43 &

756 805 252 58 calefactiuum
961 805 252 58 caliditatem,
1165 805 79 58 &
1181 805 94 58 fri-

759 848 198 50 gefactiuum
914 848 240 50 frigiditatem,
1112 848 141 50 sciens
1196 848 71 50 au-

761 891 110 47 tem
824 891 141 47 ambo.
918 891 141 47 ratio
1012 891 126 47 enim
1091 891 173 47 amborum
1201 891 78 47 qui

767 930 79 56 dem
812 930 90 56 est,
868 930 79 56 non
913 930 101 56 tamen
981 930 135 56 simiter,
1082 930 56 56 &
1105 930 68 56 in
1139 930 113 56 anima,
1206 930 68 56 quae

760 973 159 45 motus
867 973 248 45 principium
1061 973 177 45 habet)
1168 973 106 45 ambo

760 1017 192 49 profecto
904 1017 96 49 ex
952 1017 144 49 eodem
1049 1017 176 49 mouebit
1161 1017 112 49 prin-

764 1056 160 55 cipio,
876 1056 96 55 ad
924 1056 128 55 idem
1004 1056 240 55 coniungens.
1179 1056 96 55 Qua-

767 1108 77 30 re
806 1108 103 30 quae
870 1108 154 30 secundum
985 1108 154 30 rationem
1101 1108 154 30 potentia
1203 1108 77 30 sunt

763 1141 192 44 contraria
911 1141 103 44 his
970 1141 177 44 faciunt,
1103 1141 118 44 quae
1162 1141 118 44 absque

766 1181 160 49 ratione
883 1181 175 49 potentia
1014 1181 131 49 sunt.
1102 1181 117 49 vnum
1160 1181 117 49 namque

757 1221 212 53 principium
924 1221 212 53 continetur
1090 1221 182 53 ratione.
1211 1221 61 53 Ma

761 1261 166 45 nifestum
885 1261 124 45 autem
968 1261 97 45 est
1023 1261 110 45 quod
1093 1261 69 45 &
1120 1261 138 45 ipsius
1203 1261 69 45 be-

758 1308 89 41 ne
803 1308 194 41 potentiam
952 1308 179 41 sequitur
1086 1308 149 41 solius
1176 1308 119 41 facien

758 1349 93 50 di
804 1349 108 50 aut
866 1349 185 50 patiendi
1004 1349 201 50 potentia:
1159 1349 123 50 hanc
1220 1349 62 50 ve

765 1389 81 45 ro
805 1389 107 45 illa
872 1389 94 45 non
926 1389 148 45 semper.
1033 1389 94 45 qui
1087 1389 107 45 enim
1154 1389 107 45 bene
1208 1389 67 45 fa-

766 1428 104 52 cit,
831 1428 143 52 necesse
935 1428 91 52 est
987 1428 78 52 vt
1026 1428 117 52 etiam
1104 1428 143 52 faciat:
1195 1428 78 52 quo-

761 1470 126 45 vero
840 1470 141 45 solum
934 1470 157 45 facit,
1044 1470 110 45 non
1091 1470 188 45 necessario

760 1514 78 40 &
792 1514 126 40 bene
854 1514 126 40 facit.

809 1564 85 62 Et
851 1564 170 62 scientia
979 1564 99 62 est
1036 1564 184 62 potentia,
1164 1564 114 62 secun-

757 1613 119 62 dum
825 1613 136 62 quod
910 1613 153 62 habet
1012 1613 221 62 rationem.
1181 1613 85 62 &
1198 1613 85 62 ani

757 1660 94 63 ma
804 1660 141 63 habet
898 1660 219 63 principium
1070 1660 141 63 motus
1148 1660 125 63 etiam,

757 1709 175 61 quoniam
884 1709 159 61 arinma
995 1709 159 61 sanans
1106 1709 143 61 facit
1186 1709 95 61 sani

763 1756 163 63 tatenm,
882 1756 74 63 &
911 1756 222 63 calefaciens
1089 1756 178 63 calorem,
1222 1756 89 63 et

768 1804 208 63 insfrigidans
937 1804 143 63 frigus,
1042 1804 156 63 scientia
1159 1804 104 63 uero
1211 1804 65 63 fa
