1475 2066
220 149 134 45 turum
309 149 134 45 esse,
398 149 208 45 mentietur.
547 149 193 45 impossibile

234 194 123 51 enim
310 194 107 51 hoc
372 194 260 51 significabat.
586 194 123 51 Vnde
647 194 92 51 ille

226 237 218 43 orationes
394 237 84 43 &
428 237 168 43 motum,
545 237 84 43 &
562 237 185 43 generatio

230 282 121 40 nem
299 282 225 40 perimunt.
472 282 173 40 semper
593 282 173 40 etenim
697 282 52 40 &

235 318 131 48 quod
317 318 131 48 stat
399 318 180 48 stabit,
530 318 82 48 &
563 318 131 48 quod
628 318 115 48 sedet

228 360 168 42 sedebit.
354 360 84 42 si
396 360 112 42 enim
466 360 140 42 sedet,
565 360 98 42 non
621 360 154 42 surget.

234 405 202 54 impossibile
395 405 135 54 nanque
490 405 108 54 erit
557 405 162 54 surgere:
665 405 81 54 quod

224 446 112 52 non
288 446 112 52 est
352 446 208 52 possibile
512 446 192 52 surgere.
640 446 96 52 Quod

235 490 83 48 si
277 490 97 48 non
332 490 97 48 est
388 490 180 48 possibile
526 490 111 48 ista
596 490 152 48 dicere,
693 490 55 48 ma

234 532 175 51 nifestum
366 532 102 51 est
424 532 117 51 quod
497 532 175 51 potentia
629 532 73 51 &
644 532 102 51 actus

231 580 134 39 aliud
321 580 75 39 &
351 580 134 39 aliud
440 580 120 39 est.
515 580 134 39 illae
605 580 120 39 vero
664 580 75 39 ora

227 621 173 37 tiones
348 621 138 37 idem
434 621 190 37 faciunt
556 621 190 37 potentiam

226 658 88 41 &
262 658 176 41 actum.
385 658 194 41 propter
526 658 141 41 quod
615 658 124 41 non
667 658 71 41 pa

225 709 117 45 rum
292 709 184 45 quiddam
426 709 201 45 quaerunt
560 709 184 45 perimere,

275 748 83 62 Et
317 748 138 62 etiam,
413 748 83 62 si
454 748 138 62 illud,
550 748 110 62 quod
619 748 124 62 caret
688 748 55 62 po

227 796 159 54 tentia,
342 796 101 54 non
400 796 130 54 habet
487 796 202 54 potentiam,
631 796 116 54 illud,

227 845 120 61 quod
302 845 105 61 non
362 845 134 61 erit,
451 845 105 61 non
511 845 134 61 habet
586 845 164 61 potentiam

237 893 79 61 vt
276 893 105 61 sit.
342 893 66 61 &
368 893 92 61 qui
420 893 131 61 dicit,
512 893 105 61 quod
578 893 131 61 illud,
669 893 105 61 quod

221 940 102 62 non
280 940 131 62 habet
367 940 175 62 potentia
498 940 87 62 vt
542 940 102 62 sit
600 940 102 62 aut
644 940 102 62 erit,

221 991 201 59 mentitur.
375 991 155 59 quonia
484 991 108 59 non
546 991 155 59 habere
639 991 108 59 poten

229 1037 109 61 tiam
297 1037 190 61 significat
447 1037 109 61 hoc.
514 1037 109 61 isti
582 1037 136 61 igitur
664 1037 81 61 ser-

221 1100 151 47 mones
322 1100 167 47 negant
439 1100 134 47 motu
522 1100 167 47 etiam,
640 1100 84 47 &
656 1100 84 47 ge-

225 1133 162 58 nerari.
343 1133 74 58 &
373 1133 133 58 stans
461 1133 118 58 erit
535 1133 148 58 semper
624 1133 118 58 stans,

229 1180 77 63 &
259 1180 155 63 sedens
368 1180 155 63 semper
476 1180 124 63 erit
553 1180 170 63 sedens.
662 1180 77 63 quo

226 1228 133 54 niam,
315 1228 89 54 si
360 1228 148 54 fuerit
463 1228 148 54 sedens
567 1228 104 54 non
612 1228 133 54 surget,

237 1275 120 61 quia
312 1275 105 61 non
372 1275 135 61 habet
462 1275 195 61 potentiam
613 1275 90 61 vt
643 1275 105 61 mouea

232 1321 109 65 tur.
300 1321 82 65 Si
341 1321 136 65 igitur
436 1321 204 65 impossibile
599 1321 95 65 est
640 1321 109 65 dicere

234 1373 102 56 hos
292 1373 189 56 sermones,
437 1373 189 56 manifestu
582 1373 102 56 est
625 1373 116 56 poten-

233 1419 118 64 tiam
307 1419 118 64 esse
381 1419 133 64 aliud
470 1419 89 64 ab
514 1419 133 64 actu.
603 1419 118 64 isti
662 1419 89 64 vero

230 1468 210 62 sermones
388 1468 193 62 faciunt
529 1468 228 62 potentiam
686 1468 53 62 &

229 1513 137 66 actum
320 1513 122 66 esse
396 1513 137 66 idem,
488 1513 76 66 &
518 1513 107 66 sic
579 1513 152 66 volunt
671 1513 76 66 ali

230 1565 130 62 quid
311 1565 163 62 negare
425 1565 114 62 non
474 1565 146 62 paruum.

274 1629 121 52 Idest,
359 1629 73 52 si
395 1629 121 52 igitur
480 1629 121 52 illud,
564 1629 97 52 quod
625 1629 109 52 caret
685 1629 61 52 po-

231 1668 151 39 tentia,
341 1668 96 39 non
396 1668 124 39 habet
478 1668 192 39 potentiam,
616 1668 124 39 manife-

232 1709 95 37 stum
291 1709 83 37 est
339 1709 118 37 etiam,
422 1709 95 37 quod
481 1709 118 37 illud,
564 1709 95 37 quod
623 1709 107 37 erit,
694 1709 83 37 non

233 1746 130 40 habet
319 1746 202 40 potentiam:
477 1746 72 40 &
506 1746 144 40 illud,
607 1746 115 40 quod
679 1746 101 40 non

233 1784 114 42 erit,
309 1784 177 42 manifestum
449 1784 89 42 est
499 1784 127 42 etiam,
588 1784 101 42 quod
651 1784 89 42 non
689 1784 51 42 ha

232 1820 117 54 bebit
310 1820 182 54 potentiam:
453 1820 78 54 ex
492 1820 91 54 quo
545 1820 169 54 sequitur,
675 1820 104 54 quod

761 156 148 51 illud,
865 156 118 51 quod
938 156 133 51 erit,
1027 156 103 51 non
1086 156 133 51 erit.
1175 156 118 51 D.d.
1249 156 74 51 &

766 204 86 32 qui
815 204 86 32 &c.
864 204 73 32 i.
900 204 61 32 &
925 204 86 32 qui
974 204 73 32 d.
1010 204 98 32 quod
1071 204 122 32 illud,
1157 204 98 32 quod
1218 204 86 32 non

763 229 118 52 habet
841 229 183 52 potentiam,
985 229 92 52 non
1038 229 92 52 sic
1090 229 92 52 est
1142 229 92 52 aut
1181 229 92 52 erit.

759 271 163 43 fallitur
882 271 204 43 necessario.
1044 271 95 43 cum
1099 271 109 43 enim
1153 271 122 43 dicimus

762 314 154 46 aliquid
874 314 98 46 non
930 314 140 46 habere
1028 314 196 46 potentiam,
1168 314 112 46 inten-

767 348 104 51 dimus
837 348 69 51 in
872 348 93 51 hoc,
930 348 139 51 scilicet
1034 348 81 51 non
1080 348 116 51 habere
1150 348 127 51 potentiam

761 386 79 51 ad
800 386 118 51 esse.
879 386 105 51 D.d.
945 386 105 51 Isti
1010 386 131 51 igitur
1102 386 158 51 sermones
1207 386 66 51 ne-

765 426 106 51 gant
831 426 132 51 motum,
924 426 93 51 &c.
977 426 132 51 idest,
1069 426 66 51 &
1096 426 79 51 d.
1136 426 106 51 hoc,
1189 426 79 51 quia

766 465 119 50 motus
845 465 93 50 est
898 465 172 50 perfectio
1031 465 119 50 eius,
1111 465 106 50 quod
1177 465 93 50 est
1230 465 80 50 in

758 509 195 47 potentia:
908 509 90 47 &,
953 509 105 47 cum
1013 509 105 47 non
1073 509 150 47 fuerit
1163 509 120 47 poten-

765 543 107 44 tia,
832 543 94 44 non
885 543 107 44 erit
953 543 134 44 motus.
1047 543 134 44 Deinde
1141 543 134 44 dicit:
1235 543 67 44 &

768 580 118 42 stans
847 580 105 42 erit
913 580 132 42 semper
1005 580 132 42 stans,
1097 580 92 42 &c.
1149 580 66 42 &
1176 580 92 42 hoc
1215 580 66 42 est

768 620 188 50 intellectum
919 620 88 50 per
969 620 88 50 se,
1019 620 138 50 quoniam
1120 620 126 50 illud,
1208 620 100 50 quod

760 660 101 46 non
817 660 130 46 habet
904 660 187 46 potentiam
1048 660 86 46 ad
1091 660 173 46 aliquid,
1206 660 72 46 nun

760 697 115 41 quam
831 697 86 41 ex
874 697 115 41 illo
946 697 115 41 erit
1017 697 143 41 illud,
1118 697 100 41 dum
1175 697 100 41 non
1218 697 57 41 ha

760 734 109 52 bet
823 734 218 52 potentiam.
994 734 156 52 Deinde
1103 734 156 52 posuit
1197 734 78 52 om-

765 773 100 55 nia
822 773 114 55 ista
893 773 228 55 impossibilia
1078 773 128 55 quasi
1149 773 128 55 antece-

766 815 124 42 dens,
849 815 69 42 &
876 815 193 42 positionem
1028 815 124 42 quasi
1096 815 179 42 consequens,

769 855 65 50 &
795 855 78 50 d.
834 855 78 50 Si
873 855 131 50 igitur
965 855 196 50 impossibile
1121 855 104 50 est,
1187 855 91 50 &c.
1226 855 52 50 i.

759 893 76 51 si
797 893 126 51 igitur
885 893 88 51 est
936 893 202 51 impossibile,
1100 893 76 51 vt
1137 893 113 51 omnia
1200 893 76 51 ista

762 933 217 49 impossibilia
938 933 122 49 sint,
1020 933 108 49 quae
1087 933 190 49 contingunt
1223 933 54 49 ne

760 968 167 50 gantibus
885 968 181 50 potentiam
1025 968 195 50 praecedere
1164 968 111 50 actum,

763 1008 178 43 manifestum
903 1008 102 43 est,
967 1008 102 43 quod
1030 1008 153 43 potentia
1145 1008 89 43 est
1183 1008 89 43 aliud

767 1045 83 45 ab
809 1045 125 45 actu,
892 1045 69 45 &
920 1045 111 45 ante
989 1045 139 45 actum.
1086 1045 139 45 Deinde
1169 1045 97 45 dicit

761 1091 105 40 Isti
827 1091 105 40 vero
892 1091 171 40 sermones,
1024 1091 92 40 &c.
1076 1091 66 40 &
1102 1091 79 40 d.
1142 1091 105 40 hoc,
1194 1091 79 40 quia

764 1129 151 48 quando
870 1129 166 48 aliquid
990 1129 121 48 exit
1066 1129 91 48 in
1111 1129 151 48 actum,
1202 1129 75 48 iam

763 1165 115 50 fuit
835 1165 86 50 in
878 1165 187 50 potentia,
1022 1165 173 50 antequam
1151 1165 158 50 exisset

765 1205 86 52 in
808 1205 144 52 actum.
909 1205 101 52 cum
966 1205 144 52 igitur
1067 1205 159 52 aliquis
1168 1205 101 52 nega-

760 1246 127 48 uerit
845 1246 183 48 potentiam
986 1246 198 48 praecedere
1127 1246 141 48 secundum

764 1282 132 40 tempus,
860 1282 60 40 &
884 1282 84 40 est
932 1282 180 40 impossibile
1077 1282 72 40 vt
1113 1282 84 40 sit
1161 1282 72 40 in
1185 1282 84 40 actu,

762 1325 100 38 cum
819 1325 172 38 potentia
948 1325 71 38 &
976 1325 143 38 actus,
1076 1325 114 38 sint
1133 1325 129 38 contra-

759 1358 115 54 ria,
830 1358 186 54 continget
974 1358 100 54 eis
1031 1358 143 54 facere
1117 1358 158 54 potentiam

765 1396 74 46 &
795 1396 134 46 actum
884 1396 134 46 idem.
973 1396 89 46 Et
1018 1396 104 46 hoc
1078 1396 119 46 est,
1152 1396 119 46 quod
1211 1396 60 46 d.

768 1443 106 40 quod
834 1443 159 40 potentia
954 1443 93 40 est
1007 1443 93 40 cum
1060 1443 119 40 actu,
1139 1443 93 40 est
1179 1443 93 40 sermo

765 1485 120 42 quasi
845 1485 134 42 nihil.
939 1485 67 42 &
965 1485 80 42 d.
1005 1485 67 42 &
1032 1485 94 42 sic
1086 1485 134 42 volunt
1166 1485 107 42 negare

762 1513 161 49 aliquid
880 1513 103 49 non
938 1513 161 49 paruum.
1055 1513 117 49 quia
1129 1513 103 49 hoc
1172 1513 103 49 esse,

768 1553 103 44 quod
832 1553 90 44 est
884 1553 77 44 in
922 1553 167 44 potentia,
1051 1553 90 44 est
1102 1553 116 44 quasi
1179 1553 77 44 in
1205 1553 64 44 me-

767 1597 98 37 dio
823 1597 125 37 entis
906 1597 223 37 simpliciter:
1088 1597 70 37 &
1116 1597 98 37 qui
1157 1597 112 37 negan-

763 1631 234 52 potentiam,
947 1631 167 52 negant
1064 1631 167 52 primam
1164 1631 100 52 mate

760 1675 126 46 riam,
844 1675 70 46 &
872 1675 126 46 omnes
956 1675 140 46 motus,
1055 1675 70 46 &
1069 1675 196 46 generationem

766 1709 71 37 &
794 1709 240 37 corruptionem,
992 1709 71 37 &
1020 1709 127 37 omnes
1105 1709 141 37 artes,
1189 1709 85 37 quae

762 1746 134 54 agunt
851 1746 104 54 per
911 1746 253 54 cogitationem,
1119 1746 74 54 &
1134 1746 134 54 volunt,

765 1790 118 37 tem
833 1790 101 37 ad
883 1790 253 37 expellendum
1069 1790 202 37 nocumentum

753 1823 93 45 &
791 1823 224 45 ducendum
940 1823 243 45 inuamentum.
