1475 2066
214 161 168 49 voluerit
340 161 84 49 vt
382 161 112 49 sit,
452 161 70 49 &
480 161 140 49 nullum
565 161 182 49 extrinsecun

224 206 175 50 impediet.
358 206 67 50 &
385 206 108 50 ista
453 206 189 50 definitio,
601 206 121 50 licet
668 206 81 50 indu

235 241 97 42 xerit
300 241 75 42 eam
343 241 65 42 in
375 241 140 42 sanitate,
483 241 75 42 est
526 241 162 42 vniversalis
645 241 97 42 omnibus

233 281 122 42 rebus
315 281 135 42 factis
409 281 81 42 ab
450 281 190 42 artificio.
599 281 108 42 D.d.
653 281 95 42 illud

234 319 128 43 vero,
319 319 99 43 &c.
376 319 85 43 i.
418 319 113 43 homo
489 319 128 43 vero,
574 319 99 43 qui
616 319 128 43 recipit

227 357 176 53 sanitatem,
366 357 100 53 agit
428 357 75 53 in
466 357 113 53 ipsum
541 357 151 53 faciens,
642 357 100 53 sanita

234 399 107 47 tem,
301 399 134 47 quando
394 399 134 47 nullum
488 399 161 47 impediet
596 399 147 47 extrinse-

234 438 114 45 cum,
305 438 100 45 aut
362 438 213 45 intrinsecum
533 438 85 45 ad
561 438 185 45 recipiendam

231 473 195 41 sanitatem.
384 473 112 41 D.d.
454 473 70 41 &
482 473 181 41 similiter
622 473 126 41 domus
691 473 56 41 in

233 512 155 51 potentia.
352 512 71 51 i.
388 512 60 51 &
412 512 155 51 similiter
531 512 95 51 illa
590 512 95 51 est,
650 512 71 51 ex
674 512 71 51 qui-

235 554 100 40 bus
292 554 100 40 est
349 554 143 40 domus,
449 554 114 40 sunt
520 554 128 40 domus
606 554 86 40 in
634 554 100 40 poten

236 596 94 47 tia,
295 596 117 47 quando
377 596 129 47 artifex
471 596 117 47 fuerit
553 596 153 47 praesens,
671 596 59 47 &
682 596 59 47 vo-

221 628 155 38 luerit
329 628 155 38 facere
437 628 155 38 domum,
546 628 77 38 &
577 628 108 38 non
623 628 124 38 fuerit

233 670 142 50 aliquod
337 670 181 50 impediens.
479 670 104 50 D.d.
544 670 117 50 illud
622 670 104 50 enim
673 670 78 50 quid

227 706 94 52 est
280 706 188 52 possibile,
428 706 94 52 &c.
481 706 80 52 i.
521 706 121 52 illud
602 706 121 52 enim,
669 706 80 52 quod

227 744 93 55 est
280 744 172 55 generatum
412 744 79 55 in
452 744 185 55 potentiam,
597 744 146 55 recipit
690 744 53 55 ad

232 788 195 39 ditionem,
382 788 75 39 &
412 788 254 39 diminutionem,
621 788 75 39 &
636 788 105 39 trans

219 825 262 51 mutationem.
428 825 105 51 Et
481 825 105 51 d.
533 825 122 51 hoc
603 825 140 51 quia
673 825 70 51 ge

228 862 151 51 neratio
338 862 192 51 perficitur
489 862 96 51 per
543 862 110 51 haec
612 862 123 51 tria.
680 862 55 51 ne

231 901 128 54 cesse
316 901 113 54 lest
387 901 128 54 enim,
472 901 142 54 quando
571 901 156 54 aliquid
670 901 71 54 ge-

227 941 196 51 neratur,
374 941 98 51 vt
423 941 180 51 aliquid
537 941 196 51 superfiuum

229 983 126 46 quod
308 983 110 46 non
371 983 189 46 conuenit
512 983 94 46 ad
544 983 204 46 recipiendum

226 1018 174 41 formam,
352 1018 205 41 diuidatur
510 1018 79 41 a
542 1018 110 41 sua
589 1018 158 41 materia:

231 1057 69 49 &
259 1057 152 49 necesse
369 1057 96 49 est
424 1057 124 49 etiam
507 1057 83 49 vt
548 1057 152 49 aliquid
645 1057 96 49 adda-

229 1097 76 41 tur
273 1097 76 41 eis
316 1097 131 41 scilicet
414 1097 109 41 forma,
491 1097 76 41 per
534 1097 87 41 quam
589 1097 120 41 dicitur
665 1097 76 41 gene-

226 1135 142 44 rari:
321 1135 79 44 &
352 1135 173 44 additio
478 1135 79 44 &
510 1135 205 44 diminutio
667 1135 110 44 non

232 1173 125 50 erunt
315 1173 111 50 sine
384 1173 263 50 transmutatione.
606 1173 111 50 D.d.
661 1173 83 50 haec

233 1213 138 45 igitur
330 1213 97 45 est
385 1213 125 45 domus
468 1213 83 45 in
510 1213 180 45 potentia,
648 1213 97 45 &c.
690 1213 55 45 i.

230 1252 70 54 &
258 1252 141 54 illud,
357 1252 113 54 quod
427 1252 99 54 est
483 1252 127 54 domus
568 1252 85 54 in
596 1252 155 54 potentia,

229 1292 89 49 est
280 1292 127 49 illud,
369 1292 76 49 in
407 1292 89 49 quo
458 1292 127 49 ponunt
547 1292 102 49 esse
611 1292 102 49 haec
662 1292 89 49 tria.

213 1333 75 37 &
243 1333 106 37 hoc
303 1333 106 37 est
364 1333 91 37 in
409 1333 166 37 omnibus
530 1333 151 37 rebus,
620 1333 121 37 quarum

229 1372 170 50 generatio
360 1372 183 50 extrinseca
504 1372 105 50 est.
569 1372 105 50 D.d.
634 1372 65 50 &
647 1372 92 50 etiam

233 1409 154 52 omnia,
341 1409 154 52 quorum
449 1409 232 52 principium,
634 1409 108 52 &c.
680 1409 62 52 i.

229 1445 220 53 generabilia
405 1445 132 53 autem
493 1445 88 53 ex
537 1445 88 53 se
581 1445 117 53 illa
639 1445 103 53 eorum

237 1485 110 54 quae
306 1485 110 54 sunt
375 1485 83 54 in
416 1485 179 54 potentia,
554 1485 110 54 sunt
623 1485 124 54 omnia
692 1485 55 54 in

230 1525 141 44 quibus
329 1525 99 44 non
385 1525 99 44 est
442 1525 170 44 aliquid,
569 1525 113 44 quod
626 1525 127 44 indiget

233 1564 118 55 primo
312 1564 131 55 motore
404 1564 197 55 extrinseco,
561 1564 105 55 ital
627 1564 105 55 quod
679 1564 66 55 sit

234 1604 78 47 in
273 1604 157 47 potentia
391 1604 131 47 illud.
482 1604 104 47 D.d.
547 1604 78 47 vt
586 1604 144 47 sperma,
678 1604 65 47 &c.

240 1644 68 53 i.
274 1644 68 53 vt
308 1644 125 53 sperma.
398 1644 57 53 &
421 1644 125 53 quoniam
511 1644 79 53 non
557 1644 113 53 quando
636 1644 113 53 fuerit
704 1644 45 53 in

233 1681 129 54 alio,
319 1681 86 54 in
362 1681 100 54 quo
419 1681 158 54 indiget
534 1681 229 54 transmutante
706 1681 43 54 a

231 1721 101 44 quo
288 1721 245 44 transmutetur,
490 1721 72 44 &
519 1721 115 44 tunc
591 1721 115 44 erit
649 1721 86 44 sper

235 1765 76 45 ma:
278 1765 119 45 quoniam
365 1765 86 45 tunc
419 1765 76 45 non
462 1765 119 45 dicitur
549 1765 86 45 esse
603 1765 65 45 in
624 1765 119 45 potentia,

232 1802 97 49 v.g.
292 1802 121 49 quando
377 1802 85 49 est
425 1802 133 49 sanguis
522 1802 73 49 in
559 1802 121 49 venis:
643 1802 85 49 sed
680 1802 60 49 cum

231 1842 134 57 fuerit
324 1842 134 57 sperma
418 1842 80 57 in
458 1842 121 57 actu,
539 1842 67 57 &
565 1842 161 57 habuerit
673 1842 80 57 virt

768 165 115 52 tutem,
849 165 81 52 per
895 165 92 52 quam
953 165 81 52 est
999 165 127 52 sperma.
1091 165 92 52 D.d.
1148 165 104 52 illud
1217 165 104 52 autem

763 204 178 49 indiget,
896 204 104 49 &c.
956 204 74 49 i
985 204 163 49 materia
1103 204 133 49 autem
1177 204 104 49 remo-

768 244 78 38 ta
807 244 92 38 non
859 244 92 38 est
912 244 78 38 in
951 244 157 38 potentia
1069 244 131 38 illud,
1160 244 118 38 cuius
1226 244 65 38 est

764 285 151 47 materia:
878 285 101 47 quia
940 285 138 47 indiget
1041 285 75 47 in
1079 285 101 47 hoc,
1142 285 101 47 quod
1192 285 88 47 exoat

767 316 84 54 in
809 316 126 54 actum
893 316 112 54 alio
962 316 139 54 motore
1060 316 84 54 ab
1102 316 98 54 eo,
1158 316 112 54 quod
1213 316 70 54 ge-

764 364 115 46 nirat
841 364 127 46 illud,
930 364 102 46 quod
994 364 89 46 est
1045 364 76 46 in
1083 364 166 46 potentia.
1210 364 76 46 v.
1236 364 38 46 g

762 397 134 45 quoniam
860 397 110 45 terra
933 397 86 45 non
982 397 86 45 est
1031 397 122 45 idolum
1116 397 73 45 in
1141 397 134 45 potentia,

759 434 82 41 sed
806 434 82 41 est
853 434 117 41 cuprum
935 434 152 41 potentia.
1051 434 140 41 quoniam,
1157 434 82 41 cum
1192 434 93 41 trans-

762 468 144 56 mutatur
867 468 65 56 a
893 468 144 56 corpore
997 468 170 56 coelesti,
1128 468 105 56 erit
1180 468 105 56 cuprum

768 513 58 50 &
791 513 115 50 cuprum
871 513 81 50 est
917 513 115 50 idolum
998 513 69 50 in
1032 513 150 50 potentia:
1147 513 127 50 quoniam
1228 513 58 50 est

758 549 136 54 illud,
853 549 109 54 quod
921 549 81 54 ab
962 549 95 54 vno
1016 549 136 54 motore
1111 549 95 54 fit
1152 549 122 54 idolum,

761 589 143 38 scilicet
869 589 143 38 faciente
976 589 120 38 idola.
1060 589 72 38 Et
1096 589 167 38 intendebat
1215 589 60 38 de-

762 628 114 48 clarare
845 628 83 48 hoc,
897 628 83 48 quod
948 628 125 48 materia,
1042 628 83 48 quae
1094 628 104 48 potest
1156 628 114 48 simpictie

761 670 89 50 non
812 670 140 50 indiget
914 670 76 50 in
952 670 102 50 hoc,
1016 670 102 50 quod
1080 670 115 50 exeat
1156 670 76 50 in
1182 670 89 50 actum

767 707 94 47 nisi
826 707 82 47 vno
873 707 117 47 motore
955 707 129 47 tantum:
1049 707 129 47 Materia
1143 707 117 47 autem,
1213 707 59 47 qua

768 749 78 46 non
812 749 122 46 dicitur
901 749 100 46 posse
968 749 178 46 simpliciter,
1112 749 78 46 sed
1157 749 78 46 per
1190 749 78 46 poten

761 785 130 50 riam
842 785 194 50 remotam,
988 785 130 50 exit
1068 785 97 50 in
1117 785 146 50 actum
1198 785 81 50 per

765 823 131 51 plures
856 823 92 51 vno
909 823 131 51 motore
1000 823 157 51 secundum
1105 823 170 51 remotionem,

758 870 101 42 aut
815 870 274 42 propinquitatem.
1046 870 115 42 D.d.
1118 870 87 42 Et
1147 870 130 42 videtur

762 900 74 55 vt
799 900 87 55 sit
848 900 124 55 illud,
935 900 99 55 quod
997 900 149 55 dicitur,
1109 900 87 55 non
1158 900 99 55 hoc,
1208 900 62 55 sec

759 941 76 50 de
797 941 102 50 quo.
861 941 76 50 i.
899 941 140 50 videtur
1001 941 102 50 quod
1065 941 127 50 illud,
1154 941 102 50 quod
1204 941 64 50 de-

758 980 120 50 fert
833 980 194 50 potentiam
982 980 209 50 propinquam
1147 980 120 50 rei,
1206 980 75 50 est

765 1020 134 40 illuo,
858 1020 93 40 per
912 1020 120 40 cuius
992 1020 120 40 nomen
1072 1020 187 40 principale
1205 1020 67 40 non

758 1055 189 51 disponitur
907 1055 135 51 illud,
1002 1055 81 51 ad
1042 1055 108 51 quod
1110 1055 149 51 potest,
1204 1055 68 51 sed

763 1095 92 53 per
816 1095 119 53 nomen
895 1095 237 53 denominatiuum.
1092 1095 79 53 v.
1132 1095 79 53 g.
1158 1095 119 53 quoniam

762 1133 140 46 idolum
860 1133 98 46 non
916 1133 154 46 dicitur
1028 1133 112 46 esse
1098 1133 154 46 cuprum,
1210 1133 98 46 sed

762 1181 172 35 cupreum:
891 1181 129 35 neque
977 1181 144 35 quando
1063 1181 216 35 demonstratur,

759 1212 163 51 idolum,
878 1212 74 51 &
907 1212 148 51 cuprum
1011 1212 163 51 dicitur
1129 1212 118 51 hoc,
1203 1212 104 51 sed

760 1250 113 51 hoc
824 1250 113 51 cum
889 1250 129 51 hoc.
970 1250 81 51 &
1002 1250 113 51 hoc
1066 1250 113 51 est
1115 1250 161 51 proprium

756 1292 200 38 idiomati
906 1292 233 38 Graecorum.
1090 1292 133 38 D.d.
1156 1292 117 38 exem-

760 1330 117 48 plum,
838 1330 65 48 &
864 1330 78 48 d.
904 1330 104 48 ver.
969 1330 104 48 gra.
1034 1330 117 48 arca,
1112 1330 91 48 &c.
1165 1330 78 48 i.
1191 1330 78 48 hoc,

758 1368 121 50 quod
834 1368 91 50 d.
879 1368 212 50 manifestum
1046 1368 106 50 est
1106 1368 91 50 in
1137 1368 136 50 nostris

761 1408 208 43 idiomatibus
928 1408 83 43 in
969 1408 125 43 rebus
1053 1408 222 43 naturalibus,
1219 1408 56 43 et

754 1446 85 44 in
796 1446 254 44 artificialibus
1007 1446 99 44 non
1064 1446 99 44 est
1106 1446 169 44 manifestum

760 1491 136 39 Deinde
856 1491 82 39 d.
896 1491 68 39 &
923 1491 122 39 etiam
1005 1491 136 39 terra,
1100 1491 82 39 si
1127 1491 136 39 dicitur,

760 1525 96 37 &c.
815 1525 82 37 i.
856 1525 69 37 &
884 1525 124 37 etiam
966 1525 137 37 terra,
1062 1525 82 37 si
1103 1525 124 37 habet
1172 1525 96 37 mate-

767 1565 126 51 riam,
851 1565 84 51 de
893 1565 98 51 qua
949 1565 224 51 praedicatur,
1131 1565 98 51 non
1173 1565 98 51 dici-

764 1604 87 46 tur
813 1604 99 46 quod
875 1604 87 46 est
925 1604 124 46 illud,
1012 1604 99 46 quod
1074 1604 87 46 est
1123 1604 136 46 materia
1210 1604 62 46 il-

764 1642 111 41 lius,
838 1642 86 41 sed
887 1642 123 41 illud,
973 1642 99 41 quo.
1035 1642 99 41 D.d.
1096 1642 62 41 &
1121 1642 86 41 est
1170 1642 123 41 illud,

763 1691 102 44 quod
827 1691 89 44 est
878 1691 76 44 in
916 1691 153 44 potentia
1030 1691 203 44 simpliciter.
1196 1691 76 44 i.
1234 1691 64 44 &

761 1725 153 51 illud,
868 1725 77 51 a
898 1725 107 51 quo
960 1725 230 51 denominatut
1143 1725 138 51 nomen
1220 1725 61 51 ge

761 1772 138 40 nerati,
862 1772 88 40 est
912 1772 126 40 illud,
1000 1772 100 40 quod
1063 1772 88 40 est
1113 1772 75 40 in
1138 1772 138 40 potentiae

754 1801 140 42 illud,
852 1801 112 42 quod
922 1801 140 42 potest
1020 1801 224 42 simpliciter.
1188 1801 84 42 D.d.

760 1845 72 53 vt
796 1845 107 53 arca,
867 1845 95 53 quae
927 1845 84 53 non
975 1845 84 53 est
1023 1845 131 53 terrea,
1118 1845 84 53 &c.
1166 1845 72 53 i.
1201 1845 72 53 v.
1225 1845 48 53 g.
