1475 2066
201 148 166 46 semper
318 148 166 46 etenim
434 148 100 46 ex
484 148 117 46 eo,
551 148 133 46 quod
617 148 117 46 poten

221 189 95 46 tia
276 189 109 46 est,
344 189 95 46 fit
398 189 109 46 actu
467 189 95 46 ens
521 189 82 46 ab
562 189 109 46 actu
616 189 123 46 existen

215 244 98 38 te:
271 244 84 38 vt
313 244 112 38 homo
383 244 84 38 ex
425 244 154 38 homine,
538 244 154 38 musicus
650 244 84 38 ex
678 244 56 38 mu

215 286 146 36 sico,
312 286 162 36 semper
426 286 162 36 aliquo
539 286 146 36 primo
620 286 114 36 mouen

212 321 110 42 te.
275 321 157 42 mouens
385 321 142 42 autem
480 321 126 42 actu
558 321 110 42 iam
606 321 94 42 est.

276 373 131 67 Dictum
368 373 105 67 est:
433 373 144 67 igitur,
538 373 131 67 quando
617 373 118 67 oportes

215 424 164 67 dicere
329 424 229 67 potentiam,
509 424 82 67 &
542 424 164 67 quando
656 424 114 67 non

215 472 115 59 Et,
280 472 115 59 cum
346 472 231 59 distinctum
528 472 115 59 sit
577 472 165 59 secundum

220 517 118 61 quot
294 517 133 61 modos
383 517 163 61 dicitur
501 517 148 61 actus,
590 517 133 61 manife-

217 564 119 63 stam
292 564 104 63 est
351 564 119 63 quod
426 564 134 63 actus
515 564 104 63 est
575 564 119 63 ante
635 564 104 63 poten

219 613 129 61 tiam.
305 613 86 61 Et
348 613 115 61 dico
419 613 186 61 potentiam
563 613 100 61 non
606 613 129 61 defini-

213 661 124 61 rum,
290 661 124 61 quod
367 661 108 61 est
429 661 216 61 principium
583 661 155 61 transmul

216 708 172 63 tationis
345 708 86 63 in
388 708 129 63 aliud
474 708 172 63 secundum
603 708 115 63 quod
660 708 72 63 est

214 757 145 66 aliud.
316 757 102 66 sed
374 757 247 66 vniuersaliter
578 757 116 66 omne
636 757 102 66 prin-

219 805 139 61 cipium
316 805 153 61 haebens
427 805 125 61 motu,
511 805 97 61 aut
566 805 153 61 quiete.
664 805 69 61 na-

221 853 111 61 tura
291 853 111 61 enim
360 853 97 61 est
416 853 83 61 in
457 853 153 61 genere,
568 853 111 61 quod
638 853 97 61 est
679 853 56 61 po

220 900 172 62 tentiae,
349 900 115 62 quia
420 900 100 62 est
478 900 201 62 principium
621 900 115 62 hagens

216 948 116 61 motu:
293 948 90 61 sed
345 948 90 61 non
396 948 77 61 in
435 948 116 61 alio,
512 948 90 61 sed
563 948 77 61 in
602 948 90 61 se,
640 948 90 61 secur

213 997 107 59 dum
274 997 122 59 quod
350 997 107 59 est
411 997 152 59 ipsum.
518 997 137 59 Actus
609 997 152 59 igitur

223 1044 90 55 est
275 1044 103 55 ante
339 1044 129 55 omnia,
430 1044 90 55 qui
482 1044 103 55 sunt
546 1044 116 55 talia
611 1044 129 55 secundum

219 1090 231 56 definitionem
406 1090 72 56 &
435 1090 217 56 substantia:
594 1090 145 56 tempore.

229 1149 115 45 vero
300 1149 129 45 forte
386 1149 115 45 est,
458 1149 72 45 &
487 1149 129 45 forte
572 1149 115 45 non.
630 1149 100 45 Mani-

223 1188 117 55 fessu
301 1188 91 55 est
353 1188 143 55 igitur,
457 1188 104 55 quod
523 1188 91 55 est
575 1188 117 55 ante,
640 1188 91 55 sicut

224 1236 197 54 dixcitnmus.
381 1236 131 54 primum
473 1236 105 54 enim
538 1236 79 54 in
578 1236 144 54 potetia
669 1236 66 54 est

225 1285 139 54 illud,
323 1285 112 54 quod
392 1285 126 54 habet
476 1285 181 54 potentiam
616 1285 84 54 in
643 1285 98 54 pote-

221 1327 122 64 state
303 1327 136 64 actus.
398 1327 109 64 v.g.
466 1327 218 64 aedificator,
629 1327 109 64 quonia

223 1373 98 63 est
279 1373 141 63 illud,
378 1373 112 63 quod
448 1373 98 63 pot
504 1373 211 63 aedificare:
673 1373 70 63 &
687 1373 56 63 vi

222 1425 92 58 sus
274 1425 92 58 est
327 1425 131 58 illud,
418 1425 105 58 quod
484 1425 118 58 habet
562 1425 170 58 potentiam
680 1425 52 58 vi

226 1469 160 62 videat:
343 1469 73 62 &
372 1469 131 62 visum
460 1469 102 62 est
518 1469 146 62 illud,
620 1469 117 62 quod
679 1469 58 62 ha

225 1516 104 63 bet
285 1516 193 63 potentiam
433 1516 89 63 vt
478 1516 193 63 videatur.
627 1516 74 63 &
642 1516 89 63 iste

215 1565 116 62 sermo
293 1565 90 62 est
344 1565 78 62 de
383 1565 116 62 aliis
461 1565 90 62 et.
512 1565 103 62 ergo
577 1565 142 62 necesse
667 1565 65 62 est

221 1612 89 62 vt
266 1612 89 62 in
310 1612 193 62 definitio
459 1612 104 62 sit
519 1612 119 62 ante
593 1612 104 62 non
638 1612 104 62 esse.

217 1666 88 56 Et
261 1666 88 56 vt
305 1666 103 56 sit
364 1666 117 56 ante
437 1666 132 56 tepus
526 1666 161 56 tempore
628 1666 103 56 illud

224 1713 129 58 quod
304 1713 129 58 agit
385 1713 129 58 rem,
465 1713 161 58 numero
577 1713 129 58 vero
658 1713 112 58 non

234 1757 112 62 v.g.
304 1757 154 62 quoniam
416 1757 84 62 in
458 1757 154 62 homine,
570 1757 98 62 qui
626 1757 98 62 est
682 1757 84 62 in

218 1810 147 48 actu,
315 1810 81 48 &
348 1810 212 48 triticum,
511 1810 81 48 &
544 1810 179 48 videns,
658 1810 81 48 ma

753 149 136 61 teria
844 149 106 61 est
904 149 121 61 ante
980 149 182 61 secundum
1116 149 167 61 tempus,
1238 149 76 61 &

750 197 141 61 semen
844 197 141 61 etia,
938 197 78 61 &
970 197 157 61 visum,
1079 197 125 61 quod
1157 197 110 61 est
1204 197 63 61 in

746 245 197 61 potentia
893 245 147 61 homo,
991 245 82 61 &
1024 245 213 61 triticum,
1188 245 82 61 &
1204 245 66 61 vi

758 292 123 54 dens,
841 292 82 54 in
882 292 110 54 actu
950 292 110 54 vero
1019 292 96 54 non
1073 292 96 54 est
1128 292 123 54 ante:
1210 292 96 54 sed

754 340 121 65 quia
830 340 106 65 est
890 340 121 65 ante
966 340 167 65 secudum
1087 340 152 65 tempus
1193 340 106 65 per

751 389 147 62 alium
849 389 163 62 actum,
963 389 82 62 &
996 389 98 62 ex
1044 389 98 62 eo
1077 389 196 62 generatur,

757 437 130 62 ista.
843 437 144 62 semper
944 437 115 62 enim
1016 437 86 62 ex
1059 437 130 62 illo,
1145 437 115 62 quod
1203 437 72 62 est

753 485 83 53 in
795 485 179 53 potentia,
932 485 110 53 erit
1001 485 138 53 istud,
1098 485 110 53 quod
1167 485 96 53 est
1222 485 83 53 in

752 533 142 54 actu,
847 533 95 54 vt
894 533 126 54 homo
973 533 95 54 ex
1021 533 142 54 hoie,
1115 533 79 54 &
1131 533 142 54 musicum

755 581 96 61 ex
803 581 176 61 musico,
931 581 160 61 semper
1043 581 96 61 ex
1091 581 128 61 alio
1155 581 112 61 primo

747 628 169 47 motore.
870 628 77 47 &
900 628 138 47 motor
992 628 108 47 est
1054 628 92 47 in
1100 628 123 47 actu
1161 628 108 47 ante.

792 693 120 49 Idest.
876 693 168 49 Declaratum
1008 693 120 49 igitur
1091 693 84 49 est
1139 693 120 49 quando
1211 693 72 49 ali-

754 740 97 39 quid
815 740 97 39 erit
876 740 73 39 in
912 740 158 39 potentia,
1034 740 61 39 &
1058 740 122 39 quando
1143 740 85 39 non
1180 740 85 39 erit.

764 777 92 33 Et,
817 777 106 33 quia
883 777 158 33 incoepit
1001 777 79 33 in
1041 777 92 33 hoc
1094 777 158 33 tractatu
1199 777 66 33 di-

754 808 103 50 cere
819 808 155 50 secundum
935 808 103 50 quot
1000 808 116 50 modos
1077 808 142 50 dicitur
1168 808 103 50 poten-

758 853 107 42 tia,
825 853 67 42 &
851 853 134 42 actus,
945 853 134 42 deinde
1039 853 174 42 definiuit
1160 853 107 42 poten-

756 886 109 44 tias
824 886 150 44 actiuas
933 886 68 44 &
960 886 177 44 passiuas,
1096 886 68 44 &
1110 886 163 44 disputauit

753 925 140 53 contra
851 925 168 53 negantes
977 925 182 53 potentiam
1102 925 168 53 praecedere

753 971 115 31 actum
830 971 154 31 secundum
945 971 141 31 tempus,
1048 971 128 31 deinde
1125 971 141 31 defiuiuit

756 1004 90 43 quid
812 1004 78 43 sit
857 1004 134 43 potentia
957 1004 56 43 &
980 1004 101 43 actus
1047 1004 202 43 sinmipliciter,
1204 1004 67 43 vule

759 1041 127 43 quaerere
854 1041 84 43 quod
907 1041 95 43 eorum
970 1041 127 43 scilicet
1065 1041 137 43 potentiae
1171 1041 53 43 &
1181 1041 74 43 actus

755 1078 90 44 sit
806 1078 115 44 prior
883 1078 154 44 reliquo,
998 1078 64 44 &
1024 1078 77 44 d.
1062 1078 90 44 Et,
1113 1078 90 44 cum
1152 1078 115 44 distin-

756 1118 95 44 ctum
816 1118 95 44 sit,
875 1118 84 44 &c.
923 1118 72 44 i.
959 1118 72 44 &,
995 1118 84 44 cum
1042 1118 167 44 distinctum
1174 1118 84 44 sit
1221 1118 72 44 in

763 1158 113 45 Quinto
842 1158 136 45 secundum
944 1158 90 45 quot
1000 1158 102 45 modos
1068 1158 124 45 dicitur
1158 1158 102 45 prius
1226 1158 57 45 &

752 1198 169 50 posterius,
885 1198 169 50 manifestum
1018 1198 97 50 est,
1079 1198 97 50 quod
1139 1198 109 50 actus
1200 1198 60 50 est

750 1239 96 49 ante
810 1239 157 49 potentiam
931 1239 145 49 secundum
1039 1239 193 49 substantiam,
1196 1239 60 49 &
1208 1239 48 49 de

751 1275 188 40 finitionem.
902 1275 63 40 &
927 1275 100 40 quia
989 1275 163 40 potentiae
1115 1275 150 40 dicuntur
1215 1275 50 40 de

750 1313 213 49 artificialibus
927 1313 59 49 &
951 1313 189 49 naturalibus,
1104 1313 71 49 d.
1140 1313 94 49 quod
1187 1313 71 49 ista

748 1353 157 49 prioritas
869 1353 157 49 inuenitur
990 1353 73 49 in
1026 1353 157 49 vtrisque.
1147 1353 73 49 Et
1183 1353 73 49 d.
1220 1353 60 49 &

749 1391 105 50 dico
815 1391 185 50 potentiam,
960 1391 92 50 &c.
1013 1391 79 50 i.
1052 1391 66 50 &
1078 1391 92 50 non
1118 1391 145 50 intelligo

749 1429 87 53 hic
798 1429 87 53 per
848 1429 174 53 potentiam,
984 1429 174 53 potentiam,
1121 1429 99 53 quam
1170 1429 87 53 defi-

753 1469 141 52 niuimus
856 1469 77 52 in
894 1469 167 52 principio
1023 1469 128 52 istius
1100 1469 154 52 tractatus,

755 1510 75 36 in
792 1510 87 36 quo
842 1510 149 36 diximus,
954 1510 100 36 quod
1016 1510 149 36 potentia
1128 1510 125 36 actiua
1203 1510 62 36 est

755 1549 187 45 principium
901 1549 253 45 tiansmutationis
1114 1549 80 45 in
1154 1549 133 45 aliud,

755 1587 131 47 secundum
853 1587 87 47 quod
908 1587 76 47 est
951 1587 109 47 aliud,
1027 1587 54 47 &
1049 1587 120 47 passiua
1125 1587 131 47 principium

752 1622 219 51 transmutationis
937 1622 69 51 ex
971 1622 104 51 alio,
1040 1622 138 51 secundum
1144 1622 92 51 quod
1201 1622 81 51 est

755 1668 105 47 aliud
826 1668 82 47 non
872 1668 70 47 ex
908 1668 82 47 se:
954 1668 82 47 sed
1001 1668 152 47 intelligo
1118 1668 82 47 hic
1165 1668 82 47 per
1200 1668 59 47 po-

753 1707 159 42 tentiam.
872 1707 119 42 omne,
951 1707 106 42 quod
1018 1707 93 42 est
1071 1707 185 42 principium
1203 1707 53 42 mo

755 1745 98 43 tus
811 1745 125 43 omnis
894 1745 167 43 habentis
1020 1745 139 43 motum,
1118 1745 70 43 &
1132 1745 125 43 princi-

750 1781 110 47 pium
819 1781 152 47 quietis
929 1781 124 47 omnis
1012 1781 165 47 habentis
1122 1781 138 47 quietem.

766 1817 84 50 Et
808 1817 98 50 est
864 1817 238 50 intelligendum
1060 1817 98 50 hic
1116 1817 98 50 per
1158 1817 98 50 motum
