1475 2066
195 144 82 67 &
227 144 132 67 quod
310 144 115 67 hoc
376 144 115 67 est
442 144 198 67 secundum
574 144 148 67 forman-

206 196 133 62 idem.
295 196 74 62 &
324 196 118 62 ideo
398 196 236 62 existimatur,
590 196 118 62 quod
649 196 74 62 im-

200 244 180 62 possibile
339 244 97 62 sit
394 244 83 62 vt
436 244 97 62 sit
491 244 222 62 aedificator,
658 244 69 62 qui

198 292 96 62 non
253 292 178 62 aedificet
390 292 151 62 omnino,
500 292 69 62 &
527 292 82 62 vt
568 292 96 62 sit
610 292 123 62 cithari

204 340 117 62 sta,
278 340 103 62 qui
336 340 103 62 non
395 340 206 62 citharilet
557 340 162 62 omnino.
660 340 73 62 qui

200 388 120 63 enim
275 388 181 63 addiscit
411 388 166 63 cithari
531 388 120 63 lare
591 388 136 63 cithari

206 436 93 63 Aat
259 436 80 63 et
299 436 172 63 addiscit.
431 436 80 63 et
471 436 172 63 similiter
604 436 80 63 de
630 436 93 63 alii-

204 484 133 54 etia.
293 484 89 54 Et
337 484 89 54 ex
382 484 104 54 hoc
441 484 118 54 fuit
515 484 133 54 causa
589 484 133 54 sermoni

205 532 211 62 Sophistaru,
374 532 113 62 quod
444 532 183 62 possibile
585 532 99 62 est
642 532 85 62 vt
670 532 56 62 co

201 584 146 59 gnitio
304 584 102 59 non
362 584 102 59 sit
421 584 88 59 in
465 584 117 59 vno,
538 584 73 59 &
567 584 88 59 vt
611 584 117 59 agat
669 584 59 59 in

200 629 125 61 tud,
279 629 125 61 quod
357 629 141 61 habet
451 629 172 61 dominus
560 629 157 61 cognitio

207 676 110 63 nis.
276 676 96 63 non
331 676 137 63 igitur
427 676 123 63 habet
509 676 192 63 addiscens,
646 676 82 63 nisi

196 725 89 61 vt
241 725 104 61 sit
300 725 163 61 aliquid
418 725 89 61 ex
463 725 104 61 eo,
522 725 118 61 quod
596 725 133 61 habet
670 725 59 61 ge

205 773 211 62 neratum,
364 773 88 62 &
399 773 106 62 vt
452 773 211 62 moueatur
592 773 141 62 aliquo

203 821 124 61 motu
280 821 155 61 eorum,
388 821 124 61 quae
466 821 263 61 vniuersaliter
667 821 62 61 ha

207 869 100 61 bet
264 869 143 61 motor.
364 869 71 61 &
392 869 100 61 est
450 869 200 61 manifestum
607 869 86 61 in
635 869 86 61 ser-

206 916 172 58 monibus
331 916 94 58 de
378 916 140 58 motu,
472 916 172 58 quoniam
596 916 109 58 est
643 916 78 58 ne-

205 964 142 62 cesse
300 964 95 62 vt
347 964 110 62 hoc
410 964 79 62 &
442 964 205 62 addiscens
584 964 142 62 habeani

203 1011 165 63 aliquid
323 1011 90 63 de
353 1011 195 63 cognitione.

248 1077 160 51 Intendit
368 1077 94 51 per
421 1077 160 51 sermonem
542 1077 80 51 de
569 1077 160 51 substantia

206 1122 164 49 Septimum
329 1122 137 49 istius
425 1122 137 49 libri,
521 1122 82 49 in
562 1122 96 49 quo
603 1122 123 49 locutus

220 1157 86 53 est
269 1157 74 53 de
306 1157 172 53 principiis
441 1157 184 53 substantiae
576 1157 160 53 sensibilis.

232 1196 87 39 Et
275 1196 101 39 cum
333 1196 87 39 d.
376 1196 87 39 ex
419 1196 144 39 aliquo
520 1196 173 39 intendit
636 1196 101 39 manm.

229 1236 57 52 &
251 1236 80 52 per
297 1236 137 52 aliquid,
400 1236 137 52 intendit
503 1236 114 52 agens.
583 1236 57 52 &
605 1236 91 52 quod
651 1236 80 52 agens

223 1278 75 37 &
253 1278 135 37 actum
343 1278 120 37 sunt
418 1278 120 37 idem
493 1278 90 37 in
538 1278 150 37 forma.
628 1278 105 37 totum

219 1310 114 44 enim
290 1310 100 44 hoc
347 1310 200 44 declaratum
504 1310 100 44 est
562 1310 86 44 in
604 1310 114 44 illo
662 1310 71 44 tra

213 1350 133 43 ctatu,
306 1350 66 43 &
332 1350 186 43 intendebat
479 1350 173 43 declarare
611 1350 93 43 per
651 1350 80 43 hoc,

223 1391 87 51 quod
278 1391 98 51 actus
343 1391 76 51 est
386 1391 87 51 ante
441 1391 142 51 potentiam
550 1391 131 51 secundum
637 1391 87 51 tempus

216 1432 59 35 &
240 1432 142 35 secundum
346 1432 189 35 substantiam.
500 1432 95 35 D.d.
559 1432 59 35 &
583 1432 95 35 ideo
630 1432 107 35 existit

224 1468 95 46 matur,
290 1468 76 46 quod
337 1468 142 46 impossibile
451 1468 66 46 sit
489 1468 57 46 vt
517 1468 66 46 sit
555 1468 152 46 aedificator,
669 1468 57 46 quod

220 1503 80 56 non
265 1503 149 56 aedificet
380 1503 126 56 omnino.
472 1503 69 56 i.
506 1503 57 56 &
529 1503 92 56 quia
587 1503 103 56 actus
644 1503 92 56 praece

221 1539 79 47 dit
266 1539 146 47 potentiam
378 1539 135 47 tempore,
479 1539 180 47 existimatur,
625 1539 90 47 quod
670 1539 56 47 im-

219 1584 163 53 possibile
345 1584 88 53 est
395 1584 75 53 vt
432 1584 150 53 acquirat
545 1584 113 53 artem
608 1584 125 53 aedifica

219 1627 126 39 toriae
307 1627 88 39 qui
358 1627 88 39 non
408 1627 176 39 aedificat,
546 1627 113 39 neque
621 1627 113 39 artem
684 1627 50 39 ci

216 1663 205 43 tharixandi,
380 1663 96 43 qui
435 1663 150 43 nunquam
531 1663 205 43 citharixauit.

232 1701 118 45 D.d.
306 1701 103 45 qui
365 1701 118 45 enim
438 1701 177 45 addiscit
556 1701 177 45 citharixa-

211 1741 93 54 re,
264 1741 93 54 &c.
317 1741 80 54 i.
357 1741 93 54 qui
410 1741 106 54 enim
476 1741 159 54 addiscit
582 1741 146 54 citharixa

219 1781 77 47 te
258 1781 179 47 citharixat
398 1781 77 47 vt
436 1781 166 47 addiscat,
564 1781 64 47 &
590 1781 89 47 sic
628 1781 102 47 acqui-

218 1821 74 37 rit
261 1821 96 37 artem
325 1821 181 37 citharitandi.
474 1821 53 37 &
495 1821 138 37 similiter
601 1821 64 37 in
633 1821 96 37 aliis
686 1821 43 37 al

748 149 156 45 tificiis,
868 149 96 45 quae
928 149 180 45 addiscuntur
1073 149 84 45 per
1109 149 144 45 exereitium

759 197 102 31 D.d.
823 197 76 31 Et
861 197 76 31 ex
899 197 89 31 hoc
950 197 102 31 fuit
1014 197 127 31 camsa,
1103 197 89 31 &c.
1154 197 76 31 i.
1192 197 64 31 &
1205 197 51 31 ex

747 221 87 59 hoc,
802 221 87 59 quod
856 221 98 59 actus
921 221 142 59 praecedit
1030 221 152 59 potentiam,
1150 221 87 59 fuit
1194 221 65 59 caum

744 269 149 50 quidnis
853 269 203 50 Sophistarum
1015 269 149 50 famosae
1110 269 149 50 attribute

748 306 162 48 Mennoni,
869 306 94 48 per
923 306 108 48 quam
990 306 162 48 destruit
1112 306 121 48 scire
1193 306 67 48 &
1206 306 54 48 ad

744 344 128 42 discere.
840 344 117 42 dicebat
925 344 85 42 enim
978 344 85 42 quod
1032 344 160 42 impossibile
1159 344 74 42 est
1191 344 64 42 ali-

748 380 97 47 quid
808 380 145 47 addisci.
918 380 145 47 lquoniam
1027 380 158 47 addiscere
1148 380 85 47 aut
1184 380 73 47 erit

751 421 89 45 nine
807 421 112 45 aliqua
885 421 123 45 actione
974 421 145 45 scientiae
1086 421 167 45 addiscente,
1208 421 56 45 aut

754 468 81 43 per
801 468 128 43 aliquam
894 468 151 43 actionem.
1010 468 70 43 si
1045 468 116 43 igitur
1126 468 93 43 sine
1172 468 93 43 aliqua

743 501 151 43 actione,
856 501 88 43 non
907 501 100 43 erit
970 501 113 43 illic
1045 501 163 43 addiscere
1158 501 113 43 omnino,

746 535 55 45 &
768 535 66 45 si
801 535 77 45 per
845 535 133 45 actiones
945 535 110 45 illius
1022 535 155 45 scientiae,
1144 535 88 45 tunc
1188 535 77 45 addi-

745 575 113 53 scens
820 575 100 53 erit
882 575 138 53 sciens,
982 575 63 53 &
1007 575 88 53 non
1057 575 163 53 indigebit
1170 575 88 53 addi-

747 613 111 54 scere.
825 613 67 54 v.
858 613 67 54 g.
892 613 100 54 quod,
958 613 67 54 si
992 613 78 54 non
1036 613 134 54 addiscit
1125 613 134 54 citharixa-

752 653 80 52 re
792 653 107 52 nisi
858 653 93 52 qui
912 653 200 52 citharixat:
1071 653 67 52 &
1098 653 93 52 non
1138 653 120 52 cithari

741 700 102 41 xat
800 700 116 41 nisi
872 700 102 41 qui
931 700 116 41 scit
1003 700 233 41 citharixare:
1178 700 87 41 ergo

744 731 185 53 impossibile
892 731 87 53 est
941 731 161 53 addiscere
1065 731 198 53 citharixare.
1214 731 49 53 Se

743 771 129 50 quitur
834 771 103 50 enim
898 771 78 50 ex
937 771 90 50 hac
989 771 129 50 quidne
1079 771 78 50 vt
1118 771 90 50 qui
1157 771 103 50 nescit

747 806 200 52 eitharixare
906 806 107 52 agat
973 806 200 52 citharistae
1120 806 146 52 actionem,

750 846 67 53 &
776 846 93 53 hoc
830 846 200 53 intendebat,
989 846 93 53 cum
1043 846 80 53 d.
1083 846 67 53 &
1109 846 80 53 vt
1149 846 107 53 agat
1202 846 67 53 il-

748 885 98 54 lud,
809 885 98 54 quod
871 885 111 54 habet
944 885 123 54 dicuns
1030 885 197 54 cognitionis.
1190 885 74 54 i.
1215 885 49 54 vt

743 932 167 45 addiscens
872 932 103 45 agat
936 932 154 45 actionem
1051 932 167 45 scientis:
1167 932 90 45 dicen

751 963 69 53 do
786 963 92 53 quod
844 963 81 53 qui
890 963 138 53 addiscit
994 963 104 53 habet
1063 963 161 53 scientiam,
1190 963 58 53 &
1201 963 58 53 qui

748 1000 108 54 habet
820 1000 155 54 scientiam
939 1000 84 54 est
987 1000 131 54 sciens:
1083 1000 96 54 ergo
1131 1000 131 54 addiscens

748 1044 86 38 est
797 1044 135 38 sciens.
895 1044 98 38 D.d.
957 1044 86 38 non
1006 1044 123 38 igitur
1092 1044 123 38 habet,
1178 1044 86 38 &c.
1215 1044 49 38 i.

752 1085 132 46 quoniam
848 1085 96 46 omne
908 1085 96 46 quod
968 1085 156 46 generatur
1088 1085 60 46 &
1112 1085 84 46 fit
1148 1085 120 46 aliquid,

750 1116 185 38 impossibile
898 1116 87 38 est
947 1116 87 38 hoc
997 1116 124 38 fieri,
1084 1116 99 38 nisi
1145 1116 74 38 vt
1170 1116 99 38 habeat

747 1152 159 56 namcliter
869 1152 110 56 illud
942 1152 134 56 aliquid
1039 1152 73 56 ex
1076 1152 85 56 eo,
1125 1152 98 56 quod
1174 1152 85 56 habe-

755 1194 75 40 bit
798 1194 64 40 in
830 1194 139 40 postremo.
937 1194 64 40 v.
970 1194 64 40 v.
1002 1194 118 40 quoniam
1088 1194 161 40 impossibile
1205 1194 54 40 est

750 1226 74 48 vt
787 1226 185 48 citharixet,
935 1226 99 48 nisi
997 1226 111 48 isse,
1071 1226 86 48 qui
1120 1226 111 48 habet
1182 1226 74 48 ali-

750 1269 109 45 quid
818 1269 81 45 de
859 1269 109 45 arte
927 1269 231 45 cithariaandi.
1117 1269 68 45 &
1144 1269 109 45 ideo
1198 1269 68 45 asi

747 1317 98 37 nus
803 1317 98 37 non
859 1317 168 37 addiscit
985 1317 224 37 citharixare,
1152 1317 98 37 nequi

749 1350 118 51 homo,
827 1350 92 51 qui
880 1350 92 51 non
932 1350 92 51 est
984 1350 144 51 innatus
1076 1350 183 51 citharixare.

755 1389 69 37 &
783 1389 97 37 hoc
838 1389 194 37 intendebat
991 1389 97 37 cum
1046 1389 139 37 dicit,
1143 1389 69 37 &
1171 1389 83 37 vt
1199 1389 55 37 mo

745 1435 161 32 ueatur,
863 1435 103 32 &c.
921 1435 88 32 i.
965 1435 73 32 &
995 1435 132 32 omne,
1083 1435 117 32 quod
1142 1435 117 32 mouets

746 1463 80 55 in
786 1463 133 55 aliquo
878 1463 119 55 motu,
958 1463 199 55 impossibile
1117 1463 93 55 est
1170 1463 80 55 vt
1197 1463 66 55 mo-

747 1503 135 52 ueatur
841 1503 108 52 illo
908 1503 121 52 motu,
989 1503 108 52 nisi
1057 1503 135 52 habeat
1138 1503 121 52 aliquid

747 1541 134 53 eorum,
840 1541 107 53 quae
907 1541 120 53 habet
987 1541 134 53 motor:
1080 1541 67 53 &
1107 1541 80 53 si
1147 1541 93 53 non
1187 1541 67 53 ha-

751 1582 104 39 bet
811 1582 134 39 eodem
900 1582 134 39 modo,
989 1582 179 39 secundum
1123 1582 119 39 quod
1183 1582 74 39 ha-

749 1620 96 40 bet
804 1620 138 40 motor.
901 1620 110 40 D.d.
970 1620 69 40 &
997 1620 96 40 est
1052 1620 193 40 manifestum
1190 1620 69 40 ex-

747 1659 224 48 sermonibus
923 1659 96 48 de
971 1659 144 48 motu,
1051 1659 80 48 &c.

790 1732 98 56 At
839 1732 98 56 ex
888 1732 115 56 hoc
954 1732 164 56 quoque
1068 1732 148 56 patet
1167 1732 131 56 quod

741 1773 147 54 actus
839 1773 147 54 prior
937 1773 212 54 potentia,
1100 1773 82 54 &
1116 1773 147 54 genera-

746 1821 162 53 tione,
859 1821 81 53 &
892 1821 179 53 tempore
1006 1821 97 53 est.
