1475 2066
171 133 210 62 trinsecus,
336 133 135 62 sicut
426 133 210 62 Mercurius.
576 133 120 62 opera.

182 197 125 37 tio
253 197 143 37 enim
343 197 125 37 est
414 197 285 37 complementum
646 197 89 37 &

184 235 132 48 actio
273 235 103 48 est
331 235 191 48 operatio.
478 235 74 48 &
508 235 118 48 ideo
581 235 103 48 hoc
625 235 74 48 no-

179 281 111 58 men
243 281 143 58 actus
338 281 143 58 etiam
433 281 174 58 dicitur
559 281 95 58 de
591 281 111 58 opera

186 333 133 54 tione
275 333 89 54 in
319 333 162 54 Graeco,
437 333 74 54 &
467 333 133 54 habet
555 333 133 54 quasi
629 333 59 54 cn

183 373 210 69 plementum.
348 373 120 69 Ergo
423 373 120 69 erit
497 373 90 69 in
542 373 105 69 vsu
587 373 105 69 rerum

191 425 113 62 quae
261 425 113 62 sunt
332 425 127 62 magis
417 425 183 62 propriae,
558 425 85 62 vt
586 425 113 62 consy-

190 473 159 57 deratio
305 473 145 57 visus,
407 473 72 57 &
436 473 101 57 non
493 473 116 57 erit
566 473 116 57 alia
624 473 72 57 op-

187 517 118 53 ratio
266 517 249 53 consyderationis
475 517 144 53 praeter
580 517 105 53 haec
632 517 66 53 omn

188 580 106 51 no,
248 580 76 51 &
279 580 121 51 erit
355 580 182 51 operatio
491 580 91 51 ex
521 580 182 51 quibusdam,

189 617 136 49 rebus
280 617 181 49 aliquid,
416 617 136 49 sicut
506 617 106 49 est
567 617 136 49 domus
643 617 60 49 ex

183 668 116 61 arte
256 668 276 61 aedificatoriae.
489 668 73 61 &
518 668 102 61 est
576 668 131 61 aliud
648 668 44 61 a

185 716 104 58 arte
250 716 246 58 aedificatoriae,
457 716 91 58 sed
509 716 91 58 est
548 716 155 58 potentiae,

189 764 139 53 quasi
281 764 170 53 aliquod
405 764 232 53 complementu
590 764 93 53 in
621 764 77 53 abi

190 812 115 59 quo,
262 812 101 59 aut
319 812 101 59 est
377 812 86 59 in
420 812 144 59 aliquo
521 812 101 59 non
564 812 130 59 compte-

188 860 160 46 mentum.
305 860 247 46 aedificatoria
508 860 116 46 enim
581 860 102 46 est
639 860 87 46 in

188 906 135 56 illo,
278 906 120 56 quod
353 906 225 56 aedificatur
534 906 75 56 &
549 906 150 56 textoria

186 956 88 47 in
230 956 132 47 illo,
319 956 118 47 quod
392 956 176 47 texitur.
525 956 74 47 &
539 956 162 47 similiter

183 1004 88 54 in
227 1004 132 54 aliis
315 1004 146 54 rebus,
418 1004 73 54 &
447 1004 249 54 vniuersaliter
637 1004 59 54 mo

190 1061 102 52 tus
249 1061 87 52 in
292 1061 131 52 moto.
380 1061 131 52 Omnia
467 1061 131 52 vero,
554 1061 116 52 quae
627 1061 102 52 non

182 1104 157 55 habent
292 1104 141 55 aliam
387 1104 236 55 operationem
560 1104 141 55 praeter

191 1148 132 64 actum,
283 1148 119 64 actus
363 1148 93 64 est
416 1148 79 64 in
456 1148 106 64 eis.
522 1148 93 64 vt.
562 1148 132 64 consyde-

175 1197 149 53 ratio
275 1197 99 53 in
325 1197 265 53 consyderante
540 1197 83 53 &
573 1197 133 53 vita
640 1197 66 53 im

182 1244 154 54 anima.
290 1244 77 54 &
320 1244 123 54 ideo
398 1244 170 54 fortuna
521 1244 108 54 est
583 1244 93 54 in
613 1244 93 54 aia:

172 1301 113 37 quia
243 1301 113 37 est,
314 1301 170 37 qualitas
441 1301 170 37 alicutus
555 1301 113 37 vitae.

189 1341 142 45 Idest.
288 1341 85 45 Et
331 1341 128 45 etiam
416 1341 170 45 materia,
543 1341 99 45 dum
600 1341 99 45 est
642 1341 57 45 in

187 1381 174 46 potentia,
320 1381 94 46 non
374 1381 94 46 est
427 1381 161 46 perfecta
548 1381 94 46 per
588 1381 107 46 formam

179 1417 134 49 neque
268 1417 134 49 habet
357 1417 134 49 esse,
446 1417 119 49 quod
521 1417 134 49 habet
595 1417 104 49 forma

188 1457 85 41 &,
230 1457 100 41 cum
287 1457 128 41 venit
373 1457 85 41 ad
415 1457 142 41 actum,
515 1457 114 41 tunc
572 1457 128 41 perfici

188 1492 103 55 tur
247 1492 103 55 per
306 1492 162 55 formam,
424 1492 74 55 &
453 1492 132 55 habet
541 1492 132 55 esse,
615 1492 88 55 quia

187 1535 124 50 habet
270 1535 151 50 formam.
380 1535 83 50 Et
421 1535 165 50 potentia
545 1535 138 50 istius
627 1535 69 50 de-

184 1572 198 51 clarationis
342 1572 92 51 est
395 1572 132 51 talis.
488 1572 106 51 quia
554 1572 119 51 forma
620 1572 79 51 prae

181 1611 131 47 cedit
269 1611 233 47 substantiam,
458 1611 73 47 &
487 1611 116 47 esse
545 1611 146 47 materiam

178 1660 68 42 &
206 1660 150 42 materia
315 1660 191 42 perficitur
464 1660 95 42 per
519 1660 136 42 illud,
614 1660 109 42 quod

184 1700 77 43 est
228 1700 143 43 perfectum
338 1700 132 43 secundum
437 1700 110 43 actum,
514 1700 77 43 non
558 1700 132 43 secundum
646 1700 55 43 po-

183 1738 167 32 tentiam,
308 1738 69 32 &
336 1738 111 32 ideo
405 1738 153 32 necesse
516 1738 97 32 est
572 1738 83 32 vt
600 1738 97 32 actio

175 1772 94 53 sit
228 1772 188 53 perfectior
376 1772 175 53 potentia,
511 1772 67 53 &
538 1772 121 53 prior
618 1772 81 53 in
645 1772 54 53 ea

176 1812 75 54 in
214 1812 113 54 esse.
289 1812 100 54 D.d.
352 1812 63 54 &
377 1812 163 54 similiter
502 1812 75 54 in
540 1812 125 54 aliis.
628 1812 75 54 i.
665 1812 63 54 &

720 131 155 57 similiter
839 131 83 57 est
887 131 71 57 de
922 131 107 57 aliis
994 131 167 57 potentijs,
1125 131 95 57 nisi
1172 131 60 57 po-

725 180 150 38 tentia,
834 180 109 38 quae
902 180 95 38 est
957 180 82 38 in
998 180 123 38 prima
1080 180 163 38 materia.
1189 180 54 38 D.

716 216 95 48 d.
764 216 79 48 &
796 216 95 48 in
843 216 127 48 eis,
923 216 159 48 quorum
1018 216 222 48 complementum

720 254 87 36 est
769 254 124 36 motus.
856 254 74 36 i.
893 254 62 36 &
918 254 161 36 similiter
1042 254 87 36 est
1092 254 74 36 in
1129 254 99 36 eis,
1179 254 62 36 quo

719 291 79 40 rum
764 291 147 40 perfectio
877 291 79 40 est
923 291 68 40 in
957 291 91 40 motu
1014 291 136 40 scilicet
1116 291 91 40 quod
1161 291 68 40 per-

718 327 129 43 fectio
808 327 90 43 non
860 327 103 43 erit
924 327 77 43 in
963 327 103 43 eis,
1028 327 103 43 nisi
1092 327 90 43 per
1131 327 103 43 actum,

721 373 100 45 non
778 373 100 45 per
835 373 199 45 potentiam:
991 373 71 45 &
1020 373 142 45 illud,
1105 373 128 45 propter

716 405 112 53 quod
786 405 195 53 acquiritur
939 405 195 53 perfectio,
1093 405 98 53 est
1134 405 98 53 perfi

718 444 164 53 ctius.
832 444 131 53 D.d.
914 444 82 53 &
947 444 131 53 ideo
1012 444 213 53 quemadmodum

720 493 143 43 quando
820 493 158 43 sciunt,
935 493 100 43 &c.
992 493 86 43 i.
1035 493 72 43 &
1050 493 186 43 quemadmodum

719 533 196 44 magistri,
870 533 151 44 quando
975 533 166 44 faciunt
1080 533 151 44 addiscen

715 570 97 41 tem
771 570 111 41 esse
840 570 180 41 scientem,
978 570 138 41 vident
1075 570 83 41 se
1103 570 138 41 perueni-

712 601 99 49 re
762 601 99 49 ad
812 601 265 49 complementum
1027 601 83 49 &
1044 601 199 49 perfectio-

726 634 108 48 nem,
793 634 94 48 ita
847 634 94 48 est
901 634 81 48 de
941 634 148 48 natura,
1049 634 94 48 qui
1102 634 67 48 a
1129 634 94 48 non
1170 634 67 48 ces

717 681 103 51 sat
776 681 147 51 mouere
879 681 118 51 rem,
953 681 132 51 donec
1041 681 191 51 perueniat
1173 681 59 51 ac

716 717 122 45 fuam
792 717 168 45 vltimam
915 717 260 45 perfectionem,
1129 717 77 45 &
1144 717 92 45 tunc

723 762 135 47 cessat.
821 762 61 47 &
845 762 147 47 declarat
955 762 86 47 per
1004 762 122 47 istam,
1090 762 98 47 quod
1151 762 86 47 ars
1200 762 61 47 &

718 796 147 49 natura
821 796 191 49 intendunt
968 796 147 49 actum,
1071 796 103 49 non
1115 796 118 49 poten-

717 838 136 37 tiam.
807 838 120 37 D.d.
883 838 181 37 Quoniam,
1018 838 90 37 si
1063 838 105 37 non
1109 838 120 37 fuerit

721 876 91 38 &c.
773 876 78 38 i.
812 876 156 38 quoniam,
929 876 78 38 si
968 876 104 38 esse
1034 876 91 38 rei
1086 876 91 38 non
1125 876 104 38 fuerit

725 913 158 53 secundum
843 913 105 53 quod
909 913 92 53 est
962 913 79 53 in
1001 913 118 53 actu,
1080 913 92 53 sed
1120 913 105 53 secun-

725 949 91 45 dum
777 949 104 45 quod
842 949 91 45 est
893 949 78 45 in
932 949 168 45 potentia,
1062 949 104 45 tunc
1113 949 117 45 ignoram

719 996 73 38 &
749 996 145 38 sciens
850 996 131 38 erunt
937 996 131 38 idem.
1025 996 116 38 ver.
1097 996 87 38 g.
1126 996 102 38 Mercu

723 1028 128 53 rius,
808 1028 100 53 qui
865 1028 114 53 fuit
936 1028 128 53 valde
1022 1028 157 53 sciens,
1135 1028 71 53 &
1150 1028 85 53 Gno-

719 1069 127 52 sius,
803 1069 98 52 qui
860 1069 112 52 fuit
930 1069 127 52 valde
1014 1069 155 52 turpis.
1127 1069 70 52 &
1155 1069 112 52 tunc

729 1105 186 41 scientiam
872 1105 171 41 existere
1000 1105 86 41 in
1043 1105 129 41 anima
1129 1105 100 41 est
1172 1105 71 41 si-

718 1156 101 38 cut
775 1156 174 38 existere
906 1156 130 38 extra
993 1156 159 38 animam,
1094 1156 145 38 scilicet

719 1189 139 45 quod
805 1189 156 45 anima
909 1189 121 45 non
979 1189 156 45 habet
1066 1189 173 45 proprium

723 1224 91 42 de
768 1224 183 42 scientia
906 1224 183 42 aliquid,
1043 1224 122 42 quod
1119 1224 107 42 non
1165 1224 76 42 est

714 1266 163 40 extra
823 1266 199 40 animam.
967 1266 163 40 anima
1076 1266 145 40 enim
1148 1266 91 40 non

724 1300 168 53 proprie
846 1300 214 53 disponitur
1015 1300 107 53 per
1061 1300 168 53 scientiam

723 1340 110 51 nisi
792 1340 137 51 quando
888 1340 137 51 fuerit
984 1340 137 51 sciens
1080 1340 82 51 in
1121 1340 124 51 actu:
1204 1340 69 51 &

718 1380 124 46 maxime
804 1380 124 46 quando
891 1380 124 46 fuerit
978 1380 74 46 in
1016 1380 87 46 sua
1065 1380 124 46 vlerma
1140 1380 99 46 perfe-

727 1420 128 38 ctione,
821 1420 140 38 scilicet
926 1420 117 38 quando
1008 1420 117 38 vtitur
1089 1420 152 38 scientia.
1194 1420 47 38 De

726 1454 103 52 inde
790 1454 77 52 d.
829 1454 116 52 sicut
906 1454 180 52 Mercurius,
1048 1454 90 52 ita
1099 1454 103 52 quod
1151 1454 90 52 acci-

719 1495 100 44 dit
776 1495 100 44 hoc
833 1495 86 44 in
876 1495 186 44 Mercurio,
1019 1495 171 44 scilicet
1147 1495 86 44 vt
1176 1495 71 44 di-

715 1533 181 55 sponatur
851 1533 106 55 per
911 1533 212 55 scientiam,
1078 1533 151 55 quando
1168 1533 76 55 sit

717 1572 75 45 in
755 1572 163 45 potentia,
881 1572 113 45 sicut
956 1572 176 45 disponitur
1094 1572 126 45 illud,
1170 1572 75 45 quod

716 1613 105 49 non
776 1613 136 49 habet
867 1613 211 49 scientiam.
1032 1613 151 49 Deinde
1138 1613 90 49 d.
1168 1613 75 49 ope

716 1653 122 53 ratio
798 1653 122 53 enim,
880 1653 95 53 &c.
934 1653 82 53 i.
975 1653 68 53 &
1002 1653 136 53 signum
1097 1653 122 53 eius,
1165 1653 82 53 quod

715 1692 145 54 actus
811 1692 112 54 est
876 1692 273 54 complerentum,
1100 1692 80 54 &
1117 1692 129 54 perfe-

711 1733 124 52 ctio,
794 1733 110 52 est,
862 1733 151 52 quoniam
972 1733 124 52 actus
1055 1733 96 52 est
1096 1733 137 52 operatio

719 1772 76 51 &
749 1772 182 51 operatio
886 1772 122 51 eius
962 1772 106 51 est
1007 1772 213 51 complementum

710 1813 77 54 &
740 1813 200 54 perfectio
894 1813 216 54 operantis.
1064 1813 77 54 &
1094 1813 123 54 ideo
1156 1813 77 54 ho
