1475 2066
228 145 95 47 qui
282 145 95 47 est
336 145 135 47 actus,
430 145 81 47 in
471 145 95 47 quo
525 145 95 47 non
579 145 95 47 est
619 145 135 47 potentia

235 180 184 38 omnino.
369 180 168 38 Deinde
487 180 101 38 d.
537 180 101 38 Et
587 180 134 38 alio
654 180 101 38 modo

244 226 126 32 etiam
328 226 140 32 dicens
426 226 140 32 verum,
523 226 98 32 &c.
579 226 84 32 i.
621 226 70 32 &
649 226 84 32 in
677 226 84 32 alia

234 257 238 41 translatione.
430 257 98 41 Sed
486 257 140 41 illud,
585 257 112 41 quod
655 257 98 41 est
697 257 56 41 ma

235 295 89 49 gis
286 295 127 49 verum,
375 295 89 49 est
426 295 140 49 dicere,
527 295 102 49 quod
591 295 140 49 aeterna
680 295 76 49 sunt

243 333 130 45 priora
334 333 195 45 substantijs
490 333 221 45 sensibilibus.
673 333 65 45 &
686 333 65 45 nul

247 373 93 38 lum
300 373 186 38 aeternorum
446 373 93 38 est
499 373 80 38 in
539 373 173 38 potentia.
671 373 80 38 i.
711 373 66 38 &

238 413 140 52 illud,
336 413 112 52 quod
406 413 98 52 est
462 413 224 52 manifestius,
643 413 70 52 &
657 413 98 52 magis

235 450 113 48 verum
311 450 88 48 est
361 450 139 48 dicere,
462 450 101 48 quod
525 450 88 48 res
576 450 151 48 aeternae
676 450 76 48 sunt

233 488 166 50 priores
353 488 136 50 rebus
444 488 256 50 generabilibus
655 488 75 50 &
670 488 75 50 cor

244 527 230 43 ruptibilibus.
434 527 68 43 &
461 527 81 43 in
501 527 162 43 aeternis
609 527 149 43 potentia-

237 564 100 53 non
294 564 115 53 est:
366 564 172 53 potentia
495 564 115 53 enim
567 564 100 53 non
624 564 100 53 est
667 564 86 53 nisi

242 606 86 52 in
285 606 244 52 generabilibus
485 606 72 52 &
500 606 258 52 corruptibilibus,

243 645 147 48 Deinde
346 645 88 48 d.
391 645 74 48 &
420 645 133 48 omnes
509 645 206 48 potentiae,
671 645 74 48 &
685 645 74 48 om-

239 685 77 50 ne
278 685 166 50 possibile
406 685 90 50 est
457 685 154 50 potentia
572 685 77 50 ad
610 685 115 50 esse,
687 685 64 50 &
700 685 51 50 ac

241 724 105 39 non
301 724 134 39 esse,
390 724 105 39 non
450 724 179 39 potentia
585 724 90 39 ad
615 724 134 39 alterum

235 759 338 44 contradictoriorum.
527 759 184 44 quoniam,
665 759 92 44 si
696 759 61 44 ha

241 800 155 42 buerit
349 800 201 42 potentiam
504 800 93 42 ad
550 800 170 42 alterum
658 800 93 42 con-

237 837 287 45 tradictoriorum,
479 837 106 45 non
539 837 166 45 habebit
660 837 91 45 ad
691 837 60 45 al

234 884 144 43 terum:
335 884 72 43 &
363 884 144 43 illud,
464 884 87 43 ad
508 884 115 43 quod
580 884 101 43 non
638 884 101 43 est
681 884 72 43 po-

240 925 135 37 tentia,
338 925 86 37 non
387 925 110 37 erit:
460 925 61 37 &
485 925 98 37 quod
546 925 86 37 non
595 925 110 37 erit,
668 925 86 37 est
705 925 49 37 im

238 956 199 49 possibile.
394 956 71 49 &
422 956 85 49 si
465 956 156 49 alterum
564 956 185 49 contradicto

241 992 140 50 riorum
339 992 98 50 est
395 992 224 50 impossibile,
578 992 168 50 reliquum
690 992 70 50 est

233 1036 224 39 necessarium:
415 1036 70 39 &
443 1036 98 39 sic
499 1036 98 39 non
554 1036 112 39 erit
610 1036 140 39 possibit

235 1069 91 44 le.
287 1069 65 44 &
313 1069 91 44 hoc
365 1069 195 44 intendebat,
522 1069 91 44 cum
574 1069 78 44 d.
613 1069 117 44 illud
678 1069 78 44 enim

238 1111 112 40 quod
308 1111 98 40 non
364 1111 126 40 habet
448 1111 182 40 potentiam
587 1111 84 40 vt
629 1111 112 40 sit,
685 1111 70 40 non

241 1148 114 54 erit:
318 1148 89 54 qui
368 1148 64 54 a
394 1148 89 54 non
445 1148 89 54 est
495 1148 152 54 aliquid,
610 1148 76 54 i.
648 1148 102 54 quia
699 1148 64 54 est

230 1189 106 37 non
290 1189 121 37 esse
366 1189 242 37 impossibile.
562 1189 151 37 Deinde
668 1189 91 37 d.
714 1189 76 37 &

238 1228 164 51 omnia,
352 1228 131 51 quae
434 1228 164 51 habent
548 1228 213 51 potentiam
696 1228 65 51 vt

241 1270 137 48 agant,
337 1270 178 48 possibile
474 1270 96 48 est
529 1270 82 48 vt
570 1270 96 48 non
624 1270 123 48 agant
693 1270 68 48 cum

243 1305 160 49 potentia
362 1305 239 49 possibilitatis
562 1305 80 49 in
602 1305 93 49 duo
642 1305 106 49 contra

239 1344 176 58 dictoria.
375 1344 108 58 D.d.
443 1344 108 58 ergo
510 1344 135 58 illud,
605 1344 108 58 quod
659 1344 95 58 habet

238 1384 199 48 potentiam,
394 1384 99 48 &c.
451 1384 71 48 &
479 1384 99 48 noc
536 1384 99 48 est
578 1384 185 48 manifestum,

238 1423 95 49 per
293 1423 95 49 se.
347 1423 136 49 Deinde
442 1423 82 49 d.
483 1423 68 49 &
510 1423 136 49 illud,
605 1423 109 49 quod
660 1423 95 49 habet

243 1468 192 44 potentiam
391 1468 89 44 vt
436 1468 104 44 non
495 1468 118 44 sit,
554 1468 207 44 corrumpetur,

241 1501 106 53 &c.
302 1501 91 53 i.
347 1501 76 53 &
377 1501 121 53 omne
453 1501 197 53 corruptum
605 1501 106 53 aut
651 1501 106 53 dicit

243 1541 105 51 esse
308 1541 170 51 corruptum
439 1541 209 51 simpliciter,
609 1541 65 51 &
635 1541 92 51 est
675 1541 78 51 con-

229 1589 160 42 ruptum
341 1589 192 42 secundum
485 1589 256 42 substantiam:
677 1589 80 42 aut

231 1619 160 47 dicitur
348 1619 117 47 esse
421 1619 189 47 corruptum
567 1619 102 47 per
625 1619 160 47 aliquod

241 1661 130 45 eorum
327 1661 217 45 existentium
501 1661 87 45 in
544 1661 101 45 eo,
602 1661 87 45 vt
630 1661 116 45 quali-

241 1701 105 40 tas
301 1701 105 40 aut
361 1701 211 40 quantitas.
527 1701 151 40 Deinde
633 1701 90 40 d.
663 1701 90 40 Erge

236 1738 171 40 nullum
356 1738 171 40 eorum,
476 1738 137 40 quae
561 1738 120 40 non
613 1738 137 40 corrum

236 1774 152 50 puntur,
346 1774 83 50 &c
388 1774 83 50 i.
429 1774 193 50 declaratum
581 1774 96 50 est
636 1774 83 50 in
664 1774 96 50 scien

242 1820 94 46 tia
295 1820 174 46 Naturali,
429 1820 107 46 quod
497 1820 134 46 nullum
591 1820 134 46 eorum,
684 1820 107 46 quae

775 141 93 50 non
828 141 227 50 corrumpunitur
1015 141 160 50 secundum
1121 141 187 50 substantiam,

778 181 135 49 habent
872 181 175 49 potentiam
1006 181 108 49 quod
1074 181 202 49 substantiae
1222 181 67 49 eo-

766 220 104 38 rum
826 220 253 38 corrumpantur.
1034 220 89 38 Et
1079 220 104 38 hoc
1138 220 89 38 d.
1183 220 89 38 in
1213 220 74 38 hoc

767 260 138 38 loco,
859 260 138 38 quasi
951 260 184 38 vagando,
1089 260 77 38 &
1105 260 184 38 declaratio

771 292 114 47 eius
842 292 171 47 perfecta
970 292 100 47 est
1027 292 85 47 in
1070 292 128 47 Primo
1155 292 128 47 Coeli
1240 292 71 47 &

776 341 121 37 mundi
856 341 121 37 illic
936 341 107 37 enim
1003 341 201 37 declarauit,
1164 341 107 37 quod
1218 341 67 37 im-

778 381 159 40 possibile
900 381 86 40 est
949 381 74 40 vt
986 381 74 40 in
1023 381 135 40 aeterno
1121 381 86 40 sit
1158 381 123 40 potentia

772 421 90 41 ad
817 421 254 41 corruptionem.
1026 421 120 41 D.d.
1101 421 149 41 aliquo
1190 421 90 41 vero

779 451 108 47 modo,
851 451 84 47 &c.
899 451 72 47 i.
934 451 84 47 sed
982 451 84 47 est
1030 451 155 47 possibile
1150 451 72 47 vt
1185 451 72 47 in
1209 451 72 47 quod

766 489 143 50 busdam
866 489 172 50 aeternis
995 489 100 50 sit
1053 489 172 50 potentia
1167 489 115 50 aliquo

763 532 127 48 modo
842 532 174 48 modorum
969 532 221 48 potentiae.
1143 532 95 48 v.
1190 532 95 48 g.
1222 532 63 48 vt

773 565 135 53 partes
868 565 122 53 eorum
949 565 108 53 sint
1017 565 81 53 in
1057 565 162 53 potentia
1179 565 81 53 in
1206 565 81 53 ali-

776 612 96 43 quo
831 612 124 43 loco,
914 612 96 43 non
969 612 83 43 in
1010 612 124 43 alio,
1093 612 96 43 aut
1148 612 83 43 in
1175 612 110 43 aliqua

774 649 201 45 qualitate.
931 649 100 45 hoc
989 649 115 45 enim
1061 649 100 45 non
1118 649 100 45 est
1161 649 129 45 prohibi

778 680 107 50 tum.
844 680 67 50 &
871 680 120 50 istae
951 680 200 50 qualitates,
1111 680 107 50 quae
1165 680 120 50 possunt

768 725 111 37 esse
837 725 69 37 &
865 725 97 37 non
920 725 111 37 esse
990 725 83 37 in
1031 725 194 37 corporibus
1169 725 111 37 coele-

778 761 132 41 stibus,
874 761 96 41 sunt
934 761 108 41 aliae
1006 761 72 41 ab
1042 761 96 41 eis,
1102 761 96 41 quae
1150 761 132 41 attribuum

766 799 96 45 tur
821 799 218 45 alterationi,
998 799 82 45 vt
1039 799 191 45 obscuritas
1176 799 109 45 Lunae,

774 837 72 45 &
802 837 230 45 illuminatio,
989 837 72 45 &
1018 837 172 45 similia.
1147 837 144 45 Deinde
1234 837 57 45 d.

766 884 98 38 sed
822 884 126 38 omnes
906 884 112 38 sunt
976 884 84 38 in
1018 884 126 38 actu,
1101 884 84 38 i.
1143 884 98 38 sed
1185 884 98 38 omnes

768 924 303 44 transmutationes,
1025 924 121 44 quae
1101 924 182 44 apparent
1222 924 61 44 in

770 957 140 40 coelo,
868 957 112 40 sunt
938 957 168 40 secundum
1063 957 140 40 geneus
1161 957 84 40 in
1189 957 98 40 actu,

774 995 143 40 scilicet
881 995 95 40 quod
941 995 71 40 in
976 995 83 40 eis
1024 995 83 40 non
1072 995 155 40 inuenitur
1179 995 107 40 aliquod

773 1032 132 52 genus
861 1032 279 52 transmutationum
1096 1032 88 52 in
1126 1032 161 52 potentia,

770 1069 176 53 postquam
902 1069 103 53 non
961 1069 132 53 sint.
1049 1069 103 53 sed
1107 1069 146 53 illud,
1195 1069 88 53 quod

777 1111 174 43 inuenitur
910 1111 80 43 ex
951 1111 94 43 eis
1004 1111 161 43 potentia
1124 1111 107 43 ante
1178 1111 107 43 actum,

778 1153 89 48 est
829 1153 115 48 sicut
906 1153 153 48 singulae
1021 1153 128 48 partes
1110 1153 140 48 illarum
1200 1153 89 48 trans

776 1189 220 45 mutationum.
952 1189 146 45 Deinde
1055 1189 88 45 d.
1099 1189 88 45 Et
1143 1189 103 45 non
1201 1189 117 45 sunt

777 1236 77 42 ex
816 1236 103 42 eis,
880 1236 103 42 quae
944 1236 103 42 sunt
1008 1236 192 42 necessario.
1162 1236 77 42 i.
1200 1236 64 42 &
1226 1236 90 42 non

775 1276 126 38 omne,
859 1276 112 38 quod
928 1276 153 38 apparet
1040 1276 84 38 in
1082 1276 139 38 coelo,
1179 1276 98 38 est
1235 1276 84 38 in

776 1305 110 53 actu
845 1305 138 53 semper
942 1305 110 53 sine
1011 1305 179 53 potentia,
1149 1305 69 53 &
1177 1305 110 53 sine
1232 1305 55 53 mo

773 1343 85 43 tu.
821 1343 121 43 quiam,
906 1343 73 43 si
942 1343 85 43 ita
991 1343 121 43 esset:
1075 1343 181 43 inueniretur
1220 1343 73 43 in
1245 1343 48 43 po

776 1389 131 37 tentia.
872 1389 143 37 scilicet
979 1389 120 37 factum
1063 1389 72 37 de
1099 1389 108 37 nouo.
1170 1389 60 37 &
1194 1389 84 37 hoc
1230 1389 60 37 in-

775 1423 151 43 tendebat,
892 1423 81 43 cum
938 1423 70 43 d.
973 1423 128 43 quoniam
1066 1423 70 43 si
1101 1423 93 43 ista
1159 1423 105 43 prima
1217 1423 70 43 fue-

777 1469 110 41 rint
846 1469 110 41 ita,
915 1469 124 41 nihil
998 1469 138 41 omnino
1095 1469 110 41 erit
1164 1469 83 41 in
1191 1469 97 41 poten

775 1501 107 45 tia.
841 1501 134 45 Deinde
935 1501 80 45 d.
975 1501 134 45 Neque,
1069 1501 80 45 si
1109 1501 134 45 inotus
1189 1501 107 45 fuerit

773 1537 168 41 aeternus,
903 1537 91 41 &c.
954 1537 78 41 i.
993 1537 65 41 &
1019 1537 181 41 similiter,
1162 1537 78 41 si
1187 1537 104 41 fuerit

777 1588 133 42 motus
866 1588 193 42 aeternus,
1014 1588 222 42 impossibile
1192 1588 104 42 est
1237 1588 59 42 vt

779 1614 108 52 suum,
851 1614 108 52 eotum
924 1614 84 52 sit
972 1614 96 52 ante
1032 1614 72 52 in
1068 1614 157 52 potentia,
1177 1614 120 52 scilicet

776 1657 183 41 secundum
913 1657 167 41 geneus,
1034 1657 106 41 sed
1095 1657 183 41 secundum
1217 1657 76 41 par

777 1694 117 44 tes.
851 1694 73 44 &
880 1694 132 44 totum
968 1694 103 44 hoc
1027 1694 205 44 declaratum
1188 1694 103 44 est
1232 1694 59 44 in

772 1733 188 52 Pnysicis.
916 1733 145 52 Deinde
1017 1733 87 52 d.
1061 1733 72 52 &
1090 1733 145 52 nihil,
1176 1733 116 52 phibet

783 1781 72 39 vt
819 1781 84 39 hoc
867 1781 84 39 sit
915 1781 144 39 materia.
1023 1781 72 39 i.
1059 1781 60 39 &
1083 1781 96 39 hoc,
1143 1781 96 39 quod
1191 1781 96 39 corpus

779 1821 177 37 coeleste
912 1821 103 37 non
971 1821 192 37 denudatur
1118 1821 74 37 a
1133 1821 162 37 potentia
