1475 2066
196 165 104 54 erit
261 165 156 54 aequalis
378 165 169 54 alternato
509 165 169 54 triaguli,
639 165 65 54 &
652 165 65 54 re-

209 208 133 42 liquus
302 208 160 42 reliquo:
422 208 107 42 quia
488 208 120 42 alter
568 208 93 42 est
608 208 107 42 extrin

209 247 132 35 secus,
301 247 66 35 &
328 247 119 35 alter
407 247 212 35 intrinsecus.
579 247 79 35 D.
606 247 119 35 induxit

211 285 89 49 est
262 285 115 49 aliud
339 285 166 49 exemplum,
466 285 64 49 &
491 285 76 49 d.
530 285 76 49 Et
555 285 153 49 similiter.

205 325 117 39 quare
283 325 78 39 in
322 325 104 39 omni
388 325 209 39 semicirculo,
557 325 91 39 &c.
610 325 65 39 &
623 325 91 39 simi-

219 362 92 40 liter
280 362 92 40 etiam
341 362 81 40 erit
392 362 102 40 scitum
463 362 61 40 in
494 362 132 40 potentia,
596 362 51 40 &
616 362 81 40 exis
657 362 71 40 etiam

211 397 72 45 in
247 397 144 45 potentia
355 397 72 45 in
391 397 168 45 triangulo,
524 397 84 45 qui
572 397 108 45 cadit
644 397 72 45 in
668 397 48 45 se

211 444 170 38 micirculo,
344 444 109 38 quare
417 444 146 38 angulus,
527 444 85 38 qui
575 444 85 38 est
624 444 73 38 in
648 444 73 38 cir-

209 476 84 38 cum
257 476 156 38 ferentia,
377 476 120 38 semper
461 476 84 38 est
508 476 132 38 rectus,
604 476 96 38 siue
652 476 60 38 due

211 517 137 50 latera
307 517 178 50 trianguli
445 517 165 50 exeuntia
568 517 82 50 ad
609 517 96 50 duo
650 517 69 50 ex-

214 553 114 45 trema
290 553 152 45 diametri
405 553 102 45 sint
468 553 165 45 aequalia,
595 553 89 45 aut
633 553 89 45 inque

213 591 144 51 qualia.
318 591 131 51 etenim
410 591 92 51 hoc
462 591 92 51 non
515 591 131 51 scitur
607 591 79 51 in
633 591 79 51 actu

214 632 98 42 nisi
275 632 122 42 quando
360 632 73 42 in
397 632 98 42 actu
458 632 159 42 diuiditur
580 632 73 42 in
617 632 122 42 media,
690 632 37 42 &

210 675 167 49 completur
339 675 180 49 siguratio.
480 675 103 49 D.d.
545 675 103 49 ergo
596 675 116 49 manife-

215 708 92 55 stum
272 708 92 55 est,
329 708 80 55 &c.
375 708 69 55 i.
410 708 92 55 eigo
467 708 161 55 declaratum
594 708 80 55 est
640 708 69 55 ex
663 708 57 55 hoc

213 749 86 53 quod
267 749 107 53 illud,
342 749 86 53 quod
395 749 75 53 est
438 749 64 53 in
471 749 139 53 potentia,
578 749 75 53 non
621 749 86 53 erit
663 749 54 53 sci

206 793 95 47 tum,
265 793 107 47 neque
337 793 95 47 ens,
396 793 83 47 cum
443 793 142 47 exiuerit
550 793 71 47 in
586 793 119 47 actum.
657 793 71 47 D.d.

215 826 64 40 Et
247 826 96 40 causa
311 826 64 40 in
343 826 74 40 hoc
385 826 85 40 est,
439 826 74 40 &c.
481 826 64 40 i.
513 826 53 40 &
534 826 96 40 causa
598 826 64 40 in
630 826 74 40 hoc
662 826 53 40 est

214 866 92 48 quia
272 866 185 48 intelligere,
422 866 92 48 quod
480 866 81 48 est
527 866 69 48 in
561 866 150 48 potentia,
665 866 58 48 non

220 902 104 53 venit
290 902 70 53 ad
325 902 116 53 actum,
406 902 93 53 nisi
464 902 81 53 per
510 902 174 53 intelligere
638 902 81 53 aliud

215 940 78 55 quod
264 940 69 55 est
303 940 59 55 in
333 940 88 55 actu.
392 940 78 55 D.d.
441 940 49 55 &
460 940 108 55 propter
539 940 78 55 hoc,
588 940 98 55 quando
647 940 78 55 agunt,

219 981 126 51 iciunt.
310 981 69 51 i.
345 981 57 51 &
368 981 69 51 io
402 981 115 51 quando
482 981 172 51 consyderans
608 981 115 51 consyde-

214 1017 80 42 rat
259 1017 69 42 in
294 1017 149 42 scientijs
408 1017 103 42 scit.
477 1017 92 42 D.d.
534 1017 103 42 actus
603 1017 92 42 enim
648 1017 69 42 nume

209 1060 66 47 ro
242 1060 77 47 est
286 1060 88 47 post
341 1060 187 47 generationem.
495 1060 66 47 i.
528 1060 132 47 quoniam,
627 1060 77 47 cum
660 1060 66 47 con-

215 1097 144 49 paratur
319 1097 117 49 inter
398 1097 170 49 potentiam
528 1097 65 49 &
554 1097 117 49 actum
620 1097 104 49 illius

218 1135 156 54 potentiae,
340 1135 144 54 inuenitur
451 1135 89 54 quod
507 1135 89 54 illa
562 1135 133 54 potentia
651 1135 67 54 prae

219 1185 94 33 cedit
281 1185 115 33 tempore
364 1185 104 33 actum.
437 1185 73 33 cum
479 1185 94 33 autem
542 1185 146 33 comparatur
646 1185 83 33 inter.

211 1214 176 47 potentiam,
350 1214 100 47 quae
412 1214 88 47 est
462 1214 75 47 in
500 1214 163 47 generato,
626 1214 63 47 &
638 1214 88 47 inten

217 1261 113 41 actum,
296 1261 90 41 quod
352 1261 79 41 est
397 1261 146 41 extrahens
509 1261 113 41 illud,
588 1261 90 41 quod
644 1261 79 41 est
678 1261 45 41 in

209 1293 138 45 potentia
313 1293 69 45 in
348 1293 104 45 actu,
417 1293 150 45 inuenitur
532 1293 92 45 quod
590 1293 104 45 actus
648 1293 69 45 prae

196 1330 143 40 cedet
292 1330 175 40 tempore
419 1330 223 40 potentiam,
595 1330 80 40 &
610 1330 112 40 esse.

222 1396 84 47 Quo
270 1396 108 47 pacto
342 1396 72 47 ex
378 1396 156 47 veritate,
499 1396 60 47 &
523 1396 168 47 falsitate,
643 1396 84 47 actus

243 1440 144 58 potentia
351 1440 84 58 sit
399 1440 204 58 praestantior.
568 1440 96 58 Cap.
616 1440 72 58 qui.

242 1493 140 45 &VVvm
336 1493 140 45 autem
429 1493 109 45 ens
492 1493 93 45 et
538 1493 109 45 non
600 1493 109 45 ens
647 1493 78 45 di-

311 1533 132 47 catur,
403 1533 145 47 quoddam
508 1533 132 47 quidem
587 1533 132 47 secundum

311 1581 176 51 siguras
423 1581 304 51 praedicamentorums

210 1628 149 42 quoddam
319 1628 122 42 autem
400 1628 162 42 secundum
521 1628 189 42 potentiam,
656 1628 68 42 aut

205 1661 136 46 actum
296 1661 152 46 horum,
402 1661 106 46 aut
462 1661 212 46 contraria:
629 1661 121 46 quod

207 1704 125 42 dam
278 1704 143 42 vero
368 1704 178 42 maxime
492 1704 214 42 propriae
635 1704 89 42 ens

204 1744 151 42 verum
305 1744 118 42 aut
372 1744 185 42 falsum:
507 1744 118 42 hoc
574 1744 151 42 autem
658 1744 67 42 in

206 1784 146 50 rebus
303 1784 113 50 est
368 1784 259 50 compositione
578 1784 113 50 vel
627 1784 97 50 diui

203 1828 193 46 sione:
338 1828 252 46 quamobrem
532 1828 174 46 verum
628 1828 97 46 di

739 164 130 46 cit,
820 164 114 46 qui
885 164 179 46 diuisum
1016 164 179 46 diuidi,
1146 164 82 46 &
1179 164 130 46 com.
1244 164 49 46 E

730 206 200 53 positum
875 206 200 53 componi
1020 206 163 53 putat
1111 206 145 53 falsum

738 253 121 45 autem
818 253 94 45 qui
872 253 134 45 contra
965 253 107 45 quam
1033 253 94 45 res
1086 253 80 45 se
1113 253 134 45 habeant,

740 300 95 45 aut
795 300 136 45 quando
890 300 122 45 sunt,
972 300 95 45 aut
1026 300 95 45 non
1080 300 122 45 sunt:
1162 300 122 45 quare

744 332 95 54 quod
804 332 107 54 verum
875 332 83 54 aut
922 332 119 54 falsum
1006 332 131 54 icitur,
1101 332 107 54 quid,
1160 332 95 54 profe-

731 378 118 40 cto
798 378 118 40 hoc
866 378 202 40 dicimus,
1000 378 252 40 consyderandum

738 418 107 41 est.
804 418 93 41 Nom
858 418 107 41 enim
924 418 173 41 propterea
1057 418 107 41 quod
1124 418 93 41 nos
1177 418 80 41 te
1204 418 53 41 ve

728 460 98 43 re
777 460 180 43 putamus
908 460 147 43 album
1006 460 147 43 esse,
1105 460 98 43 tu
1137 460 115 43 albus

740 501 85 45 es:
789 501 85 45 sed
837 501 159 45 propterea
959 501 98 45 quod
1020 501 73 45 tu
1057 501 110 45 albus
1130 501 85 45 es,
1179 501 85 45 nos

730 540 128 54 qui
803 540 220 54 dicimus,
968 540 165 54 verum
1060 540 183 54 dicimus,

747 589 86 45 bi
790 589 158 45 quaedam
905 589 144 45 itaque
1005 589 144 45 semper
1091 589 158 45 composita

731 629 84 37 &
765 629 269 37 impossibilia
983 629 185 37 diuidi:
1101 629 151 37 quaedam

735 669 137 45 vero
820 669 171 45 semper
940 669 171 45 diuisa
1060 669 86 45 &
1077 669 171 45 impossi-

735 709 140 53 bilia
829 709 171 53 componi
953 709 140 53 sunt:
1047 709 171 53 quaedam
1156 709 93 53 vero

739 749 183 53 contingit
880 749 183 53 contraria
1021 749 127 53 esse,
1106 749 113 53 esse
1162 749 85 53 qui-

740 794 117 40 dem
807 794 117 40 est
874 794 200 40 componi,
1024 794 83 40 &
1057 794 133 40 vnum
1140 794 150 40 esse:

731 830 118 52 non
799 830 135 52 esse
883 830 135 52 vero
967 830 118 52 non
1035 830 202 52 componi,
1170 830 84 52 sed

746 877 134 54 plura
835 877 134 54 esse.
925 877 119 54 Ergo
999 877 134 54 circa
1073 877 179 54 contingen-

745 917 103 45 tia
804 917 147 45 quidem
907 917 132 45 eadem
995 917 117 45 fsit
1068 917 132 45 falsa
1156 917 73 45 &
1171 917 88 45 vera

739 958 182 45 opinio,
872 958 83 45 &
905 958 149 45 eadem
1005 958 182 45 oratio,
1137 958 83 45 &
1154 958 99 45 con-

743 1001 121 42 tingit
828 1001 158 42 quandoque
949 1001 121 42 veram,
1034 1001 170 42 quandoquod
1155 1001 97 42 falsam

740 1045 131 45 esse:
828 1045 131 45 circa
915 1045 116 45 vero
987 1045 232 45 impossibilia
1162 1045 87 45 ali-

743 1085 112 52 ter
807 1085 96 52 se
855 1085 161 52 habere
968 1085 112 52 non
1032 1085 112 52 fit
1080 1085 177 52 quandoque

748 1125 150 46 verum,
853 1125 195 46 quandoque
1003 1125 165 46 falsum,
1124 1125 105 46 sed
1169 1125 90 46 haec

740 1169 172 41 semper
860 1169 155 41 vera,
963 1169 86 41 &
998 1169 155 41 falsa
1084 1169 120 41 sunt.

789 1208 90 51 Et
834 1208 105 51 cum
894 1208 165 51 dicitur
1014 1208 105 51 ens
1073 1208 90 51 et
1118 1208 105 51 non
1163 1208 90 51 ens,

737 1256 160 66 alterum
854 1256 116 66 vero
927 1256 175 66 secundum
1057 1256 160 66 siguras
1159 1256 102 66 prae-

734 1303 261 51 dicamentorum,
949 1303 92 51 et
995 1303 154 51 alteru
1102 1303 184 51 secundit

736 1353 169 63 potetiam
863 1353 85 63 et
905 1353 127 63 actu,
990 1353 113 63 quae
1061 1353 113 63 sunt
1117 1353 127 63 istorum

745 1399 100 59 aut
802 1399 171 59 secundum
930 1399 200 59 contraria.
1088 1399 86 59 et
1116 1399 143 59 dicuntur

742 1444 86 56 in
785 1444 101 56 rei
842 1444 187 56 veritate,
986 1444 101 56 aut
1043 1444 115 56 modo
1115 1444 129 56 vero,
1187 1444 72 56 aut

739 1493 127 53 modo
818 1493 159 53 falso.
930 1493 79 53 &
961 1493 111 53 hoc
1025 1493 111 53 est
1088 1493 95 53 in
1120 1493 127 53 rebus,

744 1546 92 53 aut
797 1546 92 53 per
849 1546 237 53 compositionem,
1047 1546 92 53 aut
1100 1546 92 53 per
1139 1546 119 53 diuisis

741 1590 122 67 nem,
817 1590 122 67 ergo
893 1590 106 67 qui
954 1590 152 67 videt,
1060 1590 122 67 quod
1121 1590 137 67 diuisum

743 1636 209 62 diuiditur,
907 1636 134 62 verum
997 1636 149 62 dicit,
1101 1636 89 62 et
1146 1636 104 62 qui
1190 1636 75 62 vi-

740 1685 106 69 det
801 1685 122 69 quod
877 1685 228 69 congregatum
1059 1685 228 69 congregatur

744 1733 180 61 aliquid.
879 1733 165 61 Ablatio
999 1733 90 61 in
1045 1733 165 61 Graeco.
1150 1733 105 61 sermo

741 1785 138 61 falsum
838 1785 138 61 etiam.
935 1785 152 61 oportet
1046 1785 111 61 enim
1115 1785 138 61 ponere
1198 1785 69 61 ali

742 1828 128 70 quid,
827 1828 100 70 cum
884 1828 171 70 dicitur,
1013 1828 114 70 quod
1084 1828 143 70 illud,
1184 1828 114 70 quod
