1475 2066
180 127 169 62 accidenti
310 127 78 62 in
349 127 208 62 affirmatiua,
518 127 65 62 &
544 127 104 62 quae
596 127 117 62 accidit

186 177 203 53 intelligere
349 177 176 53 simplicia
484 177 95 53 est
538 177 81 53 de
578 177 108 53 modo
632 177 68 53 de-

195 218 171 41 ceptionis
326 218 184 41 accidentis
471 218 79 41 in
497 218 211 41 definitionibus

194 253 141 41 secundum
300 253 94 41 quod
359 253 94 41 sunt
418 253 200 41 definitiones,
583 253 59 41 &
606 253 82 41 non
641 253 71 41 sunt

190 292 109 47 idem
258 292 122 47 sermo
340 292 217 47 definitiuus,
516 292 68 47 &
543 292 122 47 sermo
611 292 95 47 affir

193 332 164 53 matiuus.
316 332 109 53 D.d.
384 332 68 53 &
412 332 191 53 ignorantia
562 332 109 53 est,
630 332 109 53 quae

187 372 94 54 non
240 372 147 54 tangit,
347 372 80 54 i.
387 372 67 54 &
414 372 201 54 ignorantia,
574 372 94 54 qua
614 372 94 54 acci-

196 408 93 55 dit
249 408 106 55 vnum
315 408 199 55 intelligere
474 408 185 55 simplicia,
619 408 93 55 est
659 408 53 55 vt

188 447 191 43 intellectus
341 447 115 43 nihil
418 447 179 43 intelligat
558 447 77 43 de
596 447 102 43 eis.
647 447 64 43 est

190 485 120 56 igitur
274 485 143 56 secundum
381 485 191 56 ignorantiam,
537 485 96 56 quae
596 485 84 56 est
632 485 84 56 priua

194 527 88 43 tio
245 527 176 43 scientiae.
383 527 101 43 D.d.
446 527 88 43 Non
496 527 88 43 est
547 527 113 43 enim,
622 527 88 43 &c.
660 527 50 43 i.

189 568 70 35 &
217 568 126 35 causa
301 568 84 35 in
343 568 98 35 hoc
399 568 112 35 est,
469 568 98 35 qui
525 568 70 35 a
553 568 98 35 non
595 568 126 35 accidit

194 601 152 42 deceptio
308 601 76 42 in
346 601 101 42 quid
410 601 101 42 est,
473 601 101 42 nisi
537 601 89 42 per
575 601 139 42 accidens.

187 646 85 36 in
229 646 199 36 compositis
386 646 142 36 quidem
485 646 100 36 per
528 646 185 36 deceptionem

194 679 71 43 in
230 679 178 43 affrmatiua,
372 679 95 43 quae
431 679 83 43 est
479 679 166 43 ignorantia
597 679 119 43 secundum

193 718 158 50 habitum:
311 718 79 50 in
351 718 198 50 simplicibus
509 718 105 50 vero
575 718 92 50 per
615 718 92 50 priua

194 756 127 53 tionem
283 756 216 53 intelligendi,
461 756 102 53 quae
525 756 89 53 est
563 756 152 53 ignorantia

194 796 130 48 secundum
292 796 174 48 priuationem.
433 796 87 48 D.d.
488 796 54 48 &
509 796 141 48 similiter
618 796 65 48 in
640 796 65 48 sub-

185 836 163 38 stantiis,
311 836 88 38 &c.
361 836 75 38 i.
398 836 63 38 &
423 836 75 38 in
461 836 188 38 substantiis
611 836 88 38 non
648 836 63 38 com

191 872 145 51 positis
296 872 92 51 non
349 872 145 51 accidit
454 872 158 51 deceptio
572 872 79 51 ex
612 872 105 51 suis
664 872 53 51 na

191 909 109 54 turis.
267 909 54 54 &
289 909 142 54 similiter
398 909 76 54 est
442 909 65 54 in
474 909 163 54 substantiis
594 909 109 54 composi-

197 951 100 51 tis,
260 951 88 51 cum
310 951 125 51 quibus
398 951 88 51 non
448 951 75 51 ad
486 951 150 51 miscetur
586 951 125 51 potentia

190 989 73 51 &
220 989 116 51 sunt
292 989 87 51 in
336 989 131 51 actu:
423 989 102 51 sed
481 989 175 51 deceptio
612 989 87 51 in
641 989 73 51 hoc

196 1028 85 39 est
245 1028 122 39 nobis.
330 1028 61 39 &
354 1028 73 39 si
391 1028 73 39 in
428 1028 85 39 eis
476 1028 159 39 acciderit
586 1028 122 39 deceptio

194 1068 82 51 ex
235 1068 109 51 suis
304 1068 164 51 naturis,
427 1068 109 51 tunc
495 1068 232 51 generarentur,
673 1068 41 51 &

195 1105 246 41 corrumperentur.
402 1105 65 41 &
428 1105 78 41 si
466 1105 181 41 quiditates
609 1105 65 41 &
621 1105 78 41 for-

195 1154 99 32 mae
252 1154 99 32 est
308 1154 227 32 generarentur
492 1154 71 32 &
507 1154 198 32 corrumperen-

195 1183 104 54 tur,
260 1183 104 54 tunc
325 1183 208 54 generarentur
493 1183 78 54 ex
532 1183 143 54 nihilo.
636 1183 65 54 &
649 1183 65 54 hoc

200 1221 176 52 intendebat,
341 1221 82 52 cum
388 1221 71 52 d.
424 1221 82 52 ens
471 1221 94 52 enim
530 1221 82 52 per
577 1221 82 52 se,
624 1221 82 52 &c.
659 1221 47 52 i.

196 1261 70 37 &
224 1261 139 37 innuit
322 1261 112 37 hoc,
391 1261 112 37 quod
461 1261 195 37 declaratum
614 1261 98 37 est
656 1261 56 37 in

178 1300 184 39 tractatu
316 1300 92 39 de
362 1300 230 39 substantia.
545 1300 123 39 D.d.
607 1300 107 39 Omnia

199 1341 120 46 igitur,
286 1341 87 46 quae
341 1341 98 46 sunt,
406 1341 76 46 &c.
450 1341 65 46 i.
482 1341 54 46 &
504 1341 98 46 omnes
559 1341 152 46 substantiae,

196 1378 108 48 quae
264 1378 108 48 sunt
332 1378 216 48 cormpositae,
507 1378 95 48 non
561 1378 149 48 accidit
656 1378 54 48 in

197 1417 79 41 eis
242 1417 91 41 quod
299 1417 79 41 sit
344 1417 136 41 deceptio
446 1417 204 41 essentialiter,
615 1417 79 41 sed
649 1417 57 41 per

193 1456 158 53 accidens,
314 1456 158 53 quaeritur
435 1456 109 53 enim,
508 1456 121 53 quando
593 1456 97 53 sunt
641 1456 73 53 igno

196 1501 115 37 rati
268 1501 130 37 esse,
354 1501 187 37 expositio
498 1501 158 37 nominum
599 1501 115 37 suorum

191 1540 94 46 per
244 1540 161 46 sermonem
365 1540 201 46 compositum.
526 1540 80 46 si
566 1540 107 46 ergo
620 1540 80 46 com-

190 1573 149 37 positio
299 1573 135 37 fuerit
393 1573 122 37 vera,
475 1573 108 37 tunc
542 1573 108 37 esse
610 1573 68 37 &
623 1573 95 37 intel

190 1610 156 56 ligentia
307 1610 104 56 erit
372 1610 130 56 verum.
464 1610 65 56 &
490 1610 78 56 si
529 1610 91 56 non
581 1610 130 56 fuerit
659 1610 52 56 ve

195 1653 81 50 ra,
242 1653 92 50 tunc
299 1653 92 50 esse
357 1653 92 50 erit
415 1653 127 50 falfum.
508 1653 69 50 v.
542 1653 69 50 g.
577 1653 69 50 vt
612 1653 69 50 si
635 1653 69 50 ali-

190 1687 115 54 quis
261 1687 158 54 quaerat
376 1687 115 54 quid
448 1687 100 54 sit
505 1687 158 54 vacuum,
620 1687 72 54 &
634 1687 72 54 di-

191 1726 121 53 cetur
271 1726 107 53 enim
338 1726 107 53 quid
405 1726 161 53 intendis
526 1726 94 53 per
580 1726 94 53 hoc
620 1726 94 53 nomen

192 1764 152 52 vacuum.
302 1764 83 52 si
344 1764 138 52 igitur
440 1764 152 52 dixerit
537 1764 179 52 dimensionem

192 1804 178 55 separatam,
332 1804 229 55 consyderabitur
524 1804 76 55 si
562 1804 127 55 fuerit
638 1804 64 55 im

724 141 183 43 possibile
865 141 226 43 dimensionem.
1048 141 183 43 separatam
1175 141 99 43 esse,

726 181 118 37 tunc
800 181 148 37 vacuum
903 181 103 37 non
963 181 133 37 erit,
1051 181 89 37 ex
1096 181 162 37 sermone
1199 181 59 37 iu

726 216 183 44 dicante,
863 216 107 44 non
924 216 91 44 ex
970 216 168 44 sermone
1076 216 183 44 exponente,

731 256 135 41 secundum
832 256 90 41 quod
889 256 79 41 est
934 256 147 41 exponens.
1047 256 90 41 D.d.
1103 256 56 41 &
1126 256 68 41 si
1159 256 90 41 non,
1205 256 56 41 &c.

733 293 111 50 idest
806 293 184 50 substantiae
954 293 98 50 vero
1015 293 172 50 simplices,
1151 293 74 50 si
1188 293 86 50 in

728 339 206 46 telliguntur,
895 339 103 46 tunc
959 339 193 46 intelligere
1114 339 116 46 earum
1178 339 77 46 erit

729 372 140 39 secundum
834 372 116 39 illud,
916 372 93 39 quod
974 372 105 39 sunt.
1044 372 58 39 &
1067 372 70 39 si
1102 372 81 39 non
1137 372 116 39 intelli-

732 412 143 48 gantur,
836 412 104 48 tunc
901 412 117 48 nihil
979 412 78 48 ex
1018 412 91 48 eis
1057 412 195 48 intelligitur,

735 445 86 45 quod
789 445 76 45 sit
832 445 108 45 verum,
908 445 86 45 nisi
962 445 129 45 secundum
1059 445 86 45 quod
1113 445 76 45 non
1156 445 86 45 esse
1210 445 65 45 in

738 485 150 56 telligendi
856 485 64 56 ea
888 485 75 56 non
931 485 75 56 est
974 485 107 56 verum,
1049 485 75 56 non
1092 485 129 56 secundum
1189 485 86 56 quod

733 524 142 52 accidit
837 524 78 52 in
875 524 91 52 eis
927 524 194 52 intelligere
1083 524 142 52 falsum.
1173 524 78 52 fal-

733 565 96 42 sum
788 565 109 42 enim
856 565 205 42 intelligere
1020 565 96 42 non
1075 565 96 42 est
1129 565 109 42 nisi
1184 565 68 42 per

726 603 283 39 compositionem.
962 603 94 39 Et
1009 603 110 39 hoc
1056 603 189 39 intendebat

729 640 96 42 cum
784 640 138 42 dicit:
881 640 207 42 intelligere
1046 640 96 42 eas
1101 640 96 42 non
1157 640 96 42 est
1198 640 55 42 ve

729 678 106 52 rum.
795 678 80 52 i.
835 678 80 52 &,
875 678 93 52 cum
928 678 159 52 dicimus,
1047 678 106 52 quod
1113 678 106 52 apud
1180 678 93 52 nos

734 720 83 50 non
782 720 83 50 est
829 720 107 50 verum
901 720 72 50 de
937 720 179 50 substantijs
1068 720 167 50 simplicibus,

734 757 94 49 non
787 757 188 49 intendimus
935 757 107 49 quod
1002 757 147 49 accidit
1109 757 121 49 nobis
1176 757 67 49 er-

733 797 99 51 ror,
794 797 86 51 qui
844 797 86 51 est
893 797 173 51 ignorantia
1029 797 148 51 secundum
1128 797 123 51 habitum,

731 837 89 50 sed
782 837 141 50 accidit
885 837 153 50 priuatio
999 837 179 50 veritatis,
1140 837 102 50 quae
1191 837 64 50 est

735 876 180 46 ignorantia
877 876 142 46 tantum:
980 876 64 46 &
1005 876 90 46 hoc
1057 876 90 46 est
1108 876 77 46 in
1134 876 116 46 virtute

736 913 183 42 rationali,
880 913 118 42 sicut
959 913 157 42 caecitas
1077 913 79 42 in
1116 913 131 42 oculo.
1195 913 52 42 Et

728 947 119 48 innuit
812 947 84 48 per
859 947 95 48 hoc,
919 947 95 48 quod
979 947 84 48 non
1026 947 179 48 intelligere
1169 947 84 48 res
1205 947 48 48 se

729 989 144 52 paratas
834 989 92 52 per
886 989 197 52 intellectum
1044 989 144 52 humanum
1149 989 92 52 est
1201 989 79 52 in

736 1028 173 44 intellectu
872 1028 124 44 nostro
958 1028 74 44 in
996 1028 111 44 primo
1070 1028 124 44 simile
1144 1028 99 44 caeci-

732 1065 102 41 tati
796 1065 76 41 in
834 1065 127 41 oculo,
923 1065 153 41 antequam
1038 1065 191 41 perficiatur
1177 1065 64 41 in-

729 1105 202 42 tellectus.
888 1105 101 42 Hoc
945 1105 116 42 enim
1018 1105 101 42 non
1076 1105 130 42 solum
1162 1105 116 42 modo

729 1145 178 52 reperitur
867 1145 82 52 in
908 1145 96 52 hac
963 1145 151 52 virtute
1073 1145 82 52 in
1114 1145 96 52 suo
1155 1145 96 52 primo

732 1182 117 48 esse,
810 1182 91 48 sed
862 1182 78 48 in
901 1182 91 48 suo
953 1182 104 48 esse
1019 1182 143 48 vltimo.
1123 1182 65 48 &
1149 1182 91 48 hoc
1188 1182 65 48 iam

734 1221 227 45 declarauimus
918 1221 85 45 in
961 1221 113 45 alio
1031 1221 128 45 loco.
1116 1221 85 45 Et
1145 1221 99 45 decla

730 1269 162 45 rabimus,
852 1269 108 45 quod
920 1269 190 45 fortunitas
1069 1269 149 45 maxima,
1164 1269 81 45 quae

734 1296 87 48 est
783 1296 161 48 inspicere
907 1296 186 48 intellectum
1055 1296 173 48 separatum,
1179 1296 62 48 est

729 1349 81 43 per
776 1349 161 43 potentiam,
902 1349 92 43 quae
960 1349 81 43 sit
1006 1349 69 43 in
1040 1349 69 43 in
1075 1349 138 43 tellectu
1167 1349 69 43 spe-

728 1377 162 54 culatiuo
849 1377 108 54 apud
916 1377 108 54 suam
983 1377 148 54 vltimam
1077 1377 162 54 perfectio-

729 1416 101 43 nem,
793 1416 127 43 simile
881 1416 177 43 potentiae,
1021 1416 101 43 quae
1084 1416 101 43 fuit
1147 1416 76 43 in
1173 1416 63 43 vsu

727 1454 106 54 apud
793 1454 159 54 aspectum
913 1454 80 54 ad
952 1454 159 54 colores,
1072 1454 93 54 non
1125 1454 93 54 per
1165 1454 66 54 po-

730 1501 157 47 tentiam
844 1501 85 47 de
886 1501 114 47 modo
957 1501 213 47 potentiarum
1114 1501 128 47 cogita-

733 1533 155 52 tiuarum,
850 1533 104 52 quae
914 1533 194 52 acquiruntur
1070 1533 91 52 per
1109 1533 129 52 cognitio

734 1572 103 50 nem.
799 1572 142 50 quoniam
902 1572 90 50 non
953 1572 90 50 est
1005 1572 116 50 sicut
1069 1572 168 50 existimauit

732 1613 98 50 Auem
793 1613 110 50 pace,
867 1613 98 50 quod
928 1613 86 50 hoc
977 1613 172 50 acquiritur
1112 1613 86 50 per
1161 1613 61 50 *
1174 1613 61 50 co-

730 1658 208 45 gnitionem.
894 1658 119 45 D.d.
968 1658 208 45 Manifestum
1131 1658 104 45 est
1176 1658 74 45 igi

733 1693 86 49 tur,
787 1693 75 49 &c.
830 1693 64 49 i.
862 1693 150 49 declaratum
980 1693 75 49 est
1023 1693 107 49 igitur
1098 1693 64 49 ex
1130 1693 86 49 hoc,
1173 1693 64 49 quod

734 1728 81 48 in
774 1728 121 48 rebus
855 1728 202 48 necessarijs
1016 1728 94 48 non
1057 1728 188 48 transmutabi-

732 1766 92 53 libus
793 1766 72 53 non
834 1766 134 53 decipitur
937 1766 82 53 homo
989 1766 62 53 ex
1019 1766 103 53 natura
1091 1766 82 53 rei,
1143 1766 72 53 ita
1173 1766 62 53 quod

731 1806 147 51 scientia
841 1806 73 51 de
878 1806 122 51 aliquo
963 1806 171 51 reuertatur
1086 1806 159 51 existimatio
