<?xml version="1.0" encoding="UTF-8"?>
<alto xmlns:xsi="http://www.w3.org/2001/XMLSchema-instance"
      xmlns="http://www.loc.gov/standards/alto/ns-v2#"
      xmlns:page="http://schema.primaresearch.org/PAGE/gts/pagecontent/2013-07-15"
      xsi:schemaLocation="http://www.loc.gov/standards/alto/ns-v2# http://www.loc.gov/standards/alto/alto.xsd">
   <Description>
      <MeasurementUnit>pixel</MeasurementUnit>
      <OCRProcessing ID="IdOcr">
         <ocrProcessingStep>
            <processingDateTime>2020-11-21T10:33:06.206-05:00</processingDateTime>
            <processingSoftware>
               <softwareCreator>READ COOP</softwareCreator>
               <softwareName>Transkribus</softwareName>
            </processingSoftware>
         </ocrProcessingStep>
      </OCRProcessing>
   </Description>
   <Tags/>
   <Layout>
      <Page ID="Page1" PHYSICAL_IMG_NR="1" HEIGHT="2066" WIDTH="1475">
         <TopMargin HEIGHT="0" WIDTH="1475" VPOS="0" HPOS="0"/>
         <LeftMargin HEIGHT="2066" WIDTH="0" VPOS="0" HPOS="0"/>
         <RightMargin HEIGHT="2066" WIDTH="0" VPOS="0" HPOS="1475"/>
         <BottomMargin HEIGHT="0" WIDTH="1475" VPOS="2066" HPOS="0"/>
         <PrintSpace HEIGHT="2066" WIDTH="1475" VPOS="0" HPOS="0">
            <TextBlock ID="r3" HEIGHT="1759" WIDTH="506" VPOS="97" HPOS="202">
               <Shape>
                  <Polygon POINTS="202,97 202,1856 708,1856 708,97"/>
               </Shape>
               <TextLine ID="r3l2"
                         BASELINE="186"
                         HEIGHT="53"
                         WIDTH="383"
                         VPOS="133"
                         HPOS="315">
                  <String HEIGHT="53" WIDTH="92" VPOS="133" HPOS="302" CONTENT="aer"/>
                  <SP HEIGHT="53" WIDTH="13" VPOS="133" HPOS="394"/>
                  <String HEIGHT="53"
                          WIDTH="145"
                          VPOS="133"
                          HPOS="355"
                          CONTENT="Ntendit"/>
                  <SP HEIGHT="53" WIDTH="13" VPOS="133" HPOS="500"/>
                  <String HEIGHT="53" WIDTH="92" VPOS="133" HPOS="460" CONTENT="per"/>
                  <SP HEIGHT="53" WIDTH="13" VPOS="133" HPOS="553"/>
                  <String HEIGHT="53"
                          WIDTH="198"
                          VPOS="133"
                          HPOS="500"
                          CONTENT="distinctione:"/>
               </TextLine>
               <TextLine ID="r3l3"
                         BASELINE="225"
                         HEIGHT="50"
                         WIDTH="349"
                         VPOS="175"
                         HPOS="352">
                  <String HEIGHT="50"
                          WIDTH="175"
                          VPOS="175"
                          HPOS="336"
                          CONTENT="Quintum"/>
                  <SP HEIGHT="50" WIDTH="16" VPOS="175" HPOS="511"/>
                  <String HEIGHT="50"
                          WIDTH="175"
                          VPOS="175"
                          HPOS="463"
                          CONTENT="librum,"/>
                  <SP HEIGHT="50" WIDTH="16" VPOS="175" HPOS="638"/>
                  <String HEIGHT="50" WIDTH="95" VPOS="175" HPOS="590" CONTENT="in"/>
                  <SP HEIGHT="50" WIDTH="16" VPOS="175" HPOS="685"/>
                  <String HEIGHT="50" WIDTH="79" VPOS="175" HPOS="622" CONTENT="quo"/>
               </TextLine>
               <TextLine ID="line_1604626583034_3416"
                         BASELINE="258"
                         HEIGHT="38"
                         WIDTH="353"
                         VPOS="220"
                         HPOS="346">
                  <String HEIGHT="38"
                          WIDTH="196"
                          VPOS="220"
                          HPOS="333"
                          CONTENT="ldistinctae"/>
                  <SP HEIGHT="38" WIDTH="13" VPOS="220" HPOS="529"/>
                  <String HEIGHT="38"
                          WIDTH="105"
                          VPOS="220"
                          HPOS="490"
                          CONTENT="sunt"/>
                  <SP HEIGHT="38" WIDTH="13" VPOS="220" HPOS="594"/>
                  <String HEIGHT="38"
                          WIDTH="157"
                          VPOS="220"
                          HPOS="542"
                          CONTENT="significa"
                          SUBS_TYPE="HypPart1"
                          SUBS_CONTENT="significaltiones"/>
                  <HYP CONTENT="-"/>
               </TextLine>
               <TextLine ID="line_1604626588472_3424"
                         BASELINE="306"
                         HEIGHT="63"
                         WIDTH="359"
                         VPOS="243"
                         HPOS="345">
                  <String HEIGHT="63"
                          WIDTH="152"
                          VPOS="243"
                          HPOS="331"
                          CONTENT="ltiones"
                          SUBS_TYPE="HypPart2"
                          SUBS_CONTENT="significaltiones"/>
                  <SP HEIGHT="63" WIDTH="14" VPOS="243" HPOS="483"/>
                  <String HEIGHT="63"
                          WIDTH="166"
                          VPOS="243"
                          HPOS="442"
                          CONTENT="nominum."/>
                  <SP HEIGHT="63" WIDTH="14" VPOS="243" HPOS="607"/>
                  <String HEIGHT="63"
                          WIDTH="110"
                          VPOS="243"
                          HPOS="566"
                          CONTENT="D.d."/>
                  <SP HEIGHT="63" WIDTH="14" VPOS="243" HPOS="676"/>
                  <String HEIGHT="63" WIDTH="83" VPOS="243" HPOS="621" CONTENT="D.tu"/>
               </TextLine>
               <TextLine ID="r3l6"
                         BASELINE="337"
                         HEIGHT="44"
                         WIDTH="500"
                         VPOS="293"
                         HPOS="201">
                  <String HEIGHT="44"
                          WIDTH="107"
                          VPOS="293"
                          HPOS="189"
                          CONTENT="enim,"/>
                  <SP HEIGHT="44" WIDTH="12" VPOS="293" HPOS="296"/>
                  <String HEIGHT="44" WIDTH="83" VPOS="293" HPOS="261" CONTENT="&amp;c."/>
                  <SP HEIGHT="44" WIDTH="12" VPOS="293" HPOS="344"/>
                  <String HEIGHT="44" WIDTH="71" VPOS="293" HPOS="308" CONTENT="i."/>
                  <SP HEIGHT="44" WIDTH="12" VPOS="293" HPOS="380"/>
                  <String HEIGHT="44"
                          WIDTH="143"
                          VPOS="293"
                          HPOS="344"
                          CONTENT="quoniam,"/>
                  <SP HEIGHT="44" WIDTH="12" VPOS="293" HPOS="487"/>
                  <String HEIGHT="44" WIDTH="60" VPOS="293" HPOS="451" CONTENT="&amp;"/>
                  <SP HEIGHT="44" WIDTH="12" VPOS="293" HPOS="511"/>
                  <String HEIGHT="44" WIDTH="71" VPOS="293" HPOS="475" CONTENT="si"/>
                  <SP HEIGHT="44" WIDTH="12" VPOS="293" HPOS="546"/>
                  <String HEIGHT="44"
                          WIDTH="107"
                          VPOS="293"
                          HPOS="511"
                          CONTENT="illic"/>
                  <SP HEIGHT="44" WIDTH="12" VPOS="293" HPOS="618"/>
                  <String HEIGHT="44"
                          WIDTH="131"
                          VPOS="293"
                          HPOS="570"
                          CONTENT="numeraui"
                          SUBS_TYPE="HypPart1"
                          SUBS_CONTENT="numerauimus"/>
                  <HYP CONTENT="-"/>
               </TextLine>
               <TextLine ID="r3l7"
                         BASELINE="381"
                         HEIGHT="48"
                         WIDTH="497"
                         VPOS="333"
                         HPOS="209">
                  <String HEIGHT="48"
                          WIDTH="92"
                          VPOS="333"
                          HPOS="196"
                          CONTENT="mus"
                          SUBS_TYPE="HypPart2"
                          SUBS_CONTENT="numerauimus"/>
                  <SP HEIGHT="48" WIDTH="13" VPOS="333" HPOS="287"/>
                  <String HEIGHT="48"
                          WIDTH="131"
                          VPOS="333"
                          HPOS="248"
                          CONTENT="plura,"/>
                  <SP HEIGHT="48" WIDTH="13" VPOS="333" HPOS="379"/>
                  <String HEIGHT="48" WIDTH="78" VPOS="333" HPOS="340" CONTENT="de"/>
                  <SP HEIGHT="48" WIDTH="13" VPOS="333" HPOS="418"/>
                  <String HEIGHT="48"
                          WIDTH="131"
                          VPOS="333"
                          HPOS="379"
                          CONTENT="quibus"/>
                  <SP HEIGHT="48" WIDTH="13" VPOS="333" HPOS="510"/>
                  <String HEIGHT="48"
                          WIDTH="144"
                          VPOS="333"
                          HPOS="471"
                          CONTENT="dicitur"/>
                  <SP HEIGHT="48" WIDTH="13" VPOS="333" HPOS="614"/>
                  <String HEIGHT="48" WIDTH="92" VPOS="333" HPOS="575" CONTENT="hoc"/>
                  <SP HEIGHT="48" WIDTH="13" VPOS="333" HPOS="667"/>
                  <String HEIGHT="48"
                          WIDTH="92"
                          VPOS="333"
                          HPOS="614"
                          CONTENT="nomen"/>
               </TextLine>
               <TextLine ID="r3l8"
                         BASELINE="418"
                         HEIGHT="50"
                         WIDTH="494"
                         VPOS="368"
                         HPOS="204">
                  <String HEIGHT="50"
                          WIDTH="131"
                          VPOS="368"
                          HPOS="189"
                          CONTENT="vnam,"/>
                  <SP HEIGHT="50" WIDTH="15" VPOS="368" HPOS="320"/>
                  <String HEIGHT="50"
                          WIDTH="174"
                          VPOS="368"
                          HPOS="277"
                          CONTENT="videntur"/>
                  <SP HEIGHT="50" WIDTH="15" VPOS="368" HPOS="451"/>
                  <String HEIGHT="50"
                          WIDTH="174"
                          VPOS="368"
                          HPOS="407"
                          CONTENT="concludi"/>
                  <SP HEIGHT="50" WIDTH="15" VPOS="368" HPOS="582"/>
                  <String HEIGHT="50" WIDTH="87" VPOS="368" HPOS="538" CONTENT="in"/>
                  <SP HEIGHT="50" WIDTH="15" VPOS="368" HPOS="625"/>
                  <String HEIGHT="50"
                          WIDTH="131"
                          VPOS="368"
                          HPOS="567"
                          CONTENT="quatuos"/>
               </TextLine>
               <TextLine ID="r3l9"
                         BASELINE="460"
                         HEIGHT="53"
                         WIDTH="500"
                         VPOS="407"
                         HPOS="204">
                  <String HEIGHT="53"
                          WIDTH="171"
                          VPOS="407"
                          HPOS="191"
                          CONTENT="generibus"/>
                  <SP HEIGHT="53" WIDTH="13" VPOS="407" HPOS="362"/>
                  <String HEIGHT="53"
                          WIDTH="145"
                          VPOS="407"
                          HPOS="322"
                          CONTENT="primis:"/>
                  <SP HEIGHT="53" WIDTH="13" VPOS="407" HPOS="467"/>
                  <String HEIGHT="53" WIDTH="66" VPOS="407" HPOS="428" CONTENT="&amp;"/>
                  <SP HEIGHT="53" WIDTH="13" VPOS="407" HPOS="493"/>
                  <String HEIGHT="53"
                          WIDTH="105"
                          VPOS="407"
                          HPOS="454"
                          CONTENT="sunt"/>
                  <SP HEIGHT="53" WIDTH="13" VPOS="407" HPOS="559"/>
                  <String HEIGHT="53"
                          WIDTH="118"
                          VPOS="407"
                          HPOS="520"
                          CONTENT="illa,"/>
                  <SP HEIGHT="53" WIDTH="13" VPOS="407" HPOS="638"/>
                  <String HEIGHT="53"
                          WIDTH="105"
                          VPOS="407"
                          HPOS="599"
                          CONTENT="quae"/>
                  <SP HEIGHT="53" WIDTH="13" VPOS="407" HPOS="704"/>
                  <String HEIGHT="53" WIDTH="53" VPOS="407" HPOS="651" CONTENT="di"/>
               </TextLine>
               <TextLine ID="r3l10"
                         BASELINE="490"
                         HEIGHT="38"
                         WIDTH="499"
                         VPOS="452"
                         HPOS="206">
                  <String HEIGHT="38"
                          WIDTH="143"
                          VPOS="452"
                          HPOS="192"
                          CONTENT="cuntur"/>
                  <SP HEIGHT="38" WIDTH="14" VPOS="452" HPOS="334"/>
                  <String HEIGHT="38"
                          WIDTH="114"
                          VPOS="452"
                          HPOS="292"
                          CONTENT="vnum"/>
                  <SP HEIGHT="38" WIDTH="14" VPOS="452" HPOS="406"/>
                  <String HEIGHT="38" WIDTH="100" VPOS="452" HPOS="363" CONTENT="per"/>
                  <SP HEIGHT="38" WIDTH="14" VPOS="452" HPOS="463"/>
                  <String HEIGHT="38" WIDTH="100" VPOS="452" HPOS="420" CONTENT="se,"/>
                  <SP HEIGHT="38" WIDTH="14" VPOS="452" HPOS="520"/>
                  <String HEIGHT="38" WIDTH="100" VPOS="452" HPOS="477" CONTENT="non"/>
                  <SP HEIGHT="38" WIDTH="14" VPOS="452" HPOS="577"/>
                  <String HEIGHT="38" WIDTH="100" VPOS="452" HPOS="534" CONTENT="per"/>
                  <SP HEIGHT="38" WIDTH="14" VPOS="452" HPOS="634"/>
                  <String HEIGHT="38"
                          WIDTH="128"
                          VPOS="452"
                          HPOS="577"
                          CONTENT="accins,"/>
               </TextLine>
               <TextLine ID="r3l11"
                         BASELINE="530"
                         HEIGHT="43"
                         WIDTH="478"
                         VPOS="487"
                         HPOS="225">
                  <String HEIGHT="43" WIDTH="82" VPOS="487" HPOS="211" CONTENT="D."/>
                  <SP HEIGHT="43" WIDTH="14" VPOS="487" HPOS="293"/>
                  <String HEIGHT="43"
                          WIDTH="164"
                          VPOS="487"
                          HPOS="252"
                          CONTENT="incoepit"/>
                  <SP HEIGHT="43" WIDTH="14" VPOS="487" HPOS="416"/>
                  <String HEIGHT="43"
                          WIDTH="164"
                          VPOS="487"
                          HPOS="375"
                          CONTENT="numerare"/>
                  <SP HEIGHT="43" WIDTH="14" VPOS="487" HPOS="539"/>
                  <String HEIGHT="43"
                          WIDTH="123"
                          VPOS="487"
                          HPOS="498"
                          CONTENT="illa,"/>
                  <SP HEIGHT="43" WIDTH="14" VPOS="487" HPOS="621"/>
                  <String HEIGHT="43" WIDTH="68" VPOS="487" HPOS="580" CONTENT="&amp;"/>
                  <SP HEIGHT="43" WIDTH="14" VPOS="487" HPOS="648"/>
                  <String HEIGHT="43" WIDTH="82" VPOS="487" HPOS="607" CONTENT="d."/>
                  <SP HEIGHT="43" WIDTH="14" VPOS="487" HPOS="689"/>
                  <String HEIGHT="43" WIDTH="68" VPOS="487" HPOS="635" CONTENT="Est"/>
               </TextLine>
               <TextLine ID="r3l12"
                         BASELINE="571"
                         HEIGHT="39"
                         WIDTH="505"
                         VPOS="532"
                         HPOS="198">
                  <String HEIGHT="39"
                          WIDTH="119"
                          VPOS="532"
                          HPOS="183"
                          CONTENT="enim"/>
                  <SP HEIGHT="39" WIDTH="15" VPOS="532" HPOS="302"/>
                  <String HEIGHT="39"
                          WIDTH="208"
                          VPOS="532"
                          HPOS="257"
                          CONTENT="continuum,"/>
                  <SP HEIGHT="39" WIDTH="15" VPOS="532" HPOS="465"/>
                  <String HEIGHT="39" WIDTH="104" VPOS="532" HPOS="421" CONTENT="&amp;c."/>
                  <SP HEIGHT="39" WIDTH="15" VPOS="532" HPOS="525"/>
                  <String HEIGHT="39" WIDTH="89" VPOS="532" HPOS="480" CONTENT="i."/>
                  <SP HEIGHT="39" WIDTH="15" VPOS="532" HPOS="569"/>
                  <String HEIGHT="39" WIDTH="74" VPOS="532" HPOS="525" CONTENT="&amp;"/>
                  <SP HEIGHT="39" WIDTH="15" VPOS="532" HPOS="599"/>
                  <String HEIGHT="39"
                          WIDTH="119"
                          VPOS="532"
                          HPOS="554"
                          CONTENT="vnus"/>
                  <SP HEIGHT="39" WIDTH="15" VPOS="532" HPOS="673"/>
                  <String HEIGHT="39" WIDTH="89" VPOS="532" HPOS="614" CONTENT="isto"/>
               </TextLine>
               <TextLine ID="r3l13"
                         BASELINE="610"
                         HEIGHT="45"
                         WIDTH="512"
                         VPOS="565"
                         HPOS="201">
                  <String HEIGHT="45" WIDTH="90" VPOS="565" HPOS="188" CONTENT="rum"/>
                  <SP HEIGHT="45" WIDTH="13" VPOS="565" HPOS="278"/>
                  <String HEIGHT="45"
                          WIDTH="154"
                          VPOS="565"
                          HPOS="239"
                          CONTENT="modorum,"/>
                  <SP HEIGHT="45" WIDTH="13" VPOS="565" HPOS="393"/>
                  <String HEIGHT="45" WIDTH="77" VPOS="565" HPOS="355" CONTENT="de"/>
                  <SP HEIGHT="45" WIDTH="13" VPOS="565" HPOS="431"/>
                  <String HEIGHT="45"
                          WIDTH="128"
                          VPOS="565"
                          HPOS="393"
                          CONTENT="quibus"/>
                  <SP HEIGHT="45" WIDTH="13" VPOS="565" HPOS="521"/>
                  <String HEIGHT="45"
                          WIDTH="141"
                          VPOS="565"
                          HPOS="483"
                          CONTENT="dicitur"/>
                  <SP HEIGHT="45" WIDTH="13" VPOS="565" HPOS="623"/>
                  <String HEIGHT="45"
                          WIDTH="115"
                          VPOS="565"
                          HPOS="585"
                          CONTENT="vnum,"/>
                  <SP HEIGHT="45" WIDTH="13" VPOS="565" HPOS="700"/>
                  <String HEIGHT="45" WIDTH="64" VPOS="565" HPOS="649" CONTENT="est"/>
               </TextLine>
               <TextLine ID="r3l14"
                         BASELINE="650"
                         HEIGHT="45"
                         WIDTH="498"
                         VPOS="605"
                         HPOS="197">
                  <String HEIGHT="45"
                          WIDTH="205"
                          VPOS="605"
                          HPOS="182"
                          CONTENT="continuum,"/>
                  <SP HEIGHT="45" WIDTH="15" VPOS="605" HPOS="387"/>
                  <String HEIGHT="45" WIDTH="103" VPOS="605" HPOS="343" CONTENT="aut"/>
                  <SP HEIGHT="45" WIDTH="15" VPOS="605" HPOS="446"/>
                  <String HEIGHT="45"
                          WIDTH="176"
                          VPOS="605"
                          HPOS="402"
                          CONTENT="simplex,"/>
                  <SP HEIGHT="45" WIDTH="15" VPOS="605" HPOS="578"/>
                  <String HEIGHT="45" WIDTH="103" VPOS="605" HPOS="534" CONTENT="aut"/>
                  <SP HEIGHT="45" WIDTH="15" VPOS="605" HPOS="636"/>
                  <String HEIGHT="45"
                          WIDTH="117"
                          VPOS="605"
                          HPOS="578"
                          CONTENT="secun"
                          SUBS_TYPE="HypPart1"
                          SUBS_CONTENT="secundum"/>
                  <HYP CONTENT="-"/>
               </TextLine>
               <TextLine ID="r3l15"
                         BASELINE="682"
                         HEIGHT="37"
                         WIDTH="499"
                         VPOS="645"
                         HPOS="204">
                  <String HEIGHT="37"
                          WIDTH="94"
                          VPOS="645"
                          HPOS="191"
                          CONTENT="dum"
                          SUBS_TYPE="HypPart2"
                          SUBS_CONTENT="secundum"/>
                  <SP HEIGHT="37" WIDTH="13" VPOS="645" HPOS="285"/>
                  <String HEIGHT="37"
                          WIDTH="135"
                          VPOS="645"
                          HPOS="244"
                          CONTENT="prius."/>
                  <SP HEIGHT="37" WIDTH="13" VPOS="645" HPOS="379"/>
                  <String HEIGHT="37" WIDTH="67" VPOS="645" HPOS="339" CONTENT="&amp;"/>
                  <SP HEIGHT="37" WIDTH="13" VPOS="645" HPOS="406"/>
                  <String HEIGHT="37" WIDTH="94" VPOS="645" HPOS="366" CONTENT="hoc"/>
                  <SP HEIGHT="37" WIDTH="13" VPOS="645" HPOS="460"/>
                  <String HEIGHT="37" WIDTH="94" VPOS="645" HPOS="420" CONTENT="est"/>
                  <SP HEIGHT="37" WIDTH="13" VPOS="645" HPOS="514"/>
                  <String HEIGHT="37"
                          WIDTH="175"
                          VPOS="645"
                          HPOS="474"
                          CONTENT="continuum"/>
                  <SP HEIGHT="37" WIDTH="13" VPOS="645" HPOS="649"/>
                  <String HEIGHT="37" WIDTH="94" VPOS="645" HPOS="609" CONTENT="per"/>
                  <SP HEIGHT="37" WIDTH="13" VPOS="645" HPOS="703"/>
                  <String HEIGHT="37" WIDTH="54" VPOS="645" HPOS="649" CONTENT="na"/>
               </TextLine>
               <TextLine ID="r3l16"
                         BASELINE="732"
                         HEIGHT="40"
                         WIDTH="502"
                         VPOS="692"
                         HPOS="200">
                  <String HEIGHT="40"
                          WIDTH="157"
                          VPOS="692"
                          HPOS="184"
                          CONTENT="turam,"/>
                  <SP HEIGHT="40" WIDTH="16" VPOS="692" HPOS="341"/>
                  <String HEIGHT="40" WIDTH="110" VPOS="692" HPOS="294" CONTENT="non"/>
                  <SP HEIGHT="40" WIDTH="16" VPOS="692" HPOS="404"/>
                  <String HEIGHT="40"
                          WIDTH="220"
                          VPOS="692"
                          HPOS="357"
                          CONTENT="continuum."/>
                  <SP HEIGHT="40" WIDTH="16" VPOS="692" HPOS="577"/>
                  <String HEIGHT="40" WIDTH="110" VPOS="692" HPOS="529" CONTENT="per"/>
                  <SP HEIGHT="40" WIDTH="16" VPOS="692" HPOS="639"/>
                  <String HEIGHT="40"
                          WIDTH="126"
                          VPOS="692"
                          HPOS="577"
                          CONTENT="conta"
                          SUBS_TYPE="HypPart1"
                          SUBS_CONTENT="contactum,"/>
                  <HYP CONTENT="-"/>
               </TextLine>
               <TextLine ID="r3l17"
                         BASELINE="771"
                         HEIGHT="53"
                         WIDTH="500"
                         VPOS="718"
                         HPOS="201">
                  <String HEIGHT="53"
                          WIDTH="96"
                          VPOS="718"
                          HPOS="190"
                          CONTENT="ctum,"
                          SUBS_TYPE="HypPart2"
                          SUBS_CONTENT="contactum,"/>
                  <SP HEIGHT="53" WIDTH="11" VPOS="718" HPOS="286"/>
                  <String HEIGHT="53" WIDTH="74" VPOS="718" HPOS="254" CONTENT="aut"/>
                  <SP HEIGHT="53" WIDTH="11" VPOS="718" HPOS="329"/>
                  <String HEIGHT="53"
                          WIDTH="160"
                          VPOS="718"
                          HPOS="297"
                          CONTENT="ligamentum,"/>
                  <SP HEIGHT="53" WIDTH="11" VPOS="718" HPOS="456"/>
                  <String HEIGHT="53" WIDTH="53" VPOS="718" HPOS="424" CONTENT="&amp;"/>
                  <SP HEIGHT="53" WIDTH="11" VPOS="718" HPOS="478"/>
                  <String HEIGHT="53"
                          WIDTH="181"
                          VPOS="718"
                          HPOS="446"
                          CONTENT="vniversaliter"/>
                  <SP HEIGHT="53" WIDTH="11" VPOS="718" HPOS="627"/>
                  <String HEIGHT="53" WIDTH="74" VPOS="718" HPOS="595" CONTENT="per"/>
                  <SP HEIGHT="53" WIDTH="11" VPOS="718" HPOS="669"/>
                  <String HEIGHT="53"
                          WIDTH="74"
                          VPOS="718"
                          HPOS="627"
                          CONTENT="arti"
                          SUBS_TYPE="HypPart1"
                          SUBS_CONTENT="artificium."/>
                  <HYP CONTENT="-"/>
               </TextLine>
               <TextLine ID="r3l18"
                         BASELINE="802"
                         HEIGHT="43"
                         WIDTH="497"
                         VPOS="759"
                         HPOS="204">
                  <String HEIGHT="43"
                          WIDTH="152"
                          VPOS="759"
                          HPOS="190"
                          CONTENT="ficium."
                          SUBS_TYPE="HypPart2"
                          SUBS_CONTENT="artificium."/>
                  <SP HEIGHT="43" WIDTH="14" VPOS="759" HPOS="342"/>
                  <String HEIGHT="43"
                          WIDTH="110"
                          VPOS="759"
                          HPOS="301"
                          CONTENT="D.d."/>
                  <SP HEIGHT="43" WIDTH="14" VPOS="759" HPOS="411"/>
                  <String HEIGHT="43" WIDTH="69" VPOS="759" HPOS="370" CONTENT="&amp;"/>
                  <SP HEIGHT="43" WIDTH="14" VPOS="759" HPOS="439"/>
                  <String HEIGHT="43"
                          WIDTH="124"
                          VPOS="759"
                          HPOS="397"
                          CONTENT="magis"/>
                  <SP HEIGHT="43" WIDTH="14" VPOS="759" HPOS="522"/>
                  <String HEIGHT="43" WIDTH="97" VPOS="759" HPOS="480" CONTENT="qua"/>
                  <SP HEIGHT="43" WIDTH="14" VPOS="759" HPOS="577"/>
                  <String HEIGHT="43"
                          WIDTH="110"
                          VPOS="759"
                          HPOS="535"
                          CONTENT="hoc,"/>
                  <SP HEIGHT="43" WIDTH="14" VPOS="759" HPOS="646"/>
                  <String HEIGHT="43" WIDTH="97" VPOS="759" HPOS="604" CONTENT="&amp;c."/>
                  <SP HEIGHT="43" WIDTH="14" VPOS="759" HPOS="701"/>
                  <String HEIGHT="43" WIDTH="55" VPOS="759" HPOS="646" CONTENT="i."/>
               </TextLine>
               <TextLine ID="r3l19"
                         BASELINE="842"
                         HEIGHT="42"
                         WIDTH="498"
                         VPOS="800"
                         HPOS="202">
                  <String HEIGHT="42" WIDTH="100" VPOS="800" HPOS="188" CONTENT="hoc"/>
                  <SP HEIGHT="42" WIDTH="14" VPOS="800" HPOS="287"/>
                  <String HEIGHT="42"
                          WIDTH="128"
                          VPOS="800"
                          HPOS="245"
                          CONTENT="nomen"/>
                  <SP HEIGHT="42" WIDTH="14" VPOS="800" HPOS="373"/>
                  <String HEIGHT="42"
                          WIDTH="114"
                          VPOS="800"
                          HPOS="330"
                          CONTENT="vnum"/>
                  <SP HEIGHT="42" WIDTH="14" VPOS="800" HPOS="444"/>
                  <String HEIGHT="42"
                          WIDTH="157"
                          VPOS="800"
                          HPOS="401"
                          CONTENT="dicitur"/>
                  <SP HEIGHT="42" WIDTH="14" VPOS="800" HPOS="558"/>
                  <String HEIGHT="42"
                          WIDTH="128"
                          VPOS="800"
                          HPOS="515"
                          CONTENT="magis"/>
                  <SP HEIGHT="42" WIDTH="14" VPOS="800" HPOS="643"/>
                  <String HEIGHT="42" WIDTH="85" VPOS="800" HPOS="600" CONTENT="de"/>
                  <SP HEIGHT="42" WIDTH="14" VPOS="800" HPOS="686"/>
                  <String HEIGHT="42" WIDTH="71" VPOS="800" HPOS="629" CONTENT="con"/>
               </TextLine>
               <TextLine ID="r3l20"
                         BASELINE="886"
                         HEIGHT="50"
                         WIDTH="502"
                         VPOS="836"
                         HPOS="202">
                  <String HEIGHT="50"
                          WIDTH="139"
                          VPOS="836"
                          HPOS="188"
                          CONTENT="tinuis"/>
                  <SP HEIGHT="50" WIDTH="14" VPOS="836" HPOS="328"/>
                  <String HEIGHT="50" WIDTH="98" VPOS="836" HPOS="286" CONTENT="per"/>
                  <SP HEIGHT="50" WIDTH="14" VPOS="836" HPOS="383"/>
                  <String HEIGHT="50"
                          WIDTH="153"
                          VPOS="836"
                          HPOS="341"
                          CONTENT="naturam"/>
                  <SP HEIGHT="50" WIDTH="14" VPOS="836" HPOS="495"/>
                  <String HEIGHT="50" WIDTH="84" VPOS="836" HPOS="453" CONTENT="de"/>
                  <SP HEIGHT="50" WIDTH="14" VPOS="836" HPOS="537"/>
                  <String HEIGHT="50"
                          WIDTH="112"
                          VPOS="836"
                          HPOS="495"
                          CONTENT="illo"/>
                  <SP HEIGHT="50" WIDTH="14" VPOS="836" HPOS="606"/>
                  <String HEIGHT="50"
                          WIDTH="153"
                          VPOS="836"
                          HPOS="551"
                          CONTENT="continuo"
                          SUBS_TYPE="HypPart1"
                          SUBS_CONTENT="continuoquod"/>
                  <HYP CONTENT="-"/>
               </TextLine>
               <TextLine ID="r3l21"
                         BASELINE="915"
                         HEIGHT="35"
                         WIDTH="501"
                         VPOS="880"
                         HPOS="208">
                  <String HEIGHT="35"
                          WIDTH="134"
                          VPOS="880"
                          HPOS="191"
                          CONTENT="quod"
                          SUBS_TYPE="HypPart2"
                          SUBS_CONTENT="continuoquod"/>
                  <SP HEIGHT="35" WIDTH="17" VPOS="880" HPOS="325"/>
                  <String HEIGHT="35"
                          WIDTH="150"
                          VPOS="880"
                          HPOS="275"
                          CONTENT="habet"/>
                  <SP HEIGHT="35" WIDTH="17" VPOS="880" HPOS="425"/>
                  <String HEIGHT="35"
                          WIDTH="134"
                          VPOS="880"
                          HPOS="375"
                          CONTENT="vnum"/>
                  <SP HEIGHT="35" WIDTH="17" VPOS="880" HPOS="509"/>
                  <String HEIGHT="35"
                          WIDTH="150"
                          VPOS="880"
                          HPOS="459"
                          CONTENT="motum"/>
                  <SP HEIGHT="35" WIDTH="17" VPOS="880" HPOS="609"/>
                  <String HEIGHT="35"
                          WIDTH="167"
                          VPOS="880"
                          HPOS="542"
                          CONTENT="indiuisi"/>
               </TextLine>
               <TextLine ID="r3l22"
                         BASELINE="955"
                         HEIGHT="39"
                         WIDTH="493"
                         VPOS="916"
                         HPOS="210">
                  <String HEIGHT="39"
                          WIDTH="145"
                          VPOS="916"
                          HPOS="196"
                          CONTENT="bilem:"/>
                  <SP HEIGHT="39" WIDTH="15" VPOS="916" HPOS="341"/>
                  <String HEIGHT="39" WIDTH="73" VPOS="916" HPOS="297" CONTENT="&amp;"/>
                  <SP HEIGHT="39" WIDTH="15" VPOS="916" HPOS="370"/>
                  <String HEIGHT="39" WIDTH="102" VPOS="916" HPOS="326" CONTENT="hoc"/>
                  <SP HEIGHT="39" WIDTH="15" VPOS="916" HPOS="428"/>
                  <String HEIGHT="39" WIDTH="102" VPOS="916" HPOS="384" CONTENT="est"/>
                  <SP HEIGHT="39" WIDTH="15" VPOS="916" HPOS="486"/>
                  <String HEIGHT="39"
                          WIDTH="189"
                          VPOS="916"
                          HPOS="442"
                          CONTENT="continuum"/>
                  <SP HEIGHT="39" WIDTH="15" VPOS="916" HPOS="631"/>
                  <String HEIGHT="39"
                          WIDTH="131"
                          VPOS="916"
                          HPOS="573"
                          CONTENT="rectum,"/>
               </TextLine>
               <TextLine ID="r3l23"
                         BASELINE="997"
                         HEIGHT="43"
                         WIDTH="482"
                         VPOS="954"
                         HPOS="212">
                  <String HEIGHT="43"
                          WIDTH="147"
                          VPOS="954"
                          HPOS="199"
                          CONTENT="quoniam"/>
                  <SP HEIGHT="43" WIDTH="13" VPOS="954" HPOS="346"/>
                  <String HEIGHT="43"
                          WIDTH="174"
                          VPOS="954"
                          HPOS="306"
                          CONTENT="continuum"/>
                  <SP HEIGHT="43" WIDTH="13" VPOS="954" HPOS="480"/>
                  <String HEIGHT="43"
                          WIDTH="187"
                          VPOS="954"
                          HPOS="440"
                          CONTENT="tortuosum,"/>
                  <SP HEIGHT="43" WIDTH="13" VPOS="954" HPOS="627"/>
                  <String HEIGHT="43"
                          WIDTH="107"
                          VPOS="954"
                          HPOS="587"
                          CONTENT="quod"/>
                  <SP HEIGHT="43" WIDTH="13" VPOS="954" HPOS="694"/>
                  <String HEIGHT="43" WIDTH="54" VPOS="954" HPOS="640" CONTENT="ha"/>
               </TextLine>
               <TextLine ID="r3l24"
                         BASELINE="1034"
                         HEIGHT="44"
                         WIDTH="506"
                         VPOS="990"
                         HPOS="204">
                  <String HEIGHT="44" WIDTH="82" VPOS="990" HPOS="192" CONTENT="bet"/>
                  <SP HEIGHT="44" WIDTH="12" VPOS="990" HPOS="275"/>
                  <String HEIGHT="44"
                          WIDTH="129"
                          VPOS="990"
                          HPOS="239"
                          CONTENT="angulos"/>
                  <SP HEIGHT="44" WIDTH="12" VPOS="990" HPOS="369"/>
                  <String HEIGHT="44" WIDTH="82" VPOS="990" HPOS="333" CONTENT="non"/>
                  <SP HEIGHT="44" WIDTH="12" VPOS="990" HPOS="416"/>
                  <String HEIGHT="44"
                          WIDTH="129"
                          VPOS="990"
                          HPOS="381"
                          CONTENT="mouetur"/>
                  <SP HEIGHT="44" WIDTH="12" VPOS="990" HPOS="510"/>
                  <String HEIGHT="44"
                          WIDTH="141"
                          VPOS="990"
                          HPOS="475"
                          CONTENT="secundum"/>
                  <SP HEIGHT="44" WIDTH="12" VPOS="990" HPOS="616"/>
                  <String HEIGHT="44"
                          WIDTH="106"
                          VPOS="990"
                          HPOS="581"
                          CONTENT="omnes"/>
                  <SP HEIGHT="44" WIDTH="12" VPOS="990" HPOS="686"/>
                  <String HEIGHT="44" WIDTH="71" VPOS="990" HPOS="639" CONTENT="suas"/>
               </TextLine>
               <TextLine ID="r3l25"
                         BASELINE="1081"
                         HEIGHT="48"
                         WIDTH="479"
                         VPOS="1033"
                         HPOS="214">
                  <String HEIGHT="48"
                          WIDTH="129"
                          VPOS="1033"
                          HPOS="201"
                          CONTENT="partes"/>
                  <SP HEIGHT="48" WIDTH="13" VPOS="1033" HPOS="331"/>
                  <String HEIGHT="48"
                          WIDTH="104"
                          VPOS="1033"
                          HPOS="292"
                          CONTENT="motu"/>
                  <SP HEIGHT="48" WIDTH="13" VPOS="1033" HPOS="395"/>
                  <String HEIGHT="48"
                          WIDTH="142"
                          VPOS="1033"
                          HPOS="356"
                          CONTENT="aequali"/>
                  <SP HEIGHT="48" WIDTH="13" VPOS="1033" HPOS="499"/>
                  <String HEIGHT="48"
                          WIDTH="129"
                          VPOS="1033"
                          HPOS="460"
                          CONTENT="quando"/>
                  <SP HEIGHT="48" WIDTH="13" VPOS="1033" HPOS="589"/>
                  <String HEIGHT="48"
                          WIDTH="142"
                          VPOS="1033"
                          HPOS="551"
                          CONTENT="mouetur"/>
                  <SP HEIGHT="48" WIDTH="13" VPOS="1033" HPOS="693"/>
                  <String HEIGHT="48" WIDTH="52" VPOS="1033" HPOS="641" CONTENT="se"/>
               </TextLine>
               <TextLine ID="r3l26"
                         BASELINE="1114"
                         HEIGHT="41"
                         WIDTH="500"
                         VPOS="1073"
                         HPOS="211">
                  <String HEIGHT="41"
                          WIDTH="167"
                          VPOS="1073"
                          HPOS="194"
                          CONTENT="cundum"/>
                  <SP HEIGHT="41" WIDTH="17" VPOS="1073" HPOS="361"/>
                  <String HEIGHT="41"
                          WIDTH="167"
                          VPOS="1073"
                          HPOS="311"
                          CONTENT="totum."/>
                  <SP HEIGHT="41" WIDTH="17" VPOS="1073" HPOS="478"/>
                  <String HEIGHT="41" WIDTH="83" VPOS="1073" HPOS="428" CONTENT="&amp;"/>
                  <SP HEIGHT="41" WIDTH="17" VPOS="1073" HPOS="511"/>
                  <String HEIGHT="41"
                          WIDTH="117"
                          VPOS="1073"
                          HPOS="461"
                          CONTENT="hoc"/>
                  <SP HEIGHT="41" WIDTH="17" VPOS="1073" HPOS="578"/>
                  <String HEIGHT="41"
                          WIDTH="200"
                          VPOS="1073"
                          HPOS="511"
                          CONTENT="intendebat"/>
               </TextLine>
               <TextLine ID="r3l27"
                         BASELINE="1162"
                         HEIGHT="52"
                         WIDTH="492"
                         VPOS="1110"
                         HPOS="211">
                  <String HEIGHT="52"
                          WIDTH="104"
                          VPOS="1110"
                          HPOS="196"
                          CONTENT="cum"/>
                  <SP HEIGHT="52" WIDTH="15" VPOS="1110" HPOS="300"/>
                  <String HEIGHT="52" WIDTH="75" VPOS="1110" HPOS="256" CONTENT="d"/>
                  <SP HEIGHT="52" WIDTH="15" VPOS="1110" HPOS="330"/>
                  <String HEIGHT="52" WIDTH="75" VPOS="1110" HPOS="286" CONTENT="&amp;"/>
                  <SP HEIGHT="52" WIDTH="15" VPOS="1110" HPOS="360"/>
                  <String HEIGHT="52"
                          WIDTH="104"
                          VPOS="1110"
                          HPOS="315"
                          CONTENT="est"/>
                  <SP HEIGHT="52" WIDTH="15" VPOS="1110" HPOS="420"/>
                  <String HEIGHT="52"
                          WIDTH="134"
                          VPOS="1110"
                          HPOS="375"
                          CONTENT="magis"/>
                  <SP HEIGHT="52" WIDTH="15" VPOS="1110" HPOS="509"/>
                  <String HEIGHT="52"
                          WIDTH="179"
                          VPOS="1110"
                          HPOS="464"
                          CONTENT="simplex."/>
                  <SP HEIGHT="52" WIDTH="15" VPOS="1110" HPOS="643"/>
                  <String HEIGHT="52"
                          WIDTH="119"
                          VPOS="1110"
                          HPOS="584"
                          CONTENT="Deinde"/>
               </TextLine>
               <TextLine ID="r3l28"
                         BASELINE="1186"
                         HEIGHT="40"
                         WIDTH="499"
                         VPOS="1146"
                         HPOS="202">
                  <String HEIGHT="40"
                          WIDTH="183"
                          VPOS="1146"
                          HPOS="185"
                          CONTENT="induxit"/>
                  <SP HEIGHT="40" WIDTH="17" VPOS="1146" HPOS="368"/>
                  <String HEIGHT="40"
                          WIDTH="200"
                          VPOS="1146"
                          HPOS="318"
                          CONTENT="secundum"/>
                  <SP HEIGHT="40" WIDTH="17" VPOS="1146" HPOS="518"/>
                  <String HEIGHT="40"
                          WIDTH="150"
                          VPOS="1146"
                          HPOS="468"
                          CONTENT="modum"/>
                  <SP HEIGHT="40" WIDTH="17" VPOS="1146" HPOS="618"/>
                  <String HEIGHT="40"
                          WIDTH="150"
                          VPOS="1146"
                          HPOS="551"
                          CONTENT="illorum"/>
               </TextLine>
               <TextLine ID="r3l29"
                         BASELINE="1236"
                         HEIGHT="41"
                         WIDTH="500"
                         VPOS="1195"
                         HPOS="209">
                  <String HEIGHT="41"
                          WIDTH="167"
                          VPOS="1195"
                          HPOS="195"
                          CONTENT="quatuor,"/>
                  <SP HEIGHT="41" WIDTH="14" VPOS="1195" HPOS="362"/>
                  <String HEIGHT="41" WIDTH="69" VPOS="1195" HPOS="320" CONTENT="&amp;"/>
                  <SP HEIGHT="41" WIDTH="14" VPOS="1195" HPOS="390"/>
                  <String HEIGHT="41" WIDTH="83" VPOS="1195" HPOS="348" CONTENT="d."/>
                  <SP HEIGHT="41" WIDTH="14" VPOS="1195" HPOS="431"/>
                  <String HEIGHT="41" WIDTH="83" VPOS="1195" HPOS="390" CONTENT="Et"/>
                  <SP HEIGHT="41" WIDTH="14" VPOS="1195" HPOS="473"/>
                  <String HEIGHT="41"
                          WIDTH="125"
                          VPOS="1195"
                          HPOS="431"
                          CONTENT="etiam"/>
                  <SP HEIGHT="41" WIDTH="14" VPOS="1195" HPOS="556"/>
                  <String HEIGHT="41" WIDTH="97" VPOS="1195" HPOS="515" CONTENT="est"/>
                  <SP HEIGHT="41" WIDTH="14" VPOS="1195" HPOS="612"/>
                  <String HEIGHT="41"
                          WIDTH="125"
                          VPOS="1195"
                          HPOS="570"
                          CONTENT="tale,"/>
                  <SP HEIGHT="41" WIDTH="14" VPOS="1195" HPOS="695"/>
                  <String HEIGHT="41" WIDTH="69" VPOS="1195" HPOS="640" CONTENT="aut"/>
               </TextLine>
               <TextLine ID="r3l30"
                         BASELINE="1277"
                         HEIGHT="52"
                         WIDTH="509"
                         VPOS="1225"
                         HPOS="202">
                  <String HEIGHT="52"
                          WIDTH="154"
                          VPOS="1225"
                          HPOS="187"
                          CONTENT="magis,"/>
                  <SP HEIGHT="52" WIDTH="15" VPOS="1225" HPOS="341"/>
                  <String HEIGHT="52"
                          WIDTH="108"
                          VPOS="1225"
                          HPOS="295"
                          CONTENT="&amp;c."/>
                  <SP HEIGHT="52" WIDTH="15" VPOS="1225" HPOS="403"/>
                  <String HEIGHT="52" WIDTH="93" VPOS="1225" HPOS="356" CONTENT="i."/>
                  <SP HEIGHT="52" WIDTH="15" VPOS="1225" HPOS="449"/>
                  <String HEIGHT="52" WIDTH="77" VPOS="1225" HPOS="403" CONTENT="&amp;"/>
                  <SP HEIGHT="52" WIDTH="15" VPOS="1225" HPOS="480"/>
                  <String HEIGHT="52"
                          WIDTH="108"
                          VPOS="1225"
                          HPOS="433"
                          CONTENT="hoc"/>
                  <SP HEIGHT="52" WIDTH="15" VPOS="1225" HPOS="541"/>
                  <String HEIGHT="52"
                          WIDTH="139"
                          VPOS="1225"
                          HPOS="495"
                          CONTENT="nomen"/>
                  <SP HEIGHT="52" WIDTH="15" VPOS="1225" HPOS="634"/>
                  <String HEIGHT="52"
                          WIDTH="123"
                          VPOS="1225"
                          HPOS="588"
                          CONTENT="vnum"/>
                  <SP HEIGHT="52" WIDTH="15" VPOS="1225" HPOS="711"/>
                  <String HEIGHT="52" WIDTH="62" VPOS="1225" HPOS="649" CONTENT="di"/>
               </TextLine>
               <TextLine ID="r3l31"
                         BASELINE="1316"
                         HEIGHT="41"
                         WIDTH="504"
                         VPOS="1275"
                         HPOS="204">
                  <String HEIGHT="41"
                          WIDTH="133"
                          VPOS="1275"
                          HPOS="191"
                          CONTENT="citur,"/>
                  <SP HEIGHT="41" WIDTH="13" VPOS="1275" HPOS="323"/>
                  <String HEIGHT="41"
                          WIDTH="119"
                          VPOS="1275"
                          HPOS="284"
                          CONTENT="sicut"/>
                  <SP HEIGHT="41" WIDTH="13" VPOS="1275" HPOS="403"/>
                  <String HEIGHT="41" WIDTH="80" VPOS="1275" HPOS="363" CONTENT="de"/>
                  <SP HEIGHT="41" WIDTH="13" VPOS="1275" HPOS="443"/>
                  <String HEIGHT="41"
                          WIDTH="172"
                          VPOS="1275"
                          HPOS="403"
                          CONTENT="continuo,"/>
                  <SP HEIGHT="41" WIDTH="13" VPOS="1275" HPOS="575"/>
                  <String HEIGHT="41" WIDTH="93" VPOS="1275" HPOS="536" CONTENT="aut"/>
                  <SP HEIGHT="41" WIDTH="13" VPOS="1275" HPOS="628"/>
                  <String HEIGHT="41"
                          WIDTH="119"
                          VPOS="1275"
                          HPOS="589"
                          CONTENT="magis"/>
                  <SP HEIGHT="41" WIDTH="13" VPOS="1275" HPOS="708"/>
                  <String HEIGHT="41" WIDTH="53" VPOS="1275" HPOS="655" CONTENT="de"/>
               </TextLine>
               <TextLine ID="r3l32"
                         BASELINE="1354"
                         HEIGHT="48"
                         WIDTH="501"
                         VPOS="1306"
                         HPOS="206">
                  <String HEIGHT="48"
                          WIDTH="122"
                          VPOS="1306"
                          HPOS="192"
                          CONTENT="toto,"/>
                  <SP HEIGHT="48" WIDTH="14" VPOS="1306" HPOS="314"/>
                  <String HEIGHT="48"
                          WIDTH="108"
                          VPOS="1306"
                          HPOS="274"
                          CONTENT="quod"/>
                  <SP HEIGHT="48" WIDTH="14" VPOS="1306" HPOS="382"/>
                  <String HEIGHT="48" WIDTH="95" VPOS="1306" HPOS="341" CONTENT="est"/>
                  <SP HEIGHT="48" WIDTH="14" VPOS="1306" HPOS="436"/>
                  <String HEIGHT="48"
                          WIDTH="135"
                          VPOS="1306"
                          HPOS="396"
                          CONTENT="totum,"/>
                  <SP HEIGHT="48" WIDTH="14" VPOS="1306" HPOS="531"/>
                  <String HEIGHT="48" WIDTH="68" VPOS="1306" HPOS="490" CONTENT="&amp;"/>
                  <SP HEIGHT="48" WIDTH="14" VPOS="1306" HPOS="558"/>
                  <String HEIGHT="48"
                          WIDTH="176"
                          VPOS="1306"
                          HPOS="517"
                          CONTENT="continuum"/>
                  <SP HEIGHT="48" WIDTH="14" VPOS="1306" HPOS="693"/>
                  <String HEIGHT="48" WIDTH="68" VPOS="1306" HPOS="639" CONTENT="per"/>
               </TextLine>
               <TextLine ID="r3l33"
                         BASELINE="1391"
                         HEIGHT="48"
                         WIDTH="499"
                         VPOS="1343"
                         HPOS="206">
                  <String HEIGHT="48"
                          WIDTH="151"
                          VPOS="1343"
                          HPOS="191"
                          CONTENT="formam"/>
                  <SP HEIGHT="48" WIDTH="15" VPOS="1343" HPOS="342"/>
                  <String HEIGHT="48"
                          WIDTH="212"
                          VPOS="1343"
                          HPOS="297"
                          CONTENT="existentem"/>
                  <SP HEIGHT="48" WIDTH="15" VPOS="1343" HPOS="508"/>
                  <String HEIGHT="48" WIDTH="91" VPOS="1343" HPOS="463" CONTENT="in"/>
                  <SP HEIGHT="48" WIDTH="15" VPOS="1343" HPOS="554"/>
                  <String HEIGHT="48"
                          WIDTH="136"
                          VPOS="1343"
                          HPOS="508"
                          CONTENT="ipso."/>
                  <SP HEIGHT="48" WIDTH="15" VPOS="1343" HPOS="645"/>
                  <String HEIGHT="48" WIDTH="76" VPOS="1343" HPOS="599" CONTENT="&amp;"/>
                  <SP HEIGHT="48" WIDTH="15" VPOS="1343" HPOS="675"/>
                  <String HEIGHT="48"
                          WIDTH="91"
                          VPOS="1343"
                          HPOS="614"
                          CONTENT="haec"/>
               </TextLine>
               <TextLine ID="r3l34"
                         BASELINE="1425"
                         HEIGHT="45"
                         WIDTH="494"
                         VPOS="1380"
                         HPOS="210">
                  <String HEIGHT="45"
                          WIDTH="105"
                          VPOS="1380"
                          HPOS="195"
                          CONTENT="est"/>
                  <SP HEIGHT="45" WIDTH="15" VPOS="1380" HPOS="300"/>
                  <String HEIGHT="45"
                          WIDTH="210"
                          VPOS="1380"
                          HPOS="255"
                          CONTENT="dispositio"/>
                  <SP HEIGHT="45" WIDTH="15" VPOS="1380" HPOS="464"/>
                  <String HEIGHT="45"
                          WIDTH="240"
                          VPOS="1380"
                          HPOS="420"
                          CONTENT="indiuiduorum"/>
                  <SP HEIGHT="45" WIDTH="15" VPOS="1380" HPOS="659"/>
                  <String HEIGHT="45"
                          WIDTH="105"
                          VPOS="1380"
                          HPOS="599"
                          CONTENT="haben"/>
               </TextLine>
               <TextLine ID="r3l35"
                         BASELINE="1471"
                         HEIGHT="51"
                         WIDTH="503"
                         VPOS="1420"
                         HPOS="209">
                  <String HEIGHT="51"
                          WIDTH="122"
                          VPOS="1420"
                          HPOS="194"
                          CONTENT="tium"/>
                  <SP HEIGHT="51" WIDTH="15" VPOS="1420" HPOS="316"/>
                  <String HEIGHT="51"
                          WIDTH="168"
                          VPOS="1420"
                          HPOS="270"
                          CONTENT="formas,"/>
                  <SP HEIGHT="51" WIDTH="15" VPOS="1420" HPOS="438"/>
                  <String HEIGHT="51" WIDTH="76" VPOS="1420" HPOS="392" CONTENT="&amp;"/>
                  <SP HEIGHT="51" WIDTH="15" VPOS="1420" HPOS="468"/>
                  <String HEIGHT="51" WIDTH="91" VPOS="1420" HPOS="422" CONTENT="d."/>
                  <SP HEIGHT="51" WIDTH="15" VPOS="1420" HPOS="514"/>
                  <String HEIGHT="51"
                          WIDTH="107"
                          VPOS="1420"
                          HPOS="468"
                          CONTENT="aut"/>
                  <SP HEIGHT="51" WIDTH="15" VPOS="1420" HPOS="575"/>
                  <String HEIGHT="51"
                          WIDTH="152"
                          VPOS="1420"
                          HPOS="529"
                          CONTENT="magis,"/>
                  <SP HEIGHT="51" WIDTH="15" VPOS="1420" HPOS="682"/>
                  <String HEIGHT="51"
                          WIDTH="91"
                          VPOS="1420"
                          HPOS="621"
                          CONTENT="quia"/>
               </TextLine>
               <TextLine ID="r3l36"
                         BASELINE="1498"
                         HEIGHT="38"
                         WIDTH="498"
                         VPOS="1460"
                         HPOS="211">
                  <String HEIGHT="38"
                          WIDTH="121"
                          VPOS="1460"
                          HPOS="198"
                          CONTENT="causa"/>
                  <SP HEIGHT="38" WIDTH="13" VPOS="1460" HPOS="319"/>
                  <String HEIGHT="38" WIDTH="81" VPOS="1460" HPOS="278" CONTENT="in"/>
                  <SP HEIGHT="38" WIDTH="13" VPOS="1460" HPOS="359"/>
                  <String HEIGHT="38"
                          WIDTH="108"
                          VPOS="1460"
                          HPOS="319"
                          CONTENT="hoc,"/>
                  <SP HEIGHT="38" WIDTH="13" VPOS="1460" HPOS="426"/>
                  <String HEIGHT="38"
                          WIDTH="108"
                          VPOS="1460"
                          HPOS="386"
                          CONTENT="quod"/>
                  <SP HEIGHT="38" WIDTH="13" VPOS="1460" HPOS="494"/>
                  <String HEIGHT="38"
                          WIDTH="188"
                          VPOS="1460"
                          HPOS="453"
                          CONTENT="indiuiduum"/>
                  <SP HEIGHT="38" WIDTH="13" VPOS="1460" HPOS="642"/>
                  <String HEIGHT="38" WIDTH="94" VPOS="1460" HPOS="601" CONTENT="sit"/>
                  <SP HEIGHT="38" WIDTH="13" VPOS="1460" HPOS="696"/>
                  <String HEIGHT="38" WIDTH="67" VPOS="1460" HPOS="642" CONTENT="con"/>
               </TextLine>
               <TextLine ID="r3l37"
                         BASELINE="1550"
                         HEIGHT="54"
                         WIDTH="490"
                         VPOS="1496"
                         HPOS="214">
                  <String HEIGHT="54"
                          WIDTH="159"
                          VPOS="1496"
                          HPOS="200"
                          CONTENT="tinuum,"/>
                  <SP HEIGHT="54" WIDTH="14" VPOS="1496" HPOS="358"/>
                  <String HEIGHT="54"
                          WIDTH="101"
                          VPOS="1496"
                          HPOS="315"
                          CONTENT="est"/>
                  <SP HEIGHT="54" WIDTH="14" VPOS="1496" HPOS="416"/>
                  <String HEIGHT="54"
                          WIDTH="130"
                          VPOS="1496"
                          HPOS="373"
                          CONTENT="forma"/>
                  <SP HEIGHT="54" WIDTH="14" VPOS="1496" HPOS="502"/>
                  <String HEIGHT="54"
                          WIDTH="130"
                          VPOS="1496"
                          HPOS="459"
                          CONTENT="eius."/>
                  <SP HEIGHT="54" WIDTH="14" VPOS="1496" HPOS="589"/>
                  <String HEIGHT="54"
                          WIDTH="115"
                          VPOS="1496"
                          HPOS="545"
                          CONTENT="ergo"/>
                  <SP HEIGHT="54" WIDTH="14" VPOS="1496" HPOS="661"/>
                  <String HEIGHT="54"
                          WIDTH="101"
                          VPOS="1496"
                          HPOS="603"
                          CONTENT="forma"/>
               </TextLine>
               <TextLine ID="r3l38"
                         BASELINE="1578"
                         HEIGHT="37"
                         WIDTH="489"
                         VPOS="1541"
                         HPOS="209">
                  <String HEIGHT="37"
                          WIDTH="163"
                          VPOS="1541"
                          HPOS="194"
                          CONTENT="dignius"/>
                  <SP HEIGHT="37" WIDTH="15" VPOS="1541" HPOS="357"/>
                  <String HEIGHT="37"
                          WIDTH="163"
                          VPOS="1541"
                          HPOS="313"
                          CONTENT="dicitur"/>
                  <SP HEIGHT="37" WIDTH="15" VPOS="1541" HPOS="476"/>
                  <String HEIGHT="37"
                          WIDTH="119"
                          VPOS="1541"
                          HPOS="431"
                          CONTENT="vnum"/>
                  <SP HEIGHT="37" WIDTH="15" VPOS="1541" HPOS="550"/>
                  <String HEIGHT="37"
                          WIDTH="104"
                          VPOS="1541"
                          HPOS="505"
                          CONTENT="qua"/>
                  <SP HEIGHT="37" WIDTH="15" VPOS="1541" HPOS="609"/>
                  <String HEIGHT="37"
                          WIDTH="148"
                          VPOS="1541"
                          HPOS="550"
                          CONTENT="continua"/>
               </TextLine>
               <TextLine ID="r3l39"
                         BASELINE="1618"
                         HEIGHT="40"
                         WIDTH="494"
                         VPOS="1578"
                         HPOS="210">
                  <String HEIGHT="40"
                          WIDTH="116"
                          VPOS="1578"
                          HPOS="195"
                          CONTENT="tio,"/>
                  <SP HEIGHT="40" WIDTH="15" VPOS="1578" HPOS="312"/>
                  <String HEIGHT="40"
                          WIDTH="102"
                          VPOS="1578"
                          HPOS="268"
                          CONTENT="cum"/>
                  <SP HEIGHT="40" WIDTH="15" VPOS="1578" HPOS="370"/>
                  <String HEIGHT="40"
                          WIDTH="131"
                          VPOS="1578"
                          HPOS="326"
                          CONTENT="forma"/>
                  <SP HEIGHT="40" WIDTH="15" VPOS="1578" HPOS="457"/>
                  <String HEIGHT="40"
                          WIDTH="102"
                          VPOS="1578"
                          HPOS="413"
                          CONTENT="sit"/>
                  <SP HEIGHT="40" WIDTH="15" VPOS="1578" HPOS="515"/>
                  <String HEIGHT="40"
                          WIDTH="131"
                          VPOS="1578"
                          HPOS="472"
                          CONTENT="causa"/>
                  <SP HEIGHT="40" WIDTH="15" VPOS="1578" HPOS="602"/>
                  <String HEIGHT="40"
                          WIDTH="160"
                          VPOS="1578"
                          HPOS="544"
                          CONTENT="continua"
                          SUBS_TYPE="HypPart1"
                          SUBS_CONTENT="continuationis."/>
                  <HYP CONTENT="-"/>
               </TextLine>
               <TextLine ID="r3l40"
                         BASELINE="1658"
                         HEIGHT="45"
                         WIDTH="494"
                         VPOS="1613"
                         HPOS="209">
                  <String HEIGHT="45"
                          WIDTH="143"
                          VPOS="1613"
                          HPOS="196"
                          CONTENT="tionis."
                          SUBS_TYPE="HypPart2"
                          SUBS_CONTENT="continuationis."/>
                  <SP HEIGHT="45" WIDTH="13" VPOS="1613" HPOS="339"/>
                  <String HEIGHT="45" WIDTH="78" VPOS="1613" HPOS="300" CONTENT="Et"/>
                  <SP HEIGHT="45" WIDTH="13" VPOS="1613" HPOS="378"/>
                  <String HEIGHT="45"
                          WIDTH="104"
                          VPOS="1613"
                          HPOS="339"
                          CONTENT="quia"/>
                  <SP HEIGHT="45" WIDTH="13" VPOS="1613" HPOS="443"/>
                  <String HEIGHT="45"
                          WIDTH="130"
                          VPOS="1613"
                          HPOS="404"
                          CONTENT="totum,"/>
                  <SP HEIGHT="45" WIDTH="13" VPOS="1613" HPOS="534"/>
                  <String HEIGHT="45"
                          WIDTH="117"
                          VPOS="1613"
                          HPOS="495"
                          CONTENT="aliud"/>
                  <SP HEIGHT="45" WIDTH="13" VPOS="1613" HPOS="612"/>
                  <String HEIGHT="45" WIDTH="91" VPOS="1613" HPOS="573" CONTENT="est"/>
                  <SP HEIGHT="45" WIDTH="13" VPOS="1613" HPOS="664"/>
                  <String HEIGHT="45"
                          WIDTH="91"
                          VPOS="1613"
                          HPOS="612"
                          CONTENT="totum"/>
               </TextLine>
               <TextLine ID="r3l41"
                         BASELINE="1698"
                         HEIGHT="44"
                         WIDTH="503"
                         VPOS="1654"
                         HPOS="204">
                  <String HEIGHT="44"
                          WIDTH="218"
                          VPOS="1654"
                          HPOS="190"
                          CONTENT="naturaliter,"/>
                  <SP HEIGHT="44" WIDTH="14" VPOS="1654" HPOS="408"/>
                  <String HEIGHT="44"
                          WIDTH="122"
                          VPOS="1654"
                          HPOS="367"
                          CONTENT="aliud"/>
                  <SP HEIGHT="44" WIDTH="14" VPOS="1654" HPOS="489"/>
                  <String HEIGHT="44"
                          WIDTH="190"
                          VPOS="1654"
                          HPOS="449"
                          CONTENT="artificio,"/>
                  <SP HEIGHT="44" WIDTH="14" VPOS="1654" HPOS="639"/>
                  <String HEIGHT="44" WIDTH="68" VPOS="1654" HPOS="598" CONTENT="&amp;"/>
                  <SP HEIGHT="44" WIDTH="14" VPOS="1654" HPOS="666"/>
                  <String HEIGHT="44"
                          WIDTH="95"
                          VPOS="1654"
                          HPOS="612"
                          CONTENT="maxi"
                          SUBS_TYPE="HypPart1"
                          SUBS_CONTENT="maxime"/>
                  <HYP CONTENT="-"/>
               </TextLine>
               <TextLine ID="r3l42"
                         BASELINE="1744"
                         HEIGHT="51"
                         WIDTH="486"
                         VPOS="1693"
                         HPOS="211">
                  <String HEIGHT="51"
                          WIDTH="83"
                          VPOS="1693"
                          HPOS="197"
                          CONTENT="me"
                          SUBS_TYPE="HypPart2"
                          SUBS_CONTENT="maxime"/>
                  <SP HEIGHT="51" WIDTH="14" VPOS="1693" HPOS="280"/>
                  <String HEIGHT="51"
                          WIDTH="111"
                          VPOS="1693"
                          HPOS="239"
                          CONTENT="quod"/>
                  <SP HEIGHT="51" WIDTH="14" VPOS="1693" HPOS="350"/>
                  <String HEIGHT="51" WIDTH="97" VPOS="1693" HPOS="308" CONTENT="est"/>
                  <SP HEIGHT="51" WIDTH="14" VPOS="1693" HPOS="405"/>
                  <String HEIGHT="51"
                          WIDTH="208"
                          VPOS="1693"
                          HPOS="364"
                          CONTENT="naturaliter"/>
                  <SP HEIGHT="51" WIDTH="14" VPOS="1693" HPOS="572"/>
                  <String HEIGHT="51" WIDTH="97" VPOS="1693" HPOS="530" CONTENT="non"/>
                  <SP HEIGHT="51" WIDTH="14" VPOS="1693" HPOS="628"/>
                  <String HEIGHT="51"
                          WIDTH="125"
                          VPOS="1693"
                          HPOS="572"
                          CONTENT="violem,"/>
               </TextLine>
               <TextLine ID="r3l43"
                         BASELINE="1770"
                         HEIGHT="38"
                         WIDTH="498"
                         VPOS="1732"
                         HPOS="206">
                  <String HEIGHT="38"
                          WIDTH="100"
                          VPOS="1732"
                          HPOS="192"
                          CONTENT="te."/>
                  <SP HEIGHT="38" WIDTH="14" VPOS="1732" HPOS="291"/>
                  <String HEIGHT="38"
                          WIDTH="114"
                          VPOS="1732"
                          HPOS="249"
                          CONTENT="quia"/>
                  <SP HEIGHT="38" WIDTH="14" VPOS="1732" HPOS="363"/>
                  <String HEIGHT="38"
                          WIDTH="199"
                          VPOS="1732"
                          HPOS="320"
                          CONTENT="indiuiduum"/>
                  <SP HEIGHT="38" WIDTH="14" VPOS="1732" HPOS="519"/>
                  <String HEIGHT="38"
                          WIDTH="213"
                          VPOS="1732"
                          HPOS="476"
                          CONTENT="artificiale"/>
                  <SP HEIGHT="38" WIDTH="14" VPOS="1732" HPOS="690"/>
                  <String HEIGHT="38" WIDTH="71" VPOS="1732" HPOS="633" CONTENT="est"/>
               </TextLine>
               <TextLine ID="r3l44"
                         BASELINE="1811"
                         HEIGHT="31"
                         WIDTH="500"
                         VPOS="1780"
                         HPOS="212">
                  <String HEIGHT="31"
                          WIDTH="114"
                          VPOS="1780"
                          HPOS="198"
                          CONTENT="vnum"/>
                  <SP HEIGHT="31" WIDTH="14" VPOS="1780" HPOS="312"/>
                  <String HEIGHT="31"
                          WIDTH="100"
                          VPOS="1780"
                          HPOS="269"
                          CONTENT="per"/>
                  <SP HEIGHT="31" WIDTH="14" VPOS="1780" HPOS="369"/>
                  <String HEIGHT="31"
                          WIDTH="214"
                          VPOS="1780"
                          HPOS="326"
                          CONTENT="violentiam,"/>
                  <SP HEIGHT="31" WIDTH="14" VPOS="1780" HPOS="541"/>
                  <String HEIGHT="31"
                          WIDTH="143"
                          VPOS="1780"
                          HPOS="498"
                          CONTENT="deinde"/>
                  <SP HEIGHT="31" WIDTH="14" VPOS="1780" HPOS="641"/>
                  <String HEIGHT="31"
                          WIDTH="143"
                          VPOS="1780"
                          HPOS="598"
                          CONTENT="dicit:"/>
                  <SP HEIGHT="31" WIDTH="14" VPOS="1780" HPOS="741"/>
                  <String HEIGHT="31" WIDTH="29" VPOS="1780" HPOS="683" CONTENT=""/>
               </TextLine>
               <TextLine ID="r3l45"
                         BASELINE="1866"
                         HEIGHT="54"
                         WIDTH="501"
                         VPOS="1812"
                         HPOS="204">
                  <String HEIGHT="54" WIDTH="88" VPOS="1812" HPOS="191" CONTENT="sed"/>
                  <SP HEIGHT="54" WIDTH="13" VPOS="1812" HPOS="279"/>
                  <String HEIGHT="54"
                          WIDTH="113"
                          VPOS="1812"
                          HPOS="242"
                          CONTENT="habet"/>
                  <SP HEIGHT="54" WIDTH="13" VPOS="1812" HPOS="354"/>
                  <String HEIGHT="54"
                          WIDTH="138"
                          VPOS="1812"
                          HPOS="317"
                          CONTENT="aliquid"/>
                  <SP HEIGHT="54" WIDTH="13" VPOS="1812" HPOS="455"/>
                  <String HEIGHT="54" WIDTH="75" VPOS="1812" HPOS="417" CONTENT="in"/>
                  <SP HEIGHT="54" WIDTH="13" VPOS="1812" HPOS="492"/>
                  <String HEIGHT="54" WIDTH="88" VPOS="1812" HPOS="454" CONTENT="se,"/>
                  <SP HEIGHT="54" WIDTH="13" VPOS="1812" HPOS="542"/>
                  <String HEIGHT="54" WIDTH="88" VPOS="1812" HPOS="505" CONTENT="&amp;c."/>
                  <SP HEIGHT="54" WIDTH="13" VPOS="1812" HPOS="592"/>
                  <String HEIGHT="54" WIDTH="75" VPOS="1812" HPOS="555" CONTENT="i."/>
                  <SP HEIGHT="54" WIDTH="13" VPOS="1812" HPOS="630"/>
                  <String HEIGHT="54" WIDTH="88" VPOS="1812" HPOS="592" CONTENT="sed"/>
                  <SP HEIGHT="54" WIDTH="13" VPOS="1812" HPOS="680"/>
                  <String HEIGHT="54"
                          WIDTH="75"
                          VPOS="1812"
                          HPOS="630"
                          CONTENT="vnum"/>
               </TextLine>
            </TextBlock>
            <TextBlock ID="r4" HEIGHT="1800" WIDTH="512" VPOS="97" HPOS="730">
               <Shape>
                  <Polygon POINTS="730,97 730,1897 1242,1897 1242,97"/>
               </Shape>
               <TextLine ID="r4l3"
                         BASELINE="178"
                         HEIGHT="45"
                         WIDTH="495"
                         VPOS="133"
                         HPOS="735">
                  <String HEIGHT="45"
                          WIDTH="187"
                          VPOS="133"
                          HPOS="722"
                          CONTENT="indiuiduum"/>
                  <SP HEIGHT="45" WIDTH="13" VPOS="133" HPOS="909"/>
                  <String HEIGHT="45" WIDTH="80" VPOS="133" HPOS="869" CONTENT="in"/>
                  <SP HEIGHT="45" WIDTH="13" VPOS="133" HPOS="949"/>
                  <String HEIGHT="45" WIDTH="94" VPOS="133" HPOS="909" CONTENT="rei"/>
                  <SP HEIGHT="45" WIDTH="13" VPOS="133" HPOS="1003"/>
                  <String HEIGHT="45"
                          WIDTH="161"
                          VPOS="133"
                          HPOS="962"
                          CONTENT="veritate"/>
                  <SP HEIGHT="45" WIDTH="13" VPOS="133" HPOS="1123"/>
                  <String HEIGHT="45" WIDTH="94" VPOS="133" HPOS="1083" CONTENT="est"/>
                  <SP HEIGHT="45" WIDTH="13" VPOS="133" HPOS="1176"/>
                  <String HEIGHT="45"
                          WIDTH="120"
                          VPOS="133"
                          HPOS="1136"
                          CONTENT="illud"/>
                  <SP HEIGHT="45" WIDTH="13" VPOS="133" HPOS="1257"/>
                  <String HEIGHT="45" WIDTH="27" VPOS="133" HPOS="1203" CONTENT=""/>
               </TextLine>
               <TextLine ID="r4l4"
                         BASELINE="224"
                         HEIGHT="48"
                         WIDTH="484"
                         VPOS="176"
                         HPOS="740">
                  <String HEIGHT="48"
                          WIDTH="121"
                          VPOS="176"
                          HPOS="725"
                          CONTENT="quod"/>
                  <SP HEIGHT="48" WIDTH="15" VPOS="176" HPOS="846"/>
                  <String HEIGHT="48"
                          WIDTH="136"
                          VPOS="176"
                          HPOS="801"
                          CONTENT="habet"/>
                  <SP HEIGHT="48" WIDTH="15" VPOS="176" HPOS="937"/>
                  <String HEIGHT="48" WIDTH="91" VPOS="176" HPOS="891" CONTENT="in"/>
                  <SP HEIGHT="48" WIDTH="15" VPOS="176" HPOS="982"/>
                  <String HEIGHT="48" WIDTH="91" VPOS="176" HPOS="937" CONTENT="se"/>
                  <SP HEIGHT="48" WIDTH="15" VPOS="176" HPOS="1027"/>
                  <String HEIGHT="48"
                          WIDTH="151"
                          VPOS="176"
                          HPOS="982"
                          CONTENT="causam"/>
                  <SP HEIGHT="48" WIDTH="15" VPOS="176" HPOS="1133"/>
                  <String HEIGHT="48"
                          WIDTH="151"
                          VPOS="176"
                          HPOS="1073"
                          CONTENT="continua"/>
               </TextLine>
               <TextLine ID="r4l5"
                         BASELINE="258"
                         HEIGHT="41"
                         WIDTH="495"
                         VPOS="217"
                         HPOS="735">
                  <String HEIGHT="41"
                          WIDTH="118"
                          VPOS="217"
                          HPOS="723"
                          CONTENT="tionis"/>
                  <SP HEIGHT="41" WIDTH="12" VPOS="217" HPOS="841"/>
                  <String HEIGHT="41"
                          WIDTH="141"
                          VPOS="217"
                          HPOS="806"
                          CONTENT="scilicet"/>
                  <SP HEIGHT="41" WIDTH="12" VPOS="217" HPOS="947"/>
                  <String HEIGHT="41"
                          WIDTH="130"
                          VPOS="217"
                          HPOS="912"
                          CONTENT="formam."/>
                  <SP HEIGHT="41" WIDTH="12" VPOS="217" HPOS="1041"/>
                  <String HEIGHT="41" WIDTH="59" VPOS="217" HPOS="1006" CONTENT="&amp;"/>
                  <SP HEIGHT="41" WIDTH="12" VPOS="217" HPOS="1065"/>
                  <String HEIGHT="41"
                          WIDTH="141"
                          VPOS="217"
                          HPOS="1030"
                          CONTENT="intendit"/>
                  <SP HEIGHT="41" WIDTH="12" VPOS="217" HPOS="1171"/>
                  <String HEIGHT="41"
                          WIDTH="106"
                          VPOS="217"
                          HPOS="1124"
                          CONTENT="indiui"
                          SUBS_TYPE="HypPart1"
                          SUBS_CONTENT="indiuiduum"/>
                  <HYP CONTENT="-"/>
               </TextLine>
               <TextLine ID="r4l6"
                         BASELINE="302"
                         HEIGHT="46"
                         WIDTH="494"
                         VPOS="256"
                         HPOS="739">
                  <String HEIGHT="46"
                          WIDTH="110"
                          VPOS="256"
                          HPOS="725"
                          CONTENT="duum"
                          SUBS_TYPE="HypPart2"
                          SUBS_CONTENT="indiuiduum"/>
                  <SP HEIGHT="46" WIDTH="14" VPOS="256" HPOS="835"/>
                  <String HEIGHT="46"
                          WIDTH="178"
                          VPOS="256"
                          HPOS="794"
                          CONTENT="naturale,"/>
                  <SP HEIGHT="46" WIDTH="14" VPOS="256" HPOS="972"/>
                  <String HEIGHT="46"
                          WIDTH="110"
                          VPOS="256"
                          HPOS="931"
                          CONTENT="quod"/>
                  <SP HEIGHT="46" WIDTH="14" VPOS="256" HPOS="1041"/>
                  <String HEIGHT="46" WIDTH="96" VPOS="256" HPOS="1000" CONTENT="est"/>
                  <SP HEIGHT="46" WIDTH="14" VPOS="256" HPOS="1096"/>
                  <String HEIGHT="46"
                          WIDTH="110"
                          VPOS="256"
                          HPOS="1055"
                          CONTENT="vnum"/>
                  <SP HEIGHT="46" WIDTH="14" VPOS="256" HPOS="1164"/>
                  <String HEIGHT="46" WIDTH="96" VPOS="256" HPOS="1123" CONTENT="per"/>
                  <SP HEIGHT="46" WIDTH="14" VPOS="256" HPOS="1219"/>
                  <String HEIGHT="46" WIDTH="69" VPOS="256" HPOS="1164" CONTENT="con"/>
               </TextLine>
               <TextLine ID="r4l7"
                         BASELINE="330"
                         HEIGHT="38"
                         WIDTH="500"
                         VPOS="292"
                         HPOS="736">
                  <String HEIGHT="38"
                          WIDTH="234"
                          VPOS="292"
                          HPOS="720"
                          CONTENT="tinuationem"/>
                  <SP HEIGHT="38" WIDTH="16" VPOS="292" HPOS="955"/>
                  <String HEIGHT="38"
                          WIDTH="188"
                          VPOS="292"
                          HPOS="908"
                          CONTENT="secundum"/>
                  <SP HEIGHT="38" WIDTH="16" VPOS="292" HPOS="1095"/>
                  <String HEIGHT="38"
                          WIDTH="125"
                          VPOS="292"
                          HPOS="1049"
                          CONTENT="suam"/>
                  <SP HEIGHT="38" WIDTH="16" VPOS="292" HPOS="1174"/>
                  <String HEIGHT="38"
                          WIDTH="125"
                          VPOS="292"
                          HPOS="1111"
                          CONTENT="formam"/>
               </TextLine>
               <TextLine ID="r4l8"
                         BASELINE="370"
                         HEIGHT="37"
                         WIDTH="484"
                         VPOS="333"
                         HPOS="739">
                  <String HEIGHT="37"
                          WIDTH="124"
                          VPOS="333"
                          HPOS="727"
                          CONTENT="Deinde"/>
                  <SP HEIGHT="37" WIDTH="12" VPOS="333" HPOS="851"/>
                  <String HEIGHT="37" WIDTH="74" VPOS="333" HPOS="813" CONTENT="d."/>
                  <SP HEIGHT="37" WIDTH="12" VPOS="333" HPOS="888"/>
                  <String HEIGHT="37" WIDTH="62" VPOS="333" HPOS="851" CONTENT="&amp;"/>
                  <SP HEIGHT="37" WIDTH="12" VPOS="333" HPOS="913"/>
                  <String HEIGHT="37" WIDTH="99" VPOS="333" HPOS="876" CONTENT="tale"/>
                  <SP HEIGHT="37" WIDTH="12" VPOS="333" HPOS="975"/>
                  <String HEIGHT="37" WIDTH="99" VPOS="333" HPOS="938" CONTENT="est,"/>
                  <SP HEIGHT="37" WIDTH="12" VPOS="333" HPOS="1037"/>
                  <String HEIGHT="37" WIDTH="74" VPOS="333" HPOS="1000" CONTENT="vt"/>
                  <SP HEIGHT="37" WIDTH="12" VPOS="333" HPOS="1074"/>
                  <String HEIGHT="37"
                          WIDTH="112"
                          VPOS="333"
                          HPOS="1037"
                          CONTENT="motus"/>
                  <SP HEIGHT="37" WIDTH="12" VPOS="333" HPOS="1149"/>
                  <String HEIGHT="37" WIDTH="87" VPOS="333" HPOS="1111" CONTENT="sit"/>
                  <SP HEIGHT="37" WIDTH="12" VPOS="333" HPOS="1198"/>
                  <String HEIGHT="37"
                          WIDTH="74"
                          VPOS="333"
                          HPOS="1149"
                          CONTENT="vnum"/>
               </TextLine>
               <TextLine ID="r4l9"
                         BASELINE="418"
                         HEIGHT="45"
                         WIDTH="505"
                         VPOS="373"
                         HPOS="732">
                  <String HEIGHT="45" WIDTH="96" VPOS="373" HPOS="718" CONTENT="&amp;c."/>
                  <SP HEIGHT="45" WIDTH="14" VPOS="373" HPOS="814"/>
                  <String HEIGHT="45" WIDTH="82" VPOS="373" HPOS="773" CONTENT="i."/>
                  <SP HEIGHT="45" WIDTH="14" VPOS="373" HPOS="855"/>
                  <String HEIGHT="45"
                          WIDTH="109"
                          VPOS="373"
                          HPOS="814"
                          CONTENT="vnum"/>
                  <SP HEIGHT="45" WIDTH="14" VPOS="373" HPOS="923"/>
                  <String HEIGHT="45" WIDTH="82" VPOS="373" HPOS="882" CONTENT="in"/>
                  <SP HEIGHT="45" WIDTH="14" VPOS="373" HPOS="964"/>
                  <String HEIGHT="45" WIDTH="96" VPOS="373" HPOS="923" CONTENT="rei"/>
                  <SP HEIGHT="45" WIDTH="14" VPOS="373" HPOS="1019"/>
                  <String HEIGHT="45"
                          WIDTH="164"
                          VPOS="373"
                          HPOS="978"
                          CONTENT="veritate"/>
                  <SP HEIGHT="45" WIDTH="14" VPOS="373" HPOS="1141"/>
                  <String HEIGHT="45" WIDTH="82" VPOS="373" HPOS="1101" CONTENT="in"/>
                  <SP HEIGHT="45" WIDTH="14" VPOS="373" HPOS="1182"/>
                  <String HEIGHT="45" WIDTH="96" VPOS="373" HPOS="1141" CONTENT="hoc"/>
                  <SP HEIGHT="45" WIDTH="14" VPOS="373" HPOS="1237"/>
                  <String HEIGHT="45" WIDTH="55" VPOS="373" HPOS="1182" CONTENT="ge"/>
               </TextLine>
               <TextLine ID="r4l10"
                         BASELINE="450"
                         HEIGHT="42"
                         WIDTH="515"
                         VPOS="408"
                         HPOS="732">
                  <String HEIGHT="42"
                          WIDTH="111"
                          VPOS="408"
                          HPOS="718"
                          CONTENT="nere"/>
                  <SP HEIGHT="42" WIDTH="14" VPOS="408" HPOS="829"/>
                  <String HEIGHT="42" WIDTH="97" VPOS="408" HPOS="788" CONTENT="est"/>
                  <SP HEIGHT="42" WIDTH="14" VPOS="408" HPOS="885"/>
                  <String HEIGHT="42"
                          WIDTH="139"
                          VPOS="408"
                          HPOS="843"
                          CONTENT="illud,"/>
                  <SP HEIGHT="42" WIDTH="14" VPOS="408" HPOS="983"/>
                  <String HEIGHT="42"
                          WIDTH="125"
                          VPOS="408"
                          HPOS="941"
                          CONTENT="cuius"/>
                  <SP HEIGHT="42" WIDTH="14" VPOS="408" HPOS="1066"/>
                  <String HEIGHT="42"
                          WIDTH="125"
                          VPOS="408"
                          HPOS="1024"
                          CONTENT="motus"/>
                  <SP HEIGHT="42" WIDTH="14" VPOS="408" HPOS="1150"/>
                  <String HEIGHT="42" WIDTH="97" VPOS="408" HPOS="1108" CONTENT="est"/>
                  <SP HEIGHT="42" WIDTH="14" VPOS="408" HPOS="1205"/>
                  <String HEIGHT="42"
                          WIDTH="97"
                          VPOS="408"
                          HPOS="1150"
                          CONTENT="vnus,"/>
               </TextLine>
               <TextLine ID="r4l11"
                         BASELINE="490"
                         HEIGHT="45"
                         WIDTH="504"
                         VPOS="445"
                         HPOS="736">
                  <String HEIGHT="45" WIDTH="74" VPOS="445" HPOS="721" CONTENT="&amp;"/>
                  <SP HEIGHT="45" WIDTH="15" VPOS="445" HPOS="795"/>
                  <String HEIGHT="45"
                          WIDTH="252"
                          VPOS="445"
                          HPOS="751"
                          CONTENT="indiuisibilis"/>
                  <SP HEIGHT="45" WIDTH="15" VPOS="445" HPOS="1003"/>
                  <String HEIGHT="45"
                          WIDTH="178"
                          VPOS="445"
                          HPOS="958"
                          CONTENT="secundum"/>
                  <SP HEIGHT="45" WIDTH="15" VPOS="445" HPOS="1136"/>
                  <String HEIGHT="45"
                          WIDTH="163"
                          VPOS="445"
                          HPOS="1092"
                          CONTENT="tempus,"/>
                  <SP HEIGHT="45" WIDTH="15" VPOS="445" HPOS="1255"/>
                  <String HEIGHT="45" WIDTH="44" VPOS="445" HPOS="1196" CONTENT="&amp;"/>
               </TextLine>
               <TextLine ID="r4l12"
                         BASELINE="537"
                         HEIGHT="53"
                         WIDTH="490"
                         VPOS="484"
                         HPOS="741">
                  <String HEIGHT="53"
                          WIDTH="168"
                          VPOS="484"
                          HPOS="727"
                          CONTENT="secundum"/>
                  <SP HEIGHT="53" WIDTH="14" VPOS="484" HPOS="895"/>
                  <String HEIGHT="53"
                          WIDTH="140"
                          VPOS="484"
                          HPOS="853"
                          CONTENT="locum."/>
                  <SP HEIGHT="53" WIDTH="14" VPOS="484" HPOS="993"/>
                  <String HEIGHT="53" WIDTH="70" VPOS="484" HPOS="951" CONTENT="&amp;"/>
                  <SP HEIGHT="53" WIDTH="14" VPOS="484" HPOS="1021"/>
                  <String HEIGHT="53" WIDTH="84" VPOS="484" HPOS="979" CONTENT="tu"/>
                  <SP HEIGHT="53" WIDTH="14" VPOS="484" HPOS="1063"/>
                  <String HEIGHT="53"
                          WIDTH="112"
                          VPOS="484"
                          HPOS="1021"
                          CONTENT="bene"/>
                  <SP HEIGHT="53" WIDTH="14" VPOS="484" HPOS="1133"/>
                  <String HEIGHT="53"
                          WIDTH="112"
                          VPOS="484"
                          HPOS="1091"
                          CONTENT="scis"/>
                  <SP HEIGHT="53" WIDTH="14" VPOS="484" HPOS="1203"/>
                  <String HEIGHT="53"
                          WIDTH="84"
                          VPOS="484"
                          HPOS="1147"
                          CONTENT="qui"
                          SUBS_TYPE="HypPart1"
                          SUBS_CONTENT="quisit"/>
                  <HYP CONTENT="-"/>
               </TextLine>
               <TextLine ID="r4l13"
                         BASELINE="569"
                         HEIGHT="43"
                         WIDTH="496"
                         VPOS="526"
                         HPOS="739">
                  <String HEIGHT="43"
                          WIDTH="102"
                          VPOS="526"
                          HPOS="724"
                          CONTENT="sit"
                          SUBS_TYPE="HypPart2"
                          SUBS_CONTENT="quisit"/>
                  <SP HEIGHT="43" WIDTH="15" VPOS="526" HPOS="827"/>
                  <String HEIGHT="43"
                          WIDTH="117"
                          VPOS="526"
                          HPOS="783"
                          CONTENT="ille"/>
                  <SP HEIGHT="43" WIDTH="15" VPOS="526" HPOS="899"/>
                  <String HEIGHT="43"
                          WIDTH="131"
                          VPOS="526"
                          HPOS="856"
                          CONTENT="motus"/>
                  <SP HEIGHT="43" WIDTH="15" VPOS="526" HPOS="987"/>
                  <String HEIGHT="43"
                          WIDTH="117"
                          VPOS="526"
                          HPOS="943"
                          CONTENT="vnus"/>
                  <SP HEIGHT="43" WIDTH="15" VPOS="526" HPOS="1060"/>
                  <String HEIGHT="43" WIDTH="88" VPOS="526" HPOS="1016" CONTENT="ex"/>
                  <SP HEIGHT="43" WIDTH="15" VPOS="526" HPOS="1104"/>
                  <String HEIGHT="43"
                          WIDTH="146"
                          VPOS="526"
                          HPOS="1060"
                          CONTENT="Quinto"/>
                  <SP HEIGHT="43" WIDTH="15" VPOS="526" HPOS="1206"/>
                  <String HEIGHT="43"
                          WIDTH="88"
                          VPOS="526"
                          HPOS="1147"
                          CONTENT="Phy"
                          SUBS_TYPE="HypPart1"
                          SUBS_CONTENT="PhyDeinde"/>
                  <HYP CONTENT="-"/>
               </TextLine>
               <TextLine ID="r4l14"
                         BASELINE="603"
                         HEIGHT="39"
                         WIDTH="511"
                         VPOS="564"
                         HPOS="732">
                  <String HEIGHT="39"
                          WIDTH="142"
                          VPOS="564"
                          HPOS="718"
                          CONTENT="Deinde"
                          SUBS_TYPE="HypPart2"
                          SUBS_CONTENT="PhyDeinde"/>
                  <SP HEIGHT="39" WIDTH="14" VPOS="564" HPOS="860"/>
                  <String HEIGHT="39" WIDTH="85" VPOS="564" HPOS="817" CONTENT="d."/>
                  <SP HEIGHT="39" WIDTH="14" VPOS="564" HPOS="902"/>
                  <String HEIGHT="39" WIDTH="85" VPOS="564" HPOS="860" CONTENT="Et"/>
                  <SP HEIGHT="39" WIDTH="14" VPOS="564" HPOS="945"/>
                  <String HEIGHT="39" WIDTH="99" VPOS="564" HPOS="902" CONTENT="hoc"/>
                  <SP HEIGHT="39" WIDTH="14" VPOS="564" HPOS="1002"/>
                  <String HEIGHT="39" WIDTH="99" VPOS="564" HPOS="959" CONTENT="est"/>
                  <SP HEIGHT="39" WIDTH="14" VPOS="564" HPOS="1058"/>
                  <String HEIGHT="39"
                          WIDTH="213"
                          VPOS="564"
                          HPOS="1016"
                          CONTENT="manifestum,"/>
                  <SP HEIGHT="39" WIDTH="14" VPOS="564" HPOS="1229"/>
                  <String HEIGHT="39" WIDTH="71" VPOS="564" HPOS="1172" CONTENT="&amp;c."/>
               </TextLine>
               <TextLine ID="r4l15"
                         BASELINE="642"
                         HEIGHT="41"
                         WIDTH="502"
                         VPOS="601"
                         HPOS="734">
                  <String HEIGHT="41" WIDTH="75" VPOS="601" HPOS="721" CONTENT="i."/>
                  <SP HEIGHT="41" WIDTH="13" VPOS="601" HPOS="797"/>
                  <String HEIGHT="41" WIDTH="63" VPOS="601" HPOS="759" CONTENT="&amp;"/>
                  <SP HEIGHT="41" WIDTH="13" VPOS="601" HPOS="822"/>
                  <String HEIGHT="41" WIDTH="88" VPOS="601" HPOS="784" CONTENT="est"/>
                  <SP HEIGHT="41" WIDTH="13" VPOS="601" HPOS="872"/>
                  <String HEIGHT="41"
                          WIDTH="176"
                          VPOS="601"
                          HPOS="834"
                          CONTENT="manifestum"/>
                  <SP HEIGHT="41" WIDTH="13" VPOS="601" HPOS="1010"/>
                  <String HEIGHT="41"
                          WIDTH="113"
                          VPOS="601"
                          HPOS="972"
                          CONTENT="quod,"/>
                  <SP HEIGHT="41" WIDTH="13" VPOS="601" HPOS="1085"/>
                  <String HEIGHT="41" WIDTH="75" VPOS="601" HPOS="1048" CONTENT="si"/>
                  <SP HEIGHT="41" WIDTH="13" VPOS="601" HPOS="1123"/>
                  <String HEIGHT="41"
                          WIDTH="126"
                          VPOS="601"
                          HPOS="1085"
                          CONTENT="fuerit"/>
                  <SP HEIGHT="41" WIDTH="13" VPOS="601" HPOS="1211"/>
                  <String HEIGHT="41"
                          WIDTH="75"
                          VPOS="601"
                          HPOS="1161"
                          CONTENT="ali"
                          SUBS_TYPE="HypPart1"
                          SUBS_CONTENT="aliquid"/>
                  <HYP CONTENT="-"/>
               </TextLine>
               <TextLine ID="r4l16"
                         BASELINE="691"
                         HEIGHT="45"
                         WIDTH="505"
                         VPOS="646"
                         HPOS="738">
                  <String HEIGHT="45"
                          WIDTH="109"
                          VPOS="646"
                          HPOS="724"
                          CONTENT="quid"
                          SUBS_TYPE="HypPart2"
                          SUBS_CONTENT="aliquid"/>
                  <SP HEIGHT="45" WIDTH="14" VPOS="646" HPOS="834"/>
                  <String HEIGHT="45"
                          WIDTH="109"
                          VPOS="646"
                          HPOS="793"
                          CONTENT="hic,"/>
                  <SP HEIGHT="45" WIDTH="14" VPOS="646" HPOS="902"/>
                  <String HEIGHT="45"
                          WIDTH="109"
                          VPOS="646"
                          HPOS="861"
                          CONTENT="quod"/>
                  <SP HEIGHT="45" WIDTH="14" VPOS="646" HPOS="970"/>
                  <String HEIGHT="45"
                          WIDTH="150"
                          VPOS="646"
                          HPOS="929"
                          CONTENT="mouetur"/>
                  <SP HEIGHT="45" WIDTH="14" VPOS="646" HPOS="1079"/>
                  <String HEIGHT="45" WIDTH="96" VPOS="646" HPOS="1038" CONTENT="per"/>
                  <SP HEIGHT="45" WIDTH="14" VPOS="646" HPOS="1134"/>
                  <String HEIGHT="45"
                          WIDTH="164"
                          VPOS="646"
                          HPOS="1079"
                          CONTENT="principium"/>
               </TextLine>
               <TextLine ID="r4l17"
                         BASELINE="723"
                         HEIGHT="41"
                         WIDTH="489"
                         VPOS="682"
                         HPOS="739">
                  <String HEIGHT="41" WIDTH="84" VPOS="682" HPOS="725" CONTENT="in"/>
                  <SP HEIGHT="41" WIDTH="14" VPOS="682" HPOS="809"/>
                  <String HEIGHT="41" WIDTH="84" VPOS="682" HPOS="767" CONTENT="eo"/>
                  <SP HEIGHT="41" WIDTH="14" VPOS="682" HPOS="851"/>
                  <String HEIGHT="41"
                          WIDTH="126"
                          VPOS="682"
                          HPOS="809"
                          CONTENT="primo"/>
                  <SP HEIGHT="41" WIDTH="14" VPOS="682" HPOS="935"/>
                  <String HEIGHT="41"
                          WIDTH="112"
                          VPOS="682"
                          HPOS="893"
                          CONTENT="motu"/>
                  <SP HEIGHT="41" WIDTH="14" VPOS="682" HPOS="1004"/>
                  <String HEIGHT="41"
                          WIDTH="224"
                          VPOS="682"
                          HPOS="963"
                          CONTENT="naturaliter,"/>
                  <SP HEIGHT="41" WIDTH="14" VPOS="682" HPOS="1186"/>
                  <String HEIGHT="41"
                          WIDTH="98"
                          VPOS="682"
                          HPOS="1130"
                          CONTENT="scili"/>
               </TextLine>
               <TextLine ID="r4l18"
                         BASELINE="763"
                         HEIGHT="39"
                         WIDTH="502"
                         VPOS="724"
                         HPOS="738">
                  <String HEIGHT="39" WIDTH="95" VPOS="724" HPOS="724" CONTENT="cet"/>
                  <SP HEIGHT="39" WIDTH="14" VPOS="724" HPOS="819"/>
                  <String HEIGHT="39"
                          WIDTH="176"
                          VPOS="724"
                          HPOS="779"
                          CONTENT="circulari"/>
                  <SP HEIGHT="39" WIDTH="14" VPOS="724" HPOS="955"/>
                  <String HEIGHT="39"
                          WIDTH="176"
                          VPOS="724"
                          HPOS="914"
                          CONTENT="simplici,"/>
                  <SP HEIGHT="39" WIDTH="14" VPOS="724" HPOS="1091"/>
                  <String HEIGHT="39" WIDTH="68" VPOS="724" HPOS="1050" CONTENT="&amp;"/>
                  <SP HEIGHT="39" WIDTH="14" VPOS="724" HPOS="1118"/>
                  <String HEIGHT="39"
                          WIDTH="122"
                          VPOS="724"
                          HPOS="1077"
                          CONTENT="istud"/>
                  <SP HEIGHT="39" WIDTH="14" VPOS="724" HPOS="1199"/>
                  <String HEIGHT="39"
                          WIDTH="95"
                          VPOS="724"
                          HPOS="1145"
                          CONTENT="motum"/>
               </TextLine>
               <TextLine ID="r4l19"
                         BASELINE="803"
                         HEIGHT="37"
                         WIDTH="497"
                         VPOS="766"
                         HPOS="736">
                  <String HEIGHT="37" WIDTH="112" VPOS="766" HPOS="720" CONTENT="est"/>
                  <SP HEIGHT="37" WIDTH="16" VPOS="766" HPOS="832"/>
                  <String HEIGHT="37"
                          WIDTH="160"
                          VPOS="766"
                          HPOS="784"
                          CONTENT="primum"/>
                  <SP HEIGHT="37" WIDTH="16" VPOS="766" HPOS="944"/>
                  <String HEIGHT="37"
                          WIDTH="176"
                          VPOS="766"
                          HPOS="896"
                          CONTENT="corpus,"/>
                  <SP HEIGHT="37" WIDTH="16" VPOS="766" HPOS="1073"/>
                  <String HEIGHT="37" WIDTH="80" VPOS="766" HPOS="1025" CONTENT="&amp;"/>
                  <SP HEIGHT="37" WIDTH="16" VPOS="766" HPOS="1105"/>
                  <String HEIGHT="37"
                          WIDTH="128"
                          VPOS="766"
                          HPOS="1057"
                          CONTENT="quod"/>
                  <SP HEIGHT="37" WIDTH="16" VPOS="766" HPOS="1185"/>
                  <String HEIGHT="37"
                          WIDTH="112"
                          VPOS="766"
                          HPOS="1121"
                          CONTENT="moue"
                          SUBS_TYPE="HypPart1"
                          SUBS_CONTENT="mouetur"/>
                  <HYP CONTENT="-"/>
               </TextLine>
               <TextLine ID="r4l20"
                         BASELINE="843"
                         HEIGHT="44"
                         WIDTH="501"
                         VPOS="799"
                         HPOS="740">
                  <String HEIGHT="44"
                          WIDTH="92"
                          VPOS="799"
                          HPOS="727"
                          CONTENT="tur"
                          SUBS_TYPE="HypPart2"
                          SUBS_CONTENT="mouetur"/>
                  <SP HEIGHT="44" WIDTH="13" VPOS="799" HPOS="819"/>
                  <String HEIGHT="44" WIDTH="92" VPOS="799" HPOS="780" CONTENT="vno"/>
                  <SP HEIGHT="44" WIDTH="13" VPOS="799" HPOS="872"/>
                  <String HEIGHT="44"
                          WIDTH="119"
                          VPOS="799"
                          HPOS="832"
                          CONTENT="motu,"/>
                  <SP HEIGHT="44" WIDTH="13" VPOS="799" HPOS="951"/>
                  <String HEIGHT="44" WIDTH="92" VPOS="799" HPOS="911" CONTENT="qui"/>
                  <SP HEIGHT="44" WIDTH="13" VPOS="799" HPOS="1004"/>
                  <String HEIGHT="44" WIDTH="92" VPOS="799" HPOS="964" CONTENT="non"/>
                  <SP HEIGHT="44" WIDTH="13" VPOS="799" HPOS="1056"/>
                  <String HEIGHT="44"
                          WIDTH="185"
                          VPOS="799"
                          HPOS="1017"
                          CONTENT="diuiditur,"/>
                  <SP HEIGHT="44" WIDTH="13" VPOS="799" HPOS="1201"/>
                  <String HEIGHT="44"
                          WIDTH="92"
                          VPOS="799"
                          HPOS="1149"
                          CONTENT="neque"/>
               </TextLine>
               <TextLine ID="r4l21"
                         BASELINE="887"
                         HEIGHT="52"
                         WIDTH="512"
                         VPOS="835"
                         HPOS="731">
                  <String HEIGHT="52"
                          WIDTH="176"
                          VPOS="835"
                          HPOS="716"
                          CONTENT="secundum"/>
                  <SP HEIGHT="52" WIDTH="15" VPOS="835" HPOS="892"/>
                  <String HEIGHT="52"
                          WIDTH="146"
                          VPOS="835"
                          HPOS="848"
                          CONTENT="locum,"/>
                  <SP HEIGHT="52" WIDTH="15" VPOS="835" HPOS="994"/>
                  <String HEIGHT="52"
                          WIDTH="132"
                          VPOS="835"
                          HPOS="950"
                          CONTENT="neque"/>
                  <SP HEIGHT="52" WIDTH="15" VPOS="835" HPOS="1082"/>
                  <String HEIGHT="52"
                          WIDTH="176"
                          VPOS="835"
                          HPOS="1038"
                          CONTENT="secundum"/>
                  <SP HEIGHT="52" WIDTH="15" VPOS="835" HPOS="1214"/>
                  <String HEIGHT="52"
                          WIDTH="88"
                          VPOS="835"
                          HPOS="1155"
                          CONTENT="tem"
                          SUBS_TYPE="HypPart1"
                          SUBS_CONTENT="tempus."/>
                  <HYP CONTENT="-"/>
               </TextLine>
               <TextLine ID="r4l22"
                         BASELINE="928"
                         HEIGHT="51"
                         WIDTH="505"
                         VPOS="877"
                         HPOS="740">
                  <String HEIGHT="51"
                          WIDTH="122"
                          VPOS="877"
                          HPOS="725"
                          CONTENT="pus."
                          SUBS_TYPE="HypPart2"
                          SUBS_CONTENT="tempus."/>
                  <SP HEIGHT="51" WIDTH="15" VPOS="877" HPOS="847"/>
                  <String HEIGHT="51"
                          WIDTH="153"
                          VPOS="877"
                          HPOS="801"
                          CONTENT="Deinde"/>
                  <SP HEIGHT="51" WIDTH="15" VPOS="877" HPOS="954"/>
                  <String HEIGHT="51" WIDTH="92" VPOS="877" HPOS="908" CONTENT="d."/>
                  <SP HEIGHT="51" WIDTH="15" VPOS="877" HPOS="1000"/>
                  <String HEIGHT="51"
                          WIDTH="168"
                          VPOS="877"
                          HPOS="954"
                          CONTENT="Quaedam"/>
                  <SP HEIGHT="51" WIDTH="15" VPOS="877" HPOS="1123"/>
                  <String HEIGHT="51"
                          WIDTH="153"
                          VPOS="877"
                          HPOS="1077"
                          CONTENT="igitur"/>
                  <SP HEIGHT="51" WIDTH="15" VPOS="877" HPOS="1230"/>
                  <String HEIGHT="51" WIDTH="77" VPOS="877" HPOS="1168" CONTENT="sum"/>
               </TextLine>
               <TextLine ID="r4l23"
                         BASELINE="966"
                         HEIGHT="49"
                         WIDTH="488"
                         VPOS="917"
                         HPOS="741">
                  <String HEIGHT="49"
                          WIDTH="129"
                          VPOS="917"
                          HPOS="727"
                          CONTENT="vnum,"/>
                  <SP HEIGHT="49" WIDTH="14" VPOS="917" HPOS="856"/>
                  <String HEIGHT="49" WIDTH="100" VPOS="917" HPOS="813" CONTENT="&amp;c."/>
                  <SP HEIGHT="49" WIDTH="14" VPOS="917" HPOS="913"/>
                  <String HEIGHT="49" WIDTH="86" VPOS="917" HPOS="870" CONTENT="i."/>
                  <SP HEIGHT="49" WIDTH="14" VPOS="917" HPOS="956"/>
                  <String HEIGHT="49"
                          WIDTH="201"
                          VPOS="917"
                          HPOS="913"
                          CONTENT="declaratum"/>
                  <SP HEIGHT="49" WIDTH="14" VPOS="917" HPOS="1114"/>
                  <String HEIGHT="49"
                          WIDTH="100"
                          VPOS="917"
                          HPOS="1071"
                          CONTENT="est"/>
                  <SP HEIGHT="49" WIDTH="14" VPOS="917" HPOS="1172"/>
                  <String HEIGHT="49"
                          WIDTH="115"
                          VPOS="917"
                          HPOS="1114"
                          CONTENT="igitur"/>
               </TextLine>
               <TextLine ID="r4l24"
                         BASELINE="998"
                         HEIGHT="34"
                         WIDTH="496"
                         VPOS="964"
                         HPOS="740">
                  <String HEIGHT="34"
                          WIDTH="117"
                          VPOS="964"
                          HPOS="725"
                          CONTENT="quod"/>
                  <SP HEIGHT="34" WIDTH="15" VPOS="964" HPOS="842"/>
                  <String HEIGHT="34"
                          WIDTH="131"
                          VPOS="964"
                          HPOS="798"
                          CONTENT="omnia"/>
                  <SP HEIGHT="34" WIDTH="15" VPOS="964" HPOS="930"/>
                  <String HEIGHT="34"
                          WIDTH="117"
                          VPOS="964"
                          HPOS="886"
                          CONTENT="ista"/>
                  <SP HEIGHT="34" WIDTH="15" VPOS="964" HPOS="1003"/>
                  <String HEIGHT="34"
                          WIDTH="204"
                          VPOS="964"
                          HPOS="959"
                          CONTENT="reducuntur"/>
                  <SP HEIGHT="34" WIDTH="15" VPOS="964" HPOS="1163"/>
                  <String HEIGHT="34" WIDTH="88" VPOS="964" HPOS="1119" CONTENT="ad"/>
                  <SP HEIGHT="34" WIDTH="15" VPOS="964" HPOS="1207"/>
                  <String HEIGHT="34"
                          WIDTH="88"
                          VPOS="964"
                          HPOS="1148"
                          CONTENT="vnum"/>
               </TextLine>
               <TextLine ID="r4l25"
                         BASELINE="1034"
                         HEIGHT="39"
                         WIDTH="506"
                         VPOS="995"
                         HPOS="737">
                  <String HEIGHT="39"
                          WIDTH="196"
                          VPOS="995"
                          HPOS="721"
                          CONTENT="secundum"/>
                  <SP HEIGHT="39" WIDTH="16" VPOS="995" HPOS="917"/>
                  <String HEIGHT="39"
                          WIDTH="310"
                          VPOS="995"
                          HPOS="868"
                          CONTENT="continuationem,"/>
                  <SP HEIGHT="39" WIDTH="16" VPOS="995" HPOS="1178"/>
                  <String HEIGHT="39" WIDTH="82" VPOS="995" HPOS="1129" CONTENT="&amp;"/>
                  <SP HEIGHT="39" WIDTH="16" VPOS="995" HPOS="1210"/>
                  <String HEIGHT="39"
                          WIDTH="98"
                          VPOS="995"
                          HPOS="1145"
                          CONTENT="vnum"/>
               </TextLine>
               <TextLine ID="r4l26"
                         BASELINE="1075"
                         HEIGHT="39"
                         WIDTH="499"
                         VPOS="1036"
                         HPOS="740">
                  <String HEIGHT="39"
                          WIDTH="181"
                          VPOS="1036"
                          HPOS="725"
                          CONTENT="secundum"/>
                  <SP HEIGHT="39" WIDTH="15" VPOS="1036" HPOS="906"/>
                  <String HEIGHT="39"
                          WIDTH="151"
                          VPOS="1036"
                          HPOS="861"
                          CONTENT="totum."/>
                  <SP HEIGHT="39" WIDTH="15" VPOS="1036" HPOS="1012"/>
                  <String HEIGHT="39"
                          WIDTH="151"
                          VPOS="1036"
                          HPOS="967"
                          CONTENT="Deinde"/>
                  <SP HEIGHT="39" WIDTH="15" VPOS="1036" HPOS="1118"/>
                  <String HEIGHT="39" WIDTH="91" VPOS="1036" HPOS="1073" CONTENT="d."/>
                  <SP HEIGHT="39" WIDTH="15" VPOS="1036" HPOS="1163"/>
                  <String HEIGHT="39" WIDTH="91" VPOS="1036" HPOS="1118" CONTENT="Et"/>
                  <SP HEIGHT="39" WIDTH="15" VPOS="1036" HPOS="1209"/>
                  <String HEIGHT="39"
                          WIDTH="91"
                          VPOS="1036"
                          HPOS="1148"
                          CONTENT="quae"/>
               </TextLine>
               <TextLine ID="r4l27"
                         BASELINE="1112"
                         HEIGHT="41"
                         WIDTH="499"
                         VPOS="1071"
                         HPOS="736">
                  <String HEIGHT="41"
                          WIDTH="109"
                          VPOS="1071"
                          HPOS="720"
                          CONTENT="dam"/>
                  <SP HEIGHT="41" WIDTH="16" VPOS="1071" HPOS="830"/>
                  <String HEIGHT="41"
                          WIDTH="125"
                          VPOS="1071"
                          HPOS="783"
                          CONTENT="sunt"/>
                  <SP HEIGHT="41" WIDTH="16" VPOS="1071" HPOS="908"/>
                  <String HEIGHT="41"
                          WIDTH="140"
                          VPOS="1071"
                          HPOS="861"
                          CONTENT="talia"/>
                  <SP HEIGHT="41" WIDTH="16" VPOS="1071" HPOS="1001"/>
                  <String HEIGHT="41"
                          WIDTH="187"
                          VPOS="1071"
                          HPOS="954"
                          CONTENT="secundum"/>
                  <SP HEIGHT="41" WIDTH="16" VPOS="1071" HPOS="1141"/>
                  <String HEIGHT="41"
                          WIDTH="156"
                          VPOS="1071"
                          HPOS="1079"
                          CONTENT="conuenio"/>
               </TextLine>
               <TextLine ID="r4l28"
                         BASELINE="1149"
                         HEIGHT="33"
                         WIDTH="505"
                         VPOS="1116"
                         HPOS="738">
                  <String HEIGHT="33"
                          WIDTH="126"
                          VPOS="1116"
                          HPOS="724"
                          CONTENT="tiam,"/>
                  <SP HEIGHT="33" WIDTH="14" VPOS="1116" HPOS="850"/>
                  <String HEIGHT="33" WIDTH="98" VPOS="1116" HPOS="808" CONTENT="&amp;c."/>
                  <SP HEIGHT="33" WIDTH="14" VPOS="1116" HPOS="906"/>
                  <String HEIGHT="33" WIDTH="84" VPOS="1116" HPOS="864" CONTENT="i."/>
                  <SP HEIGHT="33" WIDTH="14" VPOS="1116" HPOS="948"/>
                  <String HEIGHT="33" WIDTH="70" VPOS="1116" HPOS="906" CONTENT="&amp;"/>
                  <SP HEIGHT="33" WIDTH="14" VPOS="1116" HPOS="976"/>
                  <String HEIGHT="33"
                          WIDTH="112"
                          VPOS="1116"
                          HPOS="934"
                          CONTENT="vnum"/>
                  <SP HEIGHT="33" WIDTH="14" VPOS="1116" HPOS="1047"/>
                  <String HEIGHT="33"
                          WIDTH="154"
                          VPOS="1116"
                          HPOS="1005"
                          CONTENT="dicitur"/>
                  <SP HEIGHT="33" WIDTH="14" VPOS="1116" HPOS="1159"/>
                  <String HEIGHT="33"
                          WIDTH="126"
                          VPOS="1116"
                          HPOS="1117"
                          CONTENT="etiam"/>
                  <SP HEIGHT="33" WIDTH="14" VPOS="1116" HPOS="1243"/>
                  <String HEIGHT="33" WIDTH="56" VPOS="1116" HPOS="1187" CONTENT="de"/>
               </TextLine>
               <TextLine ID="r4l29"
                         BASELINE="1198"
                         HEIGHT="49"
                         WIDTH="504"
                         VPOS="1149"
                         HPOS="739">
                  <String HEIGHT="49"
                          WIDTH="144"
                          VPOS="1149"
                          HPOS="725"
                          CONTENT="illis,"/>
                  <SP HEIGHT="49" WIDTH="14" VPOS="1149" HPOS="869"/>
                  <String HEIGHT="49"
                          WIDTH="144"
                          VPOS="1149"
                          HPOS="825"
                          CONTENT="quorum"/>
                  <SP HEIGHT="49" WIDTH="14" VPOS="1149" HPOS="969"/>
                  <String HEIGHT="49"
                          WIDTH="187"
                          VPOS="1149"
                          HPOS="926"
                          CONTENT="proportio"/>
                  <SP HEIGHT="49" WIDTH="14" VPOS="1149" HPOS="1113"/>
                  <String HEIGHT="49" WIDTH="86" VPOS="1149" HPOS="1070" CONTENT="ad"/>
                  <SP HEIGHT="49" WIDTH="14" VPOS="1149" HPOS="1157"/>
                  <String HEIGHT="49"
                          WIDTH="144"
                          VPOS="1149"
                          HPOS="1099"
                          CONTENT="intelle"
                          SUBS_TYPE="HypPart1"
                          SUBS_CONTENT="intellectum"/>
                  <HYP CONTENT="-"/>
               </TextLine>
               <TextLine ID="r4l30"
                         BASELINE="1227"
                         HEIGHT="39"
                         WIDTH="504"
                         VPOS="1188"
                         HPOS="734">
                  <String HEIGHT="39"
                          WIDTH="126"
                          VPOS="1188"
                          HPOS="718"
                          CONTENT="ctum"
                          SUBS_TYPE="HypPart2"
                          SUBS_CONTENT="intellectum"/>
                  <SP HEIGHT="39" WIDTH="16" VPOS="1188" HPOS="844"/>
                  <String HEIGHT="39"
                          WIDTH="110"
                          VPOS="1188"
                          HPOS="797"
                          CONTENT="est"/>
                  <SP HEIGHT="39" WIDTH="16" VPOS="1188" HPOS="907"/>
                  <String HEIGHT="39"
                          WIDTH="142"
                          VPOS="1188"
                          HPOS="860"
                          CONTENT="sicut"/>
                  <SP HEIGHT="39" WIDTH="16" VPOS="1188" HPOS="1002"/>
                  <String HEIGHT="39"
                          WIDTH="205"
                          VPOS="1188"
                          HPOS="955"
                          CONTENT="proportio"/>
                  <SP HEIGHT="39" WIDTH="16" VPOS="1188" HPOS="1159"/>
                  <String HEIGHT="39"
                          WIDTH="142"
                          VPOS="1188"
                          HPOS="1096"
                          CONTENT="istorum"/>
               </TextLine>
               <TextLine ID="r4l31"
                         BASELINE="1267"
                         HEIGHT="42"
                         WIDTH="502"
                         VPOS="1225"
                         HPOS="732">
                  <String HEIGHT="42" WIDTH="81" VPOS="1225" HPOS="718" CONTENT="ad"/>
                  <SP HEIGHT="42" WIDTH="14" VPOS="1225" HPOS="800"/>
                  <String HEIGHT="42"
                          WIDTH="149"
                          VPOS="1225"
                          HPOS="759"
                          CONTENT="sensum:"/>
                  <SP HEIGHT="42" WIDTH="14" VPOS="1225" HPOS="908"/>
                  <String HEIGHT="42" WIDTH="68" VPOS="1225" HPOS="868" CONTENT="&amp;"/>
                  <SP HEIGHT="42" WIDTH="14" VPOS="1225" HPOS="936"/>
                  <String HEIGHT="42"
                          WIDTH="109"
                          VPOS="1225"
                          HPOS="895"
                          CONTENT="sunt"/>
                  <SP HEIGHT="42" WIDTH="14" VPOS="1225" HPOS="1003"/>
                  <String HEIGHT="42"
                          WIDTH="122"
                          VPOS="1225"
                          HPOS="963"
                          CONTENT="illa,"/>
                  <SP HEIGHT="42" WIDTH="14" VPOS="1225" HPOS="1085"/>
                  <String HEIGHT="42"
                          WIDTH="109"
                          VPOS="1225"
                          HPOS="1044"
                          CONTENT="quae"/>
                  <SP HEIGHT="42" WIDTH="14" VPOS="1225" HPOS="1153"/>
                  <String HEIGHT="42"
                          WIDTH="95"
                          VPOS="1225"
                          HPOS="1112"
                          CONTENT="non"/>
                  <SP HEIGHT="42" WIDTH="14" VPOS="1225" HPOS="1207"/>
                  <String HEIGHT="42"
                          WIDTH="81"
                          VPOS="1225"
                          HPOS="1153"
                          CONTENT="diui"/>
               </TextLine>
               <TextLine ID="r4l32"
                         BASELINE="1317"
                         HEIGHT="51"
                         WIDTH="492"
                         VPOS="1266"
                         HPOS="738">
                  <String HEIGHT="51"
                          WIDTH="150"
                          VPOS="1266"
                          HPOS="724"
                          CONTENT="duntur,"/>
                  <SP HEIGHT="51" WIDTH="14" VPOS="1266" HPOS="875"/>
                  <String HEIGHT="51"
                          WIDTH="137"
                          VPOS="1266"
                          HPOS="834"
                          CONTENT="quando"/>
                  <SP HEIGHT="51" WIDTH="14" VPOS="1266" HPOS="970"/>
                  <String HEIGHT="51"
                          WIDTH="246"
                          VPOS="1266"
                          HPOS="929"
                          CONTENT="intelliguntur."/>
                  <SP HEIGHT="51" WIDTH="14" VPOS="1266" HPOS="1175"/>
                  <String HEIGHT="51" WIDTH="68" VPOS="1266" HPOS="1134" CONTENT="&amp;"/>
                  <SP HEIGHT="51" WIDTH="14" VPOS="1266" HPOS="1203"/>
                  <String HEIGHT="51"
                          WIDTH="82"
                          VPOS="1266"
                          HPOS="1148"
                          CONTENT="isto"/>
               </TextLine>
               <TextLine ID="r4l33"
                         BASELINE="1346"
                         HEIGHT="37"
                         WIDTH="498"
                         VPOS="1309"
                         HPOS="732">
                  <String HEIGHT="37"
                          WIDTH="103"
                          VPOS="1309"
                          HPOS="717"
                          CONTENT="rum"/>
                  <SP HEIGHT="37" WIDTH="15" VPOS="1309" HPOS="820"/>
                  <String HEIGHT="37"
                          WIDTH="161"
                          VPOS="1309"
                          HPOS="776"
                          CONTENT="quaedam"/>
                  <SP HEIGHT="37" WIDTH="15" VPOS="1309" HPOS="937"/>
                  <String HEIGHT="37"
                          WIDTH="132"
                          VPOS="1309"
                          HPOS="893"
                          CONTENT="sunt,"/>
                  <SP HEIGHT="37" WIDTH="15" VPOS="1309" HPOS="1025"/>
                  <String HEIGHT="37"
                          WIDTH="117"
                          VPOS="1309"
                          HPOS="981"
                          CONTENT="quae"/>
                  <SP HEIGHT="37" WIDTH="15" VPOS="1309" HPOS="1098"/>
                  <String HEIGHT="37"
                          WIDTH="103"
                          VPOS="1309"
                          HPOS="1054"
                          CONTENT="non"/>
                  <SP HEIGHT="37" WIDTH="15" VPOS="1309" HPOS="1157"/>
                  <String HEIGHT="37"
                          WIDTH="132"
                          VPOS="1309"
                          HPOS="1098"
                          CONTENT="diuidum"/>
               </TextLine>
               <TextLine ID="r4l34"
                         BASELINE="1387"
                         HEIGHT="46"
                         WIDTH="498"
                         VPOS="1341"
                         HPOS="743">
                  <String HEIGHT="46" WIDTH="92" VPOS="1341" HPOS="730" CONTENT="tur"/>
                  <SP HEIGHT="46" WIDTH="13" VPOS="1341" HPOS="822"/>
                  <String HEIGHT="46" WIDTH="79" VPOS="1341" HPOS="782" CONTENT="in"/>
                  <SP HEIGHT="46" WIDTH="13" VPOS="1341" HPOS="861"/>
                  <String HEIGHT="46"
                          WIDTH="197"
                          VPOS="1341"
                          HPOS="822"
                          CONTENT="intellectu,"/>
                  <SP HEIGHT="46" WIDTH="13" VPOS="1341" HPOS="1018"/>
                  <String HEIGHT="46"
                          WIDTH="118"
                          VPOS="1341"
                          HPOS="979"
                          CONTENT="neque"/>
                  <SP HEIGHT="46" WIDTH="13" VPOS="1341" HPOS="1097"/>
                  <String HEIGHT="46"
                          WIDTH="183"
                          VPOS="1341"
                          HPOS="1058"
                          CONTENT="diuiduntur"/>
                  <SP HEIGHT="46" WIDTH="13" VPOS="1341" HPOS="1241"/>
                  <String HEIGHT="46" WIDTH="52" VPOS="1341" HPOS="1189" CONTENT="in"/>
               </TextLine>
               <TextLine ID="r4l35"
                         BASELINE="1433"
                         HEIGHT="53"
                         WIDTH="500"
                         VPOS="1380"
                         HPOS="732">
                  <String HEIGHT="53"
                          WIDTH="157"
                          VPOS="1380"
                          HPOS="718"
                          CONTENT="aliquod"/>
                  <SP HEIGHT="53" WIDTH="14" VPOS="1380" HPOS="875"/>
                  <String HEIGHT="53"
                          WIDTH="243"
                          VPOS="1380"
                          HPOS="832"
                          CONTENT="indiuisibile:"/>
                  <SP HEIGHT="53" WIDTH="14" VPOS="1380" HPOS="1075"/>
                  <String HEIGHT="53" WIDTH="86" VPOS="1380" HPOS="1032" CONTENT="vt"/>
                  <SP HEIGHT="53" WIDTH="14" VPOS="1380" HPOS="1118"/>
                  <String HEIGHT="53"
                          WIDTH="171"
                          VPOS="1380"
                          HPOS="1075"
                          CONTENT="punctus,"/>
                  <SP HEIGHT="53" WIDTH="14" VPOS="1380" HPOS="1246"/>
                  <String HEIGHT="53" WIDTH="43" VPOS="1380" HPOS="1189" CONTENT="&amp;"/>
               </TextLine>
               <TextLine ID="r4l36"
                         BASELINE="1466"
                         HEIGHT="45"
                         WIDTH="498"
                         VPOS="1421"
                         HPOS="744">
                  <String HEIGHT="45"
                          WIDTH="102"
                          VPOS="1421"
                          HPOS="731"
                          CONTENT="vnum"/>
                  <SP HEIGHT="45" WIDTH="13" VPOS="1421" HPOS="833"/>
                  <String HEIGHT="45" WIDTH="77" VPOS="1421" HPOS="795" CONTENT="in"/>
                  <SP HEIGHT="45" WIDTH="13" VPOS="1421" HPOS="872"/>
                  <String HEIGHT="45"
                          WIDTH="140"
                          VPOS="1421"
                          HPOS="833"
                          CONTENT="numero,"/>
                  <SP HEIGHT="45" WIDTH="13" VPOS="1421" HPOS="974"/>
                  <String HEIGHT="45" WIDTH="64" VPOS="1421" HPOS="936" CONTENT="&amp;"/>
                  <SP HEIGHT="45" WIDTH="13" VPOS="1421" HPOS="999"/>
                  <String HEIGHT="45"
                          WIDTH="192"
                          VPOS="1421"
                          HPOS="961"
                          CONTENT="vniversaler"/>
                  <SP HEIGHT="45" WIDTH="13" VPOS="1421" HPOS="1153"/>
                  <String HEIGHT="45"
                          WIDTH="102"
                          VPOS="1421"
                          HPOS="1114"
                          CONTENT="quod"/>
                  <SP HEIGHT="45" WIDTH="13" VPOS="1421" HPOS="1216"/>
                  <String HEIGHT="45"
                          WIDTH="89"
                          VPOS="1421"
                          HPOS="1178"
                          CONTENT="non"/>
                  <SP HEIGHT="45" WIDTH="13" VPOS="1421" HPOS="1268"/>
                  <String HEIGHT="45" WIDTH="26" VPOS="1421" HPOS="1216" CONTENT=""/>
               </TextLine>
               <TextLine ID="r4l37"
                         BASELINE="1498"
                         HEIGHT="42"
                         WIDTH="500"
                         VPOS="1456"
                         HPOS="738">
                  <String HEIGHT="42"
                          WIDTH="191"
                          VPOS="1456"
                          HPOS="723"
                          CONTENT="diuiditur"/>
                  <SP HEIGHT="42" WIDTH="15" VPOS="1456" HPOS="914"/>
                  <String HEIGHT="42"
                          WIDTH="176"
                          VPOS="1456"
                          HPOS="870"
                          CONTENT="secundum"/>
                  <SP HEIGHT="42" WIDTH="15" VPOS="1456" HPOS="1047"/>
                  <String HEIGHT="42"
                          WIDTH="235"
                          VPOS="1456"
                          HPOS="1003"
                          CONTENT="definitionem"/>
                  <SP HEIGHT="42" WIDTH="15" VPOS="1456" HPOS="1238"/>
                  <String HEIGHT="42" WIDTH="59" VPOS="1456" HPOS="1179" CONTENT="in"/>
               </TextLine>
               <TextLine ID="r4l38"
                         BASELINE="1553"
                         HEIGHT="53"
                         WIDTH="492"
                         VPOS="1500"
                         HPOS="743">
                  <String HEIGHT="53"
                          WIDTH="106"
                          VPOS="1500"
                          HPOS="730"
                          CONTENT="illo"/>
                  <SP HEIGHT="53" WIDTH="13" VPOS="1500" HPOS="836"/>
                  <String HEIGHT="53"
                          WIDTH="146"
                          VPOS="1500"
                          HPOS="796"
                          CONTENT="genere:"/>
                  <SP HEIGHT="53" WIDTH="13" VPOS="1500" HPOS="942"/>
                  <String HEIGHT="53" WIDTH="80" VPOS="1500" HPOS="903" CONTENT="vt"/>
                  <SP HEIGHT="53" WIDTH="13" VPOS="1500" HPOS="982"/>
                  <String HEIGHT="53"
                          WIDTH="173"
                          VPOS="1500"
                          HPOS="942"
                          CONTENT="definitio"/>
                  <SP HEIGHT="53" WIDTH="13" VPOS="1500" HPOS="1115"/>
                  <String HEIGHT="53"
                          WIDTH="146"
                          VPOS="1500"
                          HPOS="1075"
                          CONTENT="puncti,"/>
                  <SP HEIGHT="53" WIDTH="13" VPOS="1500" HPOS="1222"/>
                  <String HEIGHT="53"
                          WIDTH="66"
                          VPOS="1500"
                          HPOS="1169"
                          CONTENT="qua"/>
               </TextLine>
               <TextLine ID="r4l39"
                         BASELINE="1591"
                         HEIGHT="49"
                         WIDTH="510"
                         VPOS="1542"
                         HPOS="733">
                  <String HEIGHT="49" WIDTH="94" VPOS="1542" HPOS="720" CONTENT="non"/>
                  <SP HEIGHT="49" WIDTH="13" VPOS="1542" HPOS="814"/>
                  <String HEIGHT="49"
                          WIDTH="174"
                          VPOS="1542"
                          HPOS="773"
                          CONTENT="diuiditur"/>
                  <SP HEIGHT="49" WIDTH="13" VPOS="1542" HPOS="948"/>
                  <String HEIGHT="49" WIDTH="81" VPOS="1542" HPOS="907" CONTENT="in"/>
                  <SP HEIGHT="49" WIDTH="13" VPOS="1542" HPOS="988"/>
                  <String HEIGHT="49"
                          WIDTH="228"
                          VPOS="1542"
                          HPOS="948"
                          CONTENT="magnitudinem,"/>
                  <SP HEIGHT="49" WIDTH="13" VPOS="1542" HPOS="1176"/>
                  <String HEIGHT="49" WIDTH="67" VPOS="1542" HPOS="1136" CONTENT="&amp;"/>
                  <SP HEIGHT="49" WIDTH="13" VPOS="1542" HPOS="1203"/>
                  <String HEIGHT="49"
                          WIDTH="94"
                          VPOS="1542"
                          HPOS="1149"
                          CONTENT="defi"
                          SUBS_TYPE="HypPart1"
                          SUBS_CONTENT="definitio"/>
                  <HYP CONTENT="-"/>
               </TextLine>
               <TextLine ID="r4l40"
                         BASELINE="1629"
                         HEIGHT="53"
                         WIDTH="498"
                         VPOS="1576"
                         HPOS="743">
                  <String HEIGHT="53"
                          WIDTH="121"
                          VPOS="1576"
                          HPOS="730"
                          CONTENT="nitio"
                          SUBS_TYPE="HypPart2"
                          SUBS_CONTENT="definitio"/>
                  <SP HEIGHT="53" WIDTH="13" VPOS="1576" HPOS="851"/>
                  <String HEIGHT="53"
                          WIDTH="121"
                          VPOS="1576"
                          HPOS="810"
                          CONTENT="vnius"/>
                  <SP HEIGHT="53" WIDTH="13" VPOS="1576" HPOS="931"/>
                  <String HEIGHT="53" WIDTH="81" VPOS="1576" HPOS="891" CONTENT="in"/>
                  <SP HEIGHT="53" WIDTH="13" VPOS="1576" HPOS="972"/>
                  <String HEIGHT="53"
                          WIDTH="148"
                          VPOS="1576"
                          HPOS="931"
                          CONTENT="numero,"/>
                  <SP HEIGHT="53" WIDTH="13" VPOS="1576" HPOS="1079"/>
                  <String HEIGHT="53"
                          WIDTH="108"
                          VPOS="1576"
                          HPOS="1039"
                          CONTENT="quae"/>
                  <SP HEIGHT="53" WIDTH="13" VPOS="1576" HPOS="1147"/>
                  <String HEIGHT="53"
                          WIDTH="94"
                          VPOS="1576"
                          HPOS="1106"
                          CONTENT="non"/>
                  <SP HEIGHT="53" WIDTH="13" VPOS="1576" HPOS="1201"/>
                  <String HEIGHT="53"
                          WIDTH="94"
                          VPOS="1576"
                          HPOS="1147"
                          CONTENT="diui"
                          SUBS_TYPE="HypPart1"
                          SUBS_CONTENT="diuiditur"/>
                  <HYP CONTENT="-"/>
               </TextLine>
               <TextLine ID="r4l41"
                         BASELINE="1654"
                         HEIGHT="41"
                         WIDTH="496"
                         VPOS="1613"
                         HPOS="743">
                  <String HEIGHT="41"
                          WIDTH="121"
                          VPOS="1613"
                          HPOS="730"
                          CONTENT="ditur"
                          SUBS_TYPE="HypPart2"
                          SUBS_CONTENT="diuiditur"/>
                  <SP HEIGHT="41" WIDTH="13" VPOS="1613" HPOS="850"/>
                  <String HEIGHT="41"
                          WIDTH="161"
                          VPOS="1613"
                          HPOS="810"
                          CONTENT="secundum"/>
                  <SP HEIGHT="41" WIDTH="13" VPOS="1613" HPOS="971"/>
                  <String HEIGHT="41"
                          WIDTH="161"
                          VPOS="1613"
                          HPOS="931"
                          CONTENT="numerum."/>
                  <SP HEIGHT="41" WIDTH="13" VPOS="1613" HPOS="1092"/>
                  <String HEIGHT="41"
                          WIDTH="134"
                          VPOS="1613"
                          HPOS="1051"
                          CONTENT="Deinde"/>
                  <SP HEIGHT="41" WIDTH="13" VPOS="1613" HPOS="1185"/>
                  <String HEIGHT="41"
                          WIDTH="107"
                          VPOS="1613"
                          HPOS="1132"
                          CONTENT="dicit:"/>
               </TextLine>
               <TextLine ID="r4l42"
                         BASELINE="1698"
                         HEIGHT="41"
                         WIDTH="495"
                         VPOS="1657"
                         HPOS="750">
                  <String HEIGHT="41"
                          WIDTH="110"
                          VPOS="1657"
                          HPOS="736"
                          CONTENT="Vnum"/>
                  <SP HEIGHT="41" WIDTH="14" VPOS="1657" HPOS="846"/>
                  <String HEIGHT="41"
                          WIDTH="124"
                          VPOS="1657"
                          HPOS="805"
                          CONTENT="autem"/>
                  <SP HEIGHT="41" WIDTH="14" VPOS="1657" HPOS="929"/>
                  <String HEIGHT="41"
                          WIDTH="165"
                          VPOS="1657"
                          HPOS="888"
                          CONTENT="secundum"/>
                  <SP HEIGHT="41" WIDTH="14" VPOS="1657" HPOS="1053"/>
                  <String HEIGHT="41"
                          WIDTH="138"
                          VPOS="1657"
                          HPOS="1011"
                          CONTENT="formam"/>
                  <SP HEIGHT="41" WIDTH="14" VPOS="1657" HPOS="1149"/>
                  <String HEIGHT="41"
                          WIDTH="96"
                          VPOS="1657"
                          HPOS="1108"
                          CONTENT="est"/>
                  <SP HEIGHT="41" WIDTH="14" VPOS="1657" HPOS="1204"/>
                  <String HEIGHT="41"
                          WIDTH="96"
                          VPOS="1657"
                          HPOS="1149"
                          CONTENT="illud"/>
               </TextLine>
               <TextLine ID="r4l43"
                         BASELINE="1746"
                         HEIGHT="46"
                         WIDTH="492"
                         VPOS="1700"
                         HPOS="740">
                  <String HEIGHT="46"
                          WIDTH="101"
                          VPOS="1700"
                          HPOS="727"
                          CONTENT="quod"/>
                  <SP HEIGHT="46" WIDTH="13" VPOS="1700" HPOS="828"/>
                  <String HEIGHT="46" WIDTH="88" VPOS="1700" HPOS="790" CONTENT="non"/>
                  <SP HEIGHT="46" WIDTH="13" VPOS="1700" HPOS="879"/>
                  <String HEIGHT="46"
                          WIDTH="164"
                          VPOS="1700"
                          HPOS="841"
                          CONTENT="diuiditur"/>
                  <SP HEIGHT="46" WIDTH="13" VPOS="1700" HPOS="1005"/>
                  <String HEIGHT="46"
                          WIDTH="151"
                          VPOS="1700"
                          HPOS="967"
                          CONTENT="secundum"/>
                  <SP HEIGHT="46" WIDTH="13" VPOS="1700" HPOS="1118"/>
                  <String HEIGHT="46"
                          WIDTH="164"
                          VPOS="1700"
                          HPOS="1068"
                          CONTENT="cognitionem"/>
               </TextLine>
               <TextLine ID="r4l44"
                         BASELINE="1769"
                         HEIGHT="36"
                         WIDTH="498"
                         VPOS="1733"
                         HPOS="743">
                  <String HEIGHT="36" WIDTH="71" VPOS="1733" HPOS="729" CONTENT="&amp;"/>
                  <SP HEIGHT="36" WIDTH="14" VPOS="1733" HPOS="800"/>
                  <String HEIGHT="36"
                          WIDTH="185"
                          VPOS="1733"
                          HPOS="757"
                          CONTENT="diuiditur"/>
                  <SP HEIGHT="36" WIDTH="14" VPOS="1733" HPOS="942"/>
                  <String HEIGHT="36" WIDTH="85" VPOS="1733" HPOS="900" CONTENT="in"/>
                  <SP HEIGHT="36" WIDTH="14" VPOS="1733" HPOS="985"/>
                  <String HEIGHT="36"
                          WIDTH="128"
                          VPOS="1733"
                          HPOS="942"
                          CONTENT="esse."/>
                  <SP HEIGHT="36" WIDTH="14" VPOS="1733" HPOS="1070"/>
                  <String HEIGHT="36" WIDTH="71" VPOS="1733" HPOS="1028" CONTENT="&amp;"/>
                  <SP HEIGHT="36" WIDTH="14" VPOS="1733" HPOS="1099"/>
                  <String HEIGHT="36"
                          WIDTH="100"
                          VPOS="1733"
                          HPOS="1056"
                          CONTENT="hoc"/>
                  <SP HEIGHT="36" WIDTH="14" VPOS="1733" HPOS="1156"/>
                  <String HEIGHT="36"
                          WIDTH="100"
                          VPOS="1733"
                          HPOS="1113"
                          CONTENT="est"/>
                  <SP HEIGHT="36" WIDTH="14" VPOS="1733" HPOS="1213"/>
                  <String HEIGHT="36"
                          WIDTH="85"
                          VPOS="1733"
                          HPOS="1156"
                          CONTENT="vnum"/>
               </TextLine>
               <TextLine ID="r4l45"
                         BASELINE="1810"
                         HEIGHT="38"
                         WIDTH="504"
                         VPOS="1772"
                         HPOS="732">
                  <String HEIGHT="38" WIDTH="68" VPOS="1772" HPOS="718" CONTENT="x"/>
                  <SP HEIGHT="38" WIDTH="14" VPOS="1772" HPOS="786"/>
                  <String HEIGHT="38"
                          WIDTH="191"
                          VPOS="1772"
                          HPOS="746"
                          CONTENT="diuisibile"/>
                  <SP HEIGHT="38" WIDTH="14" VPOS="1772" HPOS="936"/>
                  <String HEIGHT="38"
                          WIDTH="191"
                          VPOS="1772"
                          HPOS="895"
                          CONTENT="econtiario"/>
                  <SP HEIGHT="38" WIDTH="14" VPOS="1772" HPOS="1086"/>
                  <String HEIGHT="38" WIDTH="82" VPOS="1772" HPOS="1045" CONTENT="de"/>
                  <SP HEIGHT="38" WIDTH="14" VPOS="1772" HPOS="1127"/>
                  <String HEIGHT="38"
                          WIDTH="95"
                          VPOS="1772"
                          HPOS="1086"
                          CONTENT="vno"/>
                  <SP HEIGHT="38" WIDTH="14" VPOS="1772" HPOS="1182"/>
                  <String HEIGHT="38"
                          WIDTH="109"
                          VPOS="1772"
                          HPOS="1127"
                          CONTENT="secun"
                          SUBS_TYPE="HypPart1"
                          SUBS_CONTENT="secundum"/>
                  <HYP CONTENT="-"/>
               </TextLine>
               <TextLine ID="line_1604626564395_3387"
                         BASELINE="1867"
                         HEIGHT="54"
                         WIDTH="501"
                         VPOS="1813"
                         HPOS="732">
                  <String HEIGHT="54"
                          WIDTH="97"
                          VPOS="1813"
                          HPOS="718"
                          CONTENT="dum"
                          SUBS_TYPE="HypPart2"
                          SUBS_CONTENT="secundum"/>
                  <SP HEIGHT="54" WIDTH="14" VPOS="1813" HPOS="816"/>
                  <String HEIGHT="54"
                          WIDTH="223"
                          VPOS="1813"
                          HPOS="774"
                          CONTENT="definitionem"/>
                  <SP HEIGHT="54" WIDTH="14" VPOS="1813" HPOS="996"/>
                  <String HEIGHT="54" WIDTH="84" VPOS="1813" HPOS="955" CONTENT="in"/>
                  <SP HEIGHT="54" WIDTH="14" VPOS="1813" HPOS="1038"/>
                  <String HEIGHT="54"
                          WIDTH="181"
                          VPOS="1813"
                          HPOS="996"
                          CONTENT="vnoquoque"/>
                  <SP HEIGHT="54" WIDTH="14" VPOS="1813" HPOS="1177"/>
                  <String HEIGHT="54"
                          WIDTH="111"
                          VPOS="1813"
                          HPOS="1122"
                          CONTENT="genere"/>
               </TextLine>
            </TextBlock>
         </PrintSpace>
      </Page>
   </Layout>
</alto>
