1475 2066
189 132 127 55 itaque
278 132 153 55 vniveral
393 132 89 55 non
444 132 102 55 esse
507 132 89 55 aut
546 132 165 55 auferendum,

204 180 108 38 aut
265 180 201 38 addendum,
420 180 124 38 illa
497 180 139 38 certa
574 180 139 38 mensura

200 220 121 55 est.
276 220 137 55 Quare
367 220 152 55 numeri
473 220 213 55 certissima
625 220 91 55 est.

196 262 212 52 vnitatem
355 262 176 52 etenim
479 262 194 52 ponunt,
602 262 106 52 quae

198 307 136 39 omnino
294 307 232 39 indiuisibilis
485 307 109 39 est.
553 307 82 39 in
581 307 136 39 caeteris

197 343 135 43 vero
281 343 219 43 imitantur
450 343 269 43 huiuscemodi.
652 343 67 43 ex

199 388 147 50 stadio
302 388 147 50 nanque
405 388 73 50 &
434 388 176 50 talento,
566 388 88 50 ac
596 388 117 50 semper

203 428 76 47 a
233 428 152 47 maiore
340 428 152 47 magis,
446 428 183 47 profecto
568 428 137 47 latebit

192 471 92 44 &
228 471 203 44 additum
376 471 203 44 aliquid
524 471 92 44 &
542 471 166 44 demptum

198 515 123 56 quam
275 515 92 56 ex
321 515 169 56 minore.
444 515 139 56 Quare
537 515 77 56 a
567 515 108 56 quo
614 515 92 56 pri-

206 557 88 56 mo
250 557 176 56 secundum
383 557 147 56 sensum
486 557 103 56 non
530 557 176 56 contingit,

203 597 119 54 hoc
271 597 153 54 omnes
373 597 221 54 mensuram,
543 597 85 54 &
560 597 153 54 humido-

193 637 118 45 rum,
267 637 74 45 &
296 637 191 45 siceorum,
443 637 74 45 &
473 637 162 45 grauis,
590 637 74 45 &
605 637 103 45 leuis

203 685 161 44 faciunt:
323 685 67 44 &
350 685 107 44 tunc
417 685 134 44 putant
510 685 187 44 cognoscere
644 685 67 44 qua

187 725 121 53 tum,
263 725 106 53 cum
323 725 106 53 per
384 725 121 53 hanc
460 725 182 53 mensuram
581 725 137 53 sciant.

224 796 85 62 Et
266 796 85 62 ex
309 796 99 62 hoc
365 796 155 62 dicitur
478 796 141 62 mesura
563 796 141 62 inaliis,

195 845 103 61 per
254 845 103 61 qua
313 845 146 61 scitur
415 845 132 61 primo
503 845 190 61 quodlibet
635 845 73 61 eo-

193 888 122 65 rum,
269 888 76 65 &
299 888 137 65 actio
391 888 213 65 cuiuslibet
559 888 137 65 eorum
635 888 76 65 est

199 941 120 61 vna,
274 941 90 61 in
319 941 241 61 longitudine,
515 941 75 61 &
545 941 90 61 in
575 941 136 61 latitu-

188 988 147 63 dine,
286 988 82 63 &
318 988 212 63 profundo,
481 988 82 63 &
497 988 196 63 velocitate

194 1037 194 45 Grauitas
339 1037 145 45 enim,
436 1037 81 45 &
468 1037 210 45 velocitas
613 1037 97 45 sunt

189 1093 185 53 communes
327 1093 93 53 in
374 1093 231 53 contrarius.
559 1093 77 53 &
574 1093 139 53 vtraque

200 1133 134 62 earum
290 1133 105 62 est
349 1133 164 62 duplex.
469 1133 90 62 vt
514 1133 149 62 graue,
618 1133 120 62 quod

197 1180 100 46 est
254 1180 129 46 illud
340 1180 86 46 ex
382 1180 229 46 declinatione
568 1180 100 46 est
625 1180 86 46 in
654 1180 57 46 re

195 1228 80 68 &
227 1228 144 68 etiam
323 1228 160 68 illud,
435 1228 128 68 quod
516 1228 144 68 habet
596 1228 112 68 addi-

202 1277 145 47 tionem
303 1277 261 47 declinationis.
521 1277 73 47 &
535 1277 174 47 velocitas,

194 1325 115 61 quae
266 1325 130 61 habet
352 1325 159 61 aliquem
468 1325 115 61 motu
540 1325 130 61 eius,
626 1325 115 61 quod

192 1383 156 55 habet
296 1383 121 55 per
365 1383 260 55 quantitatem
573 1383 87 55 &
607 1383 138 55 quod

188 1421 143 66 habet
284 1421 223 66 additionem
459 1421 143 66 motus
554 1421 143 66 etia.
633 1421 80 66 gra

192 1469 97 52 ue
240 1469 129 52 enim
321 1469 146 52 habet
418 1469 259 52 velocitatem,
628 1469 81 52 &

651 1472 60 50 se

190 1520 95 65 ue
238 1520 238 65 tarditatem.
428 1520 95 65 In
476 1520 175 65 omnibus
587 1520 127 65 igitur

192 1571 141 56 istis
286 1571 110 56 est
349 1571 188 56 mensura,
490 1571 78 56 &
505 1571 204 56 principium.

197 1629 118 45 quod
271 1629 104 45 non
330 1629 207 45 diuiditur.
493 1629 89 45 in
537 1629 148 45 lincis
626 1629 89 45 enim

188 1666 127 59 alii
268 1666 175 59 vtuntur
395 1666 175 59 mensura
522 1666 175 59 aequali
633 1666 79 59 mer

191 1717 147 57 surae,
294 1717 133 57 sicut
383 1717 147 57 illud,
486 1717 118 57 quod
560 1717 103 57 non
604 1717 103 57 diui-

191 1763 175 47 ditur.
313 1763 140 47 quia
400 1763 210 47 quaerunt
540 1763 175 47 mensuram

190 1810 102 64 in
241 1810 186 64 omnibus
376 1810 152 64 rebus
478 1810 186 64 aliquod
596 1810 119 64 indi

728 132 199 64 uisibile.
881 132 76 64 &
911 132 107 64 hoc
972 132 107 64 est
1034 132 184 64 simplex,
1171 132 107 64 aut
1217 132 46 64 V

727 181 188 62 qualitas,
871 181 101 62 aut
929 181 202 62 quantitas.
1088 181 101 62 Vbi
1131 181 116 62 igitur

727 223 235 67 existimatur
916 223 126 67 quod
994 223 110 67 non
1057 223 110 67 est
1104 223 141 67 diminum

727 276 115 46 tio,
798 276 100 46 aut
856 276 172 46 additio,
985 276 129 46 illud
1071 276 100 46 est
1114 276 129 46 mensura

733 333 129 55 vera,
819 333 115 55 quia
890 333 143 55 numeri
991 333 115 55 sunt
1063 333 143 55 certi.
1163 333 86 55 Et
1192 333 57 55 po

732 373 128 61 sitio
817 373 128 61 eorum
903 373 114 61 est,
974 373 114 61 quod
1045 373 100 61 vnu
1102 373 100 61 non
1145 373 100 61 diui-

730 421 138 61 ditur.
827 421 69 61 &
854 421 138 61 ialiis
950 421 124 61 rebus
1033 421 179 61 assimilat
1170 421 96 61 ei,

730 468 116 62 quod
803 468 102 62 est
861 468 131 62 tale,
948 468 145 62 quonia
1050 468 87 62 ex
1094 468 145 62 linea,
1195 468 73 62 &

730 517 80 61 ex
770 517 121 61 tali,
850 517 107 61 quod
917 517 94 61 est
971 517 134 61 centum
1065 517 147 61 librae,
1159 517 80 61 sem-

730 572 106 55 per
790 572 76 55 a
821 572 152 55 maiori
927 572 136 55 magis
1018 572 152 55 latet,
1124 572 76 55 &
1139 572 106 55 sidi-

730 604 182 70 minuitur,
870 604 98 70 aut
926 604 154 70 additur
1038 604 84 70 in
1080 604 84 70 eo
1108 604 140 70 aliquid,

729 666 119 70 quam
804 666 134 70 latet
893 666 89 70 in
938 666 164 70 minori.
1057 666 119 70 Ergo
1117 666 119 70 illud,

726 716 82 62 in
767 716 95 62 quo
822 716 95 62 est
876 716 204 62 impossibile
1040 716 82 62 vt
1081 716 95 62 hoc
1135 716 95 62 sit
1190 716 82 62 in

730 764 90 62 eo
775 764 209 62 sensibile,
939 764 194 62 accipitur
1089 764 90 62 in
1119 764 134 62 omnibus

733 813 108 61 pro
794 813 169 61 mensura
917 813 92 61 in
964 813 139 61 rebus
1056 813 185 61 humidis,
1195 813 77 61 &

727 863 96 60 in
775 863 223 60 grauitate,
950 863 80 60 &
982 863 96 60 in
1014 863 223 60 magnitudine,

725 909 85 61 &
759 909 136 61 tunc
844 909 255 61 existimant,
1047 909 136 61 quod
1115 909 136 61 sciunt

728 962 252 62 quantitatem,
933 962 157 62 quando
1043 962 157 62 sciunt
1137 962 110 62 illam

731 1013 116 56 per
798 1013 132 56 hanc
864 1013 182 56 mensuram.

774 1076 69 46 Et
808 1076 69 46 ex
842 1076 80 46 hoc
888 1076 138 46 dicitur,
992 1076 80 46 &c.
1037 1076 69 46 i.
1072 1076 69 46 ex
1106 1076 80 46 vno
1141 1076 103 46 nunera-

727 1117 80 45 li
767 1117 107 45 fuit
834 1117 147 45 transum
941 1117 107 45 ptum
1008 1117 94 45 hoc
1061 1117 121 45 nomen
1128 1117 121 45 mensura

735 1158 68 44 ad
769 1158 146 44 quodlibet
881 1158 113 44 eorum,
960 1158 90 44 quae
1016 1158 135 44 dicuntur
1118 1158 135 44 mesurare
1208 1158 45 44 ex

737 1204 75 38 eis,
784 1204 75 38 quae
831 1204 75 38 sunt
878 1204 56 38 in
906 1204 94 38 genere
972 1204 141 38 quatitatis:
1085 1204 85 38 sicut
1141 1204 75 38 fuit
1179 1204 66 38 tran-

732 1238 141 52 sumptum
835 1238 77 52 ad
873 1238 115 52 aliud
950 1238 115 52 genus
1027 1238 90 52 hoc
1078 1238 115 52 nomen
1142 1238 103 52 quati-

736 1278 83 51 tas
783 1278 59 51 a
807 1278 165 51 quantitate
937 1278 153 51 nunerali.
1054 1278 94 51 D.d.
1113 1278 59 51 &
1137 1278 106 51 actio
1196 1278 47 51 cu

735 1318 74 44 ius
778 1318 95 44 libet
841 1318 106 44 earum,
915 1318 74 44 &c.
957 1318 63 44 i.
989 1318 53 44 &
1010 1318 85 44 caum
1063 1318 63 44 in
1095 1318 116 44 transum
1169 1318 85 44 ptione

730 1357 96 53 istius
797 1357 96 53 nomnis
864 1357 57 53 ad
893 1357 86 53 illa,
950 1357 76 53 quae
998 1357 67 53 stu
1036 1357 105 53 praeter
1113 1357 105 53 nuneros
1180 1357 57 53 esti

730 1391 83 51 quia
781 1391 93 51 actio
843 1391 93 51 eorum
906 1391 72 51 est
947 1391 83 51 vnum
999 1391 62 51 in
1030 1391 124 51 omnibus.
1123 1391 124 51 quoniam,
1206 1391 41 51 si

728 1437 122 51 fuerit
813 1437 98 51 vnum
874 1437 73 51 in
911 1437 183 51 logitudine,
1057 1437 98 51 erit
1118 1437 73 51 in
1142 1437 110 51 longitu

736 1476 111 38 dine,
810 1476 62 38 &
834 1476 74 38 si
871 1476 123 38 fuerit
958 1476 99 38 vnum
1020 1476 74 38 in
1057 1476 173 38 latitudine
1180 1476 74 38 erit

732 1517 98 37 vnum
793 1517 74 37 in
830 1517 184 37 latitudine,
978 1517 61 37 &
1002 1517 74 37 si
1039 1517 74 37 in
1076 1517 148 37 profundo
1174 1517 74 37 erit

724 1551 84 42 in,
772 1551 156 42 profundo,
892 1551 60 42 &
916 1551 72 42 si
952 1551 120 42 fuerit
1037 1551 96 42 vnum
1097 1551 72 42 in
1121 1551 132 42 velocita-

726 1597 70 37 re
761 1597 105 37 motus
832 1597 105 37 cuius
902 1597 105 37 causa
972 1597 82 37 est
1019 1597 140 37 grauitas
1124 1597 59 37 &
1136 1597 117 37 leuitas,

734 1629 117 52 actio
812 1629 104 52 eius
877 1629 104 52 erit
942 1629 91 52 vna
995 1629 78 52 in
1034 1629 130 52 mesura
1112 1629 130 52 grauita-

726 1669 96 45 tis.
786 1669 96 45 D.d.
846 1669 144 45 grauitas
954 1669 96 45 enim
1014 1669 60 45 &
1038 1669 168 45 velocitas,
1170 1669 84 45 &c.
1206 1669 48 45 i.

735 1709 59 37 &
759 1709 94 37 caum
818 1709 71 37 in
853 1709 94 37 hoc,
912 1709 94 37 quod
971 1709 106 37 actio
1042 1709 142 37 mensurae
1149 1709 71 37 in
1172 1709 71 37 vno-

735 1743 131 55 quoque
826 1743 144 55 istorum
931 1743 157 55 generum,
1049 1743 92 55 est
1101 1743 92 55 vna
1140 1743 105 55 actio,

732 1781 85 51 est
780 1781 97 51 quia
841 1781 181 51 vnumquodque
985 1781 133 51 istorum
1082 1781 133 51 generum
1167 1781 85 51 diui-

726 1820 129 52 ditur
811 1820 86 52 in
854 1820 100 52 duo
911 1820 200 52 contraria,
1068 1820 71 52 &
1097 1820 114 52 sunt
1154 1820 100 52 quasi
