1475 2066
201 149 106 61 est
261 149 121 61 enim
337 149 196 61 consimile
488 149 91 61 in
533 149 181 61 omnibus.
654 149 75 61 Ma-

205 196 182 63 nifestum
341 196 106 63 est
402 196 167 63 igitur,
524 196 121 63 quod
599 196 121 63 vnum
675 196 91 63 in

215 245 173 62 quolibet
345 245 145 62 genere
446 245 101 62 est
504 245 159 62 natura,
619 245 87 62 et
663 245 101 62 non

211 292 112 62 est
275 292 112 62 hoc
339 292 128 62 vnum
418 292 159 62 natura
530 292 191 62 alicuius
657 292 80 62 eo-

217 340 110 63 rum.
286 340 96 63 sed
341 340 124 63 sicut
424 340 83 63 in
465 340 179 63 coloribus
602 340 151 63 quaere¬

209 388 97 62 re
257 388 130 62 vnum
338 388 178 62 colorem
468 388 113 62 est
533 388 146 62 vnum,
614 388 113 62 simi-

208 437 131 61 liter
296 437 87 61 in
340 437 204 61 substantia
500 437 131 61 etiam
587 437 175 61 quaerere

215 484 138 62 vnam
301 484 258 62 substantiam
508 484 121 62 est
559 484 121 62 vnum.

253 540 89 52 Et
298 540 104 52 cum
357 540 164 52 dicitur
476 540 119 52 vnum
551 540 134 52 modis
625 540 104 52 aequa

213 581 114 51 libus
289 581 101 51 eis,
352 581 126 51 quibus
441 581 139 51 dicitur
542 581 88 51 hoc
592 581 114 51 nomen
655 581 76 51 ens,

216 621 90 51 sed
268 621 167 51 differunt
396 621 154 51 secundum
512 621 129 51 modum:
602 621 64 51 &
628 621 77 51 in
654 621 77 51 qua-

216 658 138 41 litate
313 658 96 41 est
368 658 110 41 vnum
436 658 220 41 indiuisibile
615 658 96 41 per
656 658 69 41 na-

217 700 136 38 turam,
312 700 68 38 &
340 700 176 38 similiter
475 700 81 38 in
516 700 204 38 quantitate:
665 700 68 38 ma-

212 741 157 37 nifestum
329 741 104 37 est,
395 741 144 37 quoniam
499 741 91 37 iam
551 741 144 37 oportet
643 741 78 37 quae

215 775 109 43 rere
284 775 109 43 quid
352 775 96 43 sit
407 775 109 43 vnum
475 775 82 43 in
516 775 123 43 ente.
598 775 68 43 &
625 775 96 43 hoc
666 775 55 43 de

216 814 183 55 clarando
353 814 122 55 quid
429 814 107 55 sit
490 814 122 55 vnum
566 814 152 55 primum
658 814 76 55 in-

214 852 209 46 substantia,
381 852 112 46 quod
451 852 98 46 est
507 852 223 46 indiuisibile
674 852 56 46 in

209 901 94 45 ea.
262 901 108 45 D.d.
330 901 94 45 cum
384 901 81 45 in
424 901 202 45 cognitione,
586 901 94 45 &c.
640 901 81 45 i.
667 901 67 45 cum

218 932 86 39 non
267 932 148 39 sufficit
378 932 111 39 scire
451 932 98 39 quod
513 932 74 39 in
550 932 172 39 substantia
673 932 61 39 est

206 974 150 51 aliquid
315 974 123 51 tale,
397 974 95 51 sed
452 974 68 51 &
479 974 123 51 scire
561 974 109 51 quid
629 974 95 51 est
670 974 54 51 il

214 1012 96 38 lud,
274 1012 96 38 quod
334 1012 84 38 est
382 1012 96 38 vnum
442 1012 72 38 in
478 1012 180 38 substantia.
622 1012 96 38 D.d.
670 1012 60 38 sed

209 1053 68 44 in
243 1053 148 44 coloribus
357 1053 91 44 est,
414 1053 80 44 &c.
459 1053 68 44 i.
494 1053 125 44 apparet
585 1053 91 44 enim
642 1053 91 44 quod
687 1053 46 44 in

219 1088 187 42 substantia
366 1088 93 42 est
419 1088 187 42 dispositio
566 1088 120 42 sicut
633 1088 93 42 dispo

211 1128 94 43 in
258 1128 220 43 coloribus.
431 1128 236 43 quemadmodum
604 1128 126 43 igitur

214 1165 86 45 in
257 1165 187 45 coloribus
400 1165 101 45 est
458 1165 115 45 vnum
515 1165 216 45 indiuisibile-

216 1203 150 47 secundum
329 1203 188 47 qualitatem,
480 1203 63 47 &
505 1203 88 47 est
555 1203 125 47 illud,
642 1203 75 47 ex
667 1203 63 47 quo

213 1252 191 38 componuntur
366 1252 102 38 alii
430 1252 140 38 colores
532 1252 153 38 scilicet
634 1252 89 38 album

204 1284 83 52 ita
252 1284 71 52 in
287 1284 179 52 substantijs
430 1284 131 52 dicitur
526 1284 95 52 esse
585 1284 131 52 aliquid
668 1284 48 52 ta

202 1322 97 50 le.
257 1322 83 50 Et
299 1322 97 50 non
354 1322 124 50 debet
437 1322 152 50 aliquis
547 1322 152 50 dicere,
644 1322 83 50 quod

203 1361 146 46 colores
309 1361 199 46 componuntur
468 1361 80 46 ex
508 1361 133 46 duobus
600 1361 159 46 scilicet

214 1404 108 51 albo
282 1404 68 51 &
309 1404 135 51 nigro,
404 1404 149 51 quoniam
512 1404 135 51 nigrum
606 1404 95 51 est
647 1404 81 51 pri-

220 1443 117 39 uatio
298 1443 117 39 albi,
376 1443 117 39 sicut
454 1443 182 39 obscuritas
596 1443 91 39 est
635 1443 91 39 priua

219 1478 97 44 tio
275 1478 138 44 lucis.
371 1478 111 44 ergo
441 1478 83 44 in
482 1478 180 44 coloribus
620 1478 97 44 non
662 1478 69 44 est

214 1524 237 43 principium,
404 1524 79 43 &
435 1524 174 43 mensura
562 1524 126 43 nisi
625 1524 95 43 vnum

217 1564 81 48 D.
258 1564 189 48 declarauit
407 1564 95 48 hoc
461 1564 68 48 &
488 1564 81 48 d.
528 1564 122 48 Ergo,
609 1564 81 48 si
636 1564 95 48 entia

220 1597 101 45 essent
290 1597 121 45 colores,
381 1597 71 45 &c.
422 1597 60 45 i.
452 1597 60 45 v.
482 1597 60 45 g.
512 1597 91 45 quod,
573 1597 60 45 si
603 1597 91 45 omnia
653 1597 71 45 entia

219 1635 141 53 essent
317 1635 155 53 colores
430 1635 169 53 haberent
556 1635 155 53 aliquem
655 1635 70 53 nu-

215 1677 150 45 merum,
320 1677 105 45 qui
380 1677 135 45 esset
470 1677 165 45 numerus
576 1677 150 45 colorum,

207 1719 83 43 &
241 1719 117 43 non
307 1719 183 43 numerus
441 1719 200 43 aliorum,
591 1719 83 43 &
607 1719 117 43 habe-

222 1754 126 40 berent
311 1754 101 40 vnum
373 1754 164 40 numerans,
499 1754 151 40 scilicet
613 1754 101 40 vnum
663 1754 63 40 co-

215 1797 135 53 lorem.
310 1797 81 53 v.
351 1797 81 53 g.
391 1797 135 53 album.
486 1797 81 53 Et
526 1797 95 53 cum
580 1797 81 53 d.
621 1797 95 53 sed
661 1797 68 53 ali

213 1844 162 39 quorum,
331 1844 192 39 intendit,
479 1844 103 39 sed
538 1844 103 39 est
597 1844 133 39 album
671 1844 59 39 nu

743 149 151 43 merus
844 149 201 43 colorum,
994 149 117 43 non
1061 149 184 43 numerus
1179 149 100 43 sim-

750 196 183 45 pliciter,
891 196 99 45 sed
947 196 127 45 neque
1032 196 155 45 numerus
1131 196 141 45 alterius

753 229 170 44 naturae.
880 229 85 44 D.
923 229 156 44 induxit
1036 229 128 44 aliud
1107 229 156 44 exemplum,

754 265 64 41 &
780 265 77 41 d.
818 265 77 41 Et
856 265 179 41 similiter,
997 265 77 41 si
1035 265 115 41 entia
1112 265 128 41 essent
1188 265 77 41 neu-

750 306 121 40 mata,
830 306 94 40 &c.
884 306 81 40 i.
925 306 67 40 &
951 306 108 40 tunc
1019 306 148 40 numerus
1126 306 121 40 esset
1194 306 67 40 nu-

749 345 146 50 merus
846 345 195 50 neumatum
992 345 178 50 tantum,
1122 345 81 50 &
1138 345 130 50 diesis

747 383 124 43 esset
830 383 110 43 vnum
898 383 165 43 numerans
1022 383 82 43 in
1063 383 110 43 eis.
1132 383 110 43 D.d.
1200 383 96 43 sed

747 421 99 55 non
803 421 226 55 componuntur,
987 421 99 55 &c.
1043 421 85 55 i.
1086 421 99 55 sed
1142 421 113 55 tunc
1198 421 71 55 en-

758 461 92 51 tia
811 461 92 51 non
863 461 145 51 fierent
969 461 79 51 ab
1008 461 106 51 vno,
1074 461 106 51 quod
1140 461 92 51 est
1180 461 79 51 sub-

756 500 159 52 stantia,
875 500 119 52 neque
954 500 79 52 ab
994 500 106 52 vno,
1060 500 106 52 quod
1127 500 93 52 est
1166 500 93 52 prin-

747 541 137 46 cipium
843 541 219 46 quantitatis,
1021 541 96 46 sed
1076 541 82 46 ab
1117 541 109 46 vno,
1185 541 109 46 quod

750 581 91 48 est
802 581 143 48 diesis.
906 581 104 48 D.d.
971 581 104 48 eroo
1035 581 182 48 quodlibet,
1178 581 91 48 &c.
1217 581 52 48 i.

750 610 118 48 entia
829 610 144 48 fierent
934 610 79 48 ab
973 610 144 48 aliquo,
1078 610 105 48 quod
1144 610 118 48 habet
1209 610 53 48 na

747 661 126 39 turam,
836 661 63 39 &
861 661 202 39 substantiam,
1025 661 88 39 non
1075 661 126 39 nausam
1163 661 126 39 vnius,

755 695 142 52 secundum
861 695 94 52 quod
921 695 83 52 est
968 695 106 52 vnum,
1039 695 83 52 sed
1086 695 106 52 vnum,
1157 695 94 52 quod
1204 695 59 52 est

751 737 138 50 diesis.
852 737 75 50 D.
889 737 138 50 induxit
990 737 113 50 etiam
1065 737 113 50 aliud
1128 737 125 50 exemplum

742 780 70 40 &
770 780 84 40 d.
812 780 84 40 Et
853 780 181 40 similiter
993 780 84 40 in
1034 780 209 40 neumatibus,
1187 780 70 40 &c.

750 819 73 39 i.
786 819 60 39 &
810 819 73 39 si
847 819 109 39 entia
919 819 121 39 essent
1004 819 169 39 dictiones,
1137 819 97 39 tunc
1185 819 73 39 vnum

749 854 165 45 numerans
873 854 124 45 esset
955 854 137 45 litera
1051 854 165 45 vocalis:
1175 854 69 45 &
1188 854 69 45 il-

746 892 82 55 la
787 892 137 55 litera
883 892 123 55 esset
966 892 192 55 principium
1116 892 151 55 entium.
1212 892 55 55 Et

751 932 172 46 similiter,
886 932 74 46 si
922 932 110 46 entia
996 932 123 46 essent
1082 932 147 46 sigurae,
1192 932 98 46 tunc

748 980 127 44 vnum
828 980 191 44 numerans
971 980 143 44 esset
1050 980 207 44 triangulus,

749 1013 68 51 &
777 1013 177 51 similiter
912 1013 177 51 contingit
1048 1013 82 51 in
1089 1013 122 51 aliis
1157 1013 95 51 gene-

745 1040 126 65 ribus
829 1040 154 65 entium.
941 1040 112 65 D.d.
1011 1040 112 65 ergo
1081 1040 84 65 in
1109 1040 154 65 passioni-

754 1080 100 61 bus,
816 1080 87 61 &c.
866 1080 62 61 &
891 1080 87 61 cum
941 1080 87 61 sit
991 1080 200 61 verificatum,
1153 1080 100 61 quod
1215 1080 75 61 in

748 1133 202 42 passionum
903 1133 295 42 praedicamentis,
1151 1133 78 42 &
1166 1133 93 42 qua-

748 1173 163 37 litatum,
871 1173 68 37 &
898 1173 218 37 quantitatum,
1075 1173 68 37 &
1102 1173 122 37 motus
1170 1173 95 37 sunt,

747 1205 158 53 numeri,
862 1205 72 53 &
891 1205 86 53 in
934 1205 158 53 omnibus
1049 1205 101 53 est
1107 1205 130 53 vnum,
1179 1205 86 53 quid

746 1245 100 52 est
803 1245 200 52 principium
960 1245 143 52 illius
1059 1245 157 52 numeri,
1173 1245 71 52 &
1188 1245 71 52 est

746 1284 138 38 illud,
843 1284 110 38 quod
911 1284 96 38 non
966 1284 179 38 diuiditur
1104 1284 83 38 in
1145 1284 110 38 illa
1200 1284 55 38 na

744 1325 120 39 tura,
824 1325 67 39 &
851 1325 94 39 hoc
904 1325 94 39 non
958 1325 147 39 apparet
1065 1325 134 39 sensui
1158 1325 80 39 in
1185 1325 67 39 sub

750 1357 151 45 stantia,
864 1357 113 45 neque
939 1357 88 45 vna
990 1357 139 45 istarum
1091 1357 151 45 vnitatum
1204 1357 88 45 est

742 1401 127 41 apta
822 1401 95 41 vt
869 1401 111 41 sit
933 1401 222 41 principium
1091 1401 175 41 numerorum

748 1437 184 45 substantiae,
897 1437 127 45 necesse
989 1437 81 45 est
1035 1437 138 45 secundum
1139 1437 81 45 hoc
1185 1437 69 45 vt
1208 1437 58 45 si-

749 1478 112 44 militer
830 1478 71 44 sit
871 1478 61 44 in
902 1478 153 44 substantiis
1024 1478 122 44 scilicet
1116 1478 61 44 vt
1147 1478 61 44 in
1177 1478 71 44 eis
1208 1478 51 44 sit

753 1519 125 53 vnum,
836 1519 111 53 quod
905 1519 97 53 est
961 1519 194 53 principium
1113 1519 138 53 numeri
1196 1519 69 53 eo-

747 1558 97 52 rum,
807 1558 60 52 &
832 1558 169 52 principium
965 1558 85 52 sui
1013 1558 109 52 esse.
1086 1558 97 52 omni
1146 1558 97 52 enim
1194 1558 73 52 quid

752 1596 88 54 est
803 1596 177 54 principium
942 1596 114 54 esse,
1017 1596 88 54 est
1068 1596 177 54 principium
1194 1596 63 54 nu-

750 1645 134 44 meri:
840 1645 75 44 &
869 1645 119 44 quod
944 1645 104 44 est
1004 1645 209 44 principium
1153 1645 104 44 nume-

746 1677 95 51 ri,
801 1677 95 51 est
855 1677 191 51 principium
1005 1677 163 51 essendi.
1128 1677 109 51 idem
1182 1677 82 51 enim

742 1717 195 55 contingit
892 1717 90 55 ex
937 1717 105 55 hoc
997 1717 90 55 in
1042 1717 165 55 omnibus
1147 1717 120 55 genem,

743 1747 128 47 ribus.
833 1747 77 47 Et
871 1747 89 47 hoc
922 1747 179 47 intendebat
1063 1747 89 47 cum
1114 1747 77 47 d.
1152 1747 89 47 est
1190 1747 77 47 enim

744 1797 207 36 consimile
903 1797 95 36 in
951 1797 191 36 omnibus.
1094 1797 127 36 D.d.
1158 1797 111 36 Mani-

750 1837 124 54 festum
837 1837 87 54 est
886 1837 137 54 igitur,
986 1837 100 54 quod
1048 1837 100 54 vnum
1110 1837 75 54 in
1135 1837 137 54 quolibets
