1475 2066
191 125 113 61 Et
248 125 169 61 etiam
360 125 150 61 vnum
454 125 94 61 &
492 125 188 61 multum
623 125 131 61 oni

206 177 180 65 ponuntur
341 177 120 65 sibi
416 177 180 65 secundum
550 177 135 65 situm
625 177 90 65 mul-

205 228 113 47 tis
269 228 161 47 modis.
382 228 80 47 &
414 228 129 47 vnus
495 228 145 47 eorum
591 228 113 47 est
640 228 80 47 vnu

206 275 82 55 &
238 275 180 55 multum,
369 275 98 55 vt
418 275 180 55 diuisum
549 275 82 55 &
581 275 114 55 non
630 275 82 55 di-

201 324 171 54 uisum.
321 324 137 54 vnum
407 324 137 54 enim
492 324 154 54 eorum
578 324 137 54 secun-

204 370 109 61 dum
267 370 124 61 quod
344 370 217 61 diuiditur,
515 370 171 61 dicitur
624 370 93 61 mul-

207 414 120 66 tum.
282 414 134 66 illud
371 414 134 66 enim,
461 414 120 66 quod
536 414 105 66 non
581 414 134 66 diuidi-

199 466 127 49 tur,
278 466 174 49 dicitur
405 466 127 49 vnum
484 466 190 49 secundum
626 466 127 49 quod

198 514 100 64 non
255 514 200 64 diuiditur.
412 514 115 64 Ergo
484 514 172 64 opposita
598 514 115 64 secun-

208 564 107 61 dum
269 564 137 61 situm
360 564 122 61 sunt
436 564 167 61 quatuor
558 564 152 61 modis.
664 564 76 61 &

210 613 127 58 vnus
289 613 143 58 eorum
384 613 174 58 dicitur
511 613 190 58 secundum
638 613 79 58 pri

199 660 186 60 uationem.
342 660 115 60 sunt
413 660 143 60 igitur
514 660 200 60 contraria,
657 660 57 60 ex

630 708 84 55 si

195 708 103 54 non
254 708 177 54 dicuntur
387 708 88 54 de
431 708 192 54 contrario
564 708 103 54 esse.

207 757 98 54 cut
263 757 267 54 contradictoria,
488 757 127 54 neque
572 757 127 54 sicut
643 757 70 54 re-

202 804 162 61 latiua.
320 804 88 61 Et
364 804 147 61 scitur
467 804 118 61 vnum
526 804 191 61 indiuisibi-

202 852 85 62 le
244 852 99 62 per
301 852 113 62 vnum
371 852 211 62 diuisibile.
540 852 155 62 multum.
639 852 70 62 eni

206 897 103 65 est
265 897 133 65 magis
354 897 207 65 sensibile,
516 897 74 65 &
546 897 118 65 quod
605 897 118 65 diuidi

206 947 97 68 tur
261 947 97 68 est
317 947 124 68 magis
399 947 179 68 sensibile
538 947 110 68 quam
607 947 138 68 illud,

209 997 117 62 quod
282 997 102 62 non
341 997 205 62 diuiditur.
502 997 117 62 Ergo
575 997 132 62 sermo
648 997 73 62 de-

197 1044 141 55 multo
291 1044 109 55 est
354 1044 125 55 ante
432 1044 188 55 sermonem
572 1044 94 55 de
604 1044 109 55 indi-

198 1092 173 61 uisibili
327 1092 158 61 propter
428 1092 129 61 sensum,

248 1141 184 51 Intendit
386 1141 107 51 per
447 1141 184 51 opposita
570 1141 153 51 secundum

209 1180 130 42 situm
295 1180 159 42 quatuor
411 1180 188 42 opposita,
556 1180 72 42 &
585 1180 116 42 vnum
643 1180 72 42 op-

207 1223 144 43 ponitur
312 1223 131 43 pluri,
403 1223 118 43 magis
482 1223 92 43 qua
534 1223 157 43 secundum
639 1223 78 43 vnum

200 1260 154 46 modum
302 1260 188 46 modorum
439 1260 256 46 oppositorum
627 1260 85 46 qua

207 1295 139 43 tuor.
299 1295 154 43 Deinde
407 1295 92 43 d.
453 1295 77 43 &
484 1295 123 43 vnus
561 1295 139 43 eorum
638 1295 77 43 est

212 1340 125 36 vnum
291 1340 78 36 &
322 1340 172 36 multum,
447 1340 94 36 vt
495 1340 172 36 diuisum
620 1340 78 36 &
636 1340 78 36 non

206 1374 181 40 diuisum.
341 1374 120 40 vnum
417 1374 120 40 enim
492 1374 105 40 est
537 1374 181 40 indiuisibi

199 1412 102 39 le,
258 1412 146 39 multum
360 1412 131 39 autem
448 1412 204 39 diuisibile
608 1412 117 39 est.
681 1412 73 39 &

204 1453 114 37 hoc
269 1453 243 37 intendebat,
463 1453 114 37 cum
528 1453 162 37 dixit:
626 1453 97 37 vnum

200 1500 121 30 enim
275 1500 151 30 eorum,
381 1500 75 30 &
411 1500 121 30 caet
487 1500 91 30 i.
532 1500 151 30 multum
622 1500 91 30 enim

198 1528 159 51 dicitur
313 1528 145 51 illud,
414 1528 116 51 quod
487 1528 202 51 diuiditur.
631 1528 87 51 vnum

203 1568 146 43 autem,
305 1568 175 43 secundum
436 1568 116 43 quod
509 1568 102 43 est
567 1568 131 43 vnum,
640 1568 73 43 est

206 1605 140 55 illud,
304 1605 112 55 quod
374 1605 98 55 non
430 1605 196 55 diuiditur.
583 1605 112 55 Ergo
639 1605 70 55 oni

198 1644 138 54 posita
295 1644 165 54 secundum
419 1644 138 54 situm,
515 1644 69 54 &
543 1644 124 54 caet.
625 1644 83 54 i.
667 1644 69 54 &

200 1685 100 51 cum
257 1685 143 51 dictum
357 1685 100 51 est
415 1685 86 51 in
458 1685 129 51 aliis
544 1685 143 51 locis,
630 1685 86 51 quod

197 1729 180 45 opposita
332 1729 120 45 sunt
407 1729 165 45 quatuor
526 1729 135 45 modis
601 1729 105 45 affir

200 1765 137 50 matiua
296 1765 69 50 &
324 1765 192 50 negatitia,
474 1765 123 50 &cae.
543 1765 178 50 manifestum,

197 1800 119 58 est,
271 1800 119 58 quod
346 1800 119 58 vnum
420 1800 193 58 opponitur
568 1800 134 58 pluri
643 1800 59 58 se

732 129 160 41 cundum
844 129 128 41 hunc
924 129 160 41 modum,
1036 129 192 41 scilicet
1164 129 80 41 ha-

738 172 131 38 bitum
826 172 73 38 &
855 172 234 38 priuationem.
1031 172 204 38 indiuisibili

741 208 92 42 tas
793 208 105 42 enim
859 208 92 42 est
911 208 157 42 priuatio
1016 208 223 42 diuisibilitatis

735 253 137 37 Deinde
831 253 82 37 d.
872 253 109 37 sunt
940 253 137 37 igitur
1036 253 191 37 contraria,
1173 253 68 37 &c.

728 286 157 54 idest,
838 286 157 54 multum
948 286 157 54 igitur
1057 286 78 54 &
1088 286 125 54 vnum
1151 286 94 54 sunt

734 327 181 43 contraria
873 327 83 43 ea
915 327 250 43 contrarietate,
1109 327 139 43 secundum

733 366 123 48 quam
809 366 123 48 sunt
886 366 200 48 contraria
1040 366 184 48 priuatio
1178 366 77 48 &
1194 366 61 48 ha

734 405 149 49 bitus.
839 405 90 49 Et
883 405 164 49 vocauit
1003 405 224 49 priuationem
1182 405 75 49 &
1197 405 60 49 ha

740 444 129 38 bitum
826 444 201 38 contraria,
984 444 115 38 quia
1056 444 187 38 contraria
1185 444 58 38 ve

742 483 88 50 ra
786 483 204 50 reducuntur
947 483 88 50 ad
990 483 102 50 hoc
1049 483 160 50 geneus.
1151 483 102 50 Dein-

736 525 82 35 de
777 525 82 35 d.
818 525 68 35 &
846 525 96 35 non
900 525 150 35 dicitur
1009 525 82 35 de
1050 525 191 35 contrario,
1187 525 68 35 &c.

732 559 157 43 idest,
842 559 78 43 &
873 559 125 43 vnum
952 559 78 43 &
983 559 157 43 multum
1092 559 110 43 non
1139 559 110 43 dicum

737 605 106 46 tur
797 605 166 46 opponi,
918 605 181 46 secundum
1054 605 121 46 quod
1115 605 136 46 opponu-

738 636 86 38 tur
787 636 98 38 sibi
848 636 233 38 contradictoria,
1044 636 147 38 scilicet
1142 636 98 38 affir-

742 676 149 52 matiua
846 676 75 52 &
876 676 194 52 negatiua,
1025 676 134 52 neque
1100 676 149 52 secundum

739 714 111 48 quod
808 714 194 48 opponuntur
961 714 111 48 sibi
1030 714 180 48 relatiua.
1154 714 97 48 Dein-

744 749 81 45 de
784 749 81 45 d.
824 749 81 45 Et
865 749 135 45 scitur
959 749 108 45 vnum
1026 749 229 45 indiuisibile,
1215 749 67 45 &

735 794 127 40 caet.
819 794 70 40 &
847 794 112 40 vnum
918 794 183 40 opponitur
1058 794 141 40 pluri,
1143 794 112 40 secun-

736 834 97 57 dum
792 834 111 57 quod
861 834 166 57 priuatio
985 834 180 57 opponitur
1110 834 138 57 habitui:

736 869 114 50 quia,
812 869 240 50 indiuisibilitas
1015 869 89 50 est
1065 869 152 50 priuatio
1166 869 89 50 diui-

738 909 198 52 sibilitatis,
898 909 62 52 &
923 909 210 52 diuisibilitas
1096 909 87 52 est
1146 909 111 52 quasi
1208 909 49 52 ha

733 948 146 38 bitus.
836 948 146 38 Deinde
938 948 132 38 dedit
1026 948 146 38 causam
1129 948 88 38 in
1158 948 88 38 hoc,

744 984 102 50 quod
808 984 216 50 diuisibilitas
986 984 89 50 est
1037 984 191 50 manifestior
1177 984 76 50 indi

735 1024 254 42 uisibilitate,
944 1024 75 42 &
974 1024 149 42 dixit:
1078 1024 149 42 multum
1168 1024 89 42 enim

737 1063 92 51 est
789 1063 118 51 magis
868 1063 183 51 sensibile,
1012 1063 92 51 &c.
1065 1063 79 51 i.
1104 1063 66 51 &
1130 1063 118 51 causa
1196 1063 52 51 in

738 1103 97 40 hoc
794 1103 111 40 est,
863 1103 111 40 quia
933 1103 195 40 diuisibile
1086 1103 97 40 est
1128 1103 125 40 multum,

735 1141 73 53 &
765 1141 218 53 manifestius
939 1141 204 53 singulari,
1099 1141 73 53 &
1128 1141 131 53 etiam
1201 1141 58 53 di

734 1181 164 45 uisibile
857 1181 96 45 est
912 1181 123 45 maius
994 1181 232 45 indiuisibile,
1185 1181 68 45 &
1198 1181 55 45 ma

738 1220 93 38 ius
791 1220 93 38 est
844 1220 200 38 manifestius
1005 1220 147 38 minori:
1111 1220 107 38 ergo
1165 1220 80 38 conm

738 1255 149 43 cedere
842 1255 149 43 multum
946 1255 119 43 est,
1021 1255 119 43 ante
1080 1255 164 43 concedere

730 1294 232 49 indiuisibile.
921 1294 68 49 &
948 1294 123 49 dixit
1030 1294 109 49 hoc,
1098 1294 82 49 ne
1125 1294 123 49 aliquis

738 1340 114 46 dicat
814 1340 101 46 quod
877 1340 126 46 multum
966 1340 88 46 est
1016 1340 152 46 priuatio
1118 1340 126 46 vnitatis

772 1381 132 54 ltem
854 1381 149 54 vnius
953 1381 165 54 quidem
1069 1381 116 54 est
1118 1381 132 54 (quem-

727 1424 200 43 admodum
873 1424 91 43 &
909 1424 273 43 indiuisione
1109 1424 146 43 contra

730 1462 169 52 riorum
849 1462 288 52 descripsimus)
1086 1462 152 52 idem,
1170 1462 85 52 si-

737 1513 142 41 mile,
832 1513 79 41 &
863 1513 189 41 aequale:
1006 1513 253 41 multitudinis
1195 1513 63 41 ve

729 1548 96 56 ro
777 1548 208 56 diuersum,
937 1548 224 56 dissimile,
1113 1548 80 56 &
1129 1548 128 56 iaequa

732 1592 104 42 le
784 1592 139 42 est.
871 1592 122 42 Cum
940 1592 156 42 autem
1044 1592 139 42 idem
1114 1592 139 42 multi-

736 1631 145 50 pliciter
845 1631 145 50 dicatur,
954 1631 85 50 vno
1003 1631 121 50 quidem
1087 1631 97 50 modo
1136 1631 121 50 secundum

735 1677 154 50 numerum,
850 1677 102 50 quod
914 1677 179 50 quandoquae
1055 1677 141 50 dicimus
1157 1677 115 50 ipsum

735 1716 105 46 Hoc
795 1716 120 46 vero
870 1716 90 46 si
915 1716 75 46 &
945 1716 150 46 ratioe
1049 1716 75 46 &
1079 1716 150 46 nunero
1169 1716 90 46 vnum

731 1760 116 42 sit.
804 1760 87 42 vt
848 1760 116 42 puta
921 1760 87 42 tu
964 1760 116 42 tibi
1037 1760 116 42 ipsi
1110 1760 73 42 &
1139 1760 131 42 fora,
1211 1760 44 42 &

723 1805 166 46 materia
844 1805 136 46 vnum,
934 1805 121 46 Item
1010 1805 91 46 si
1055 1805 151 46 primae
1145 1805 106 46 subae
