1475 2066
208 132 146 54 ratio
305 132 114 54 vna
370 132 114 54 sit
435 132 97 54 vt
484 132 195 54 aequales
613 132 130 54 lineae

215 178 152 41 rectae
321 178 167 41 eaedem,
442 178 76 41 &
473 178 197 41 aequalia,
625 178 76 41 &
640 178 106 41 aequa

220 220 140 50 lium
307 220 227 50 angulorum
481 220 244 50 quandrata,
656 220 87 50 ta-

216 266 136 40 metsi
307 266 136 40 plura
397 266 136 40 sint,
488 266 212 40 aequalitas
639 266 106 40 tamen

222 300 82 54 in
263 300 95 54 eis
318 300 95 54 est
359 300 136 54 vnitas.,

264 340 99 63 Et,
320 340 127 63 sicut
405 340 226 63 descripsimus
589 340 85 63 in
618 340 127 63 diuisio

219 389 91 61 ne
264 389 259 61 contrariorum,
478 389 122 61 vnum
554 389 137 61 habet
630 389 107 61 idem,

213 437 88 61 &
249 437 193 61 simile,
389 437 88 61 &
424 437 210 61 aequale:
581 437 88 61 &
599 437 140 61 multum

218 488 146 61 habet
315 488 211 61 diuersum,
478 488 81 61 &
510 488 228 61 dissimile,
689 488 81 61 &

217 537 212 66 inaequale.
383 537 106 66 Cum
444 537 151 66 igitur
549 537 166 66 dicitur
655 537 91 66 idem

212 588 163 57 muitis
326 588 163 57 modis,
439 588 163 57 quorum
553 588 130 57 vnus
634 588 114 57 est
683 588 65 57 nu

215 636 167 58 merus,
332 636 134 58 quem
416 636 151 58 forte
516 636 184 58 dicimus
634 636 100 58 idem

225 684 78 58 &
256 684 140 58 etiam
349 684 93 58 si
395 684 155 58 fuerit
504 684 124 58 vnum
581 684 109 58 per
628 684 109 58 defi-

217 734 208 44 nitionem
372 734 87 44 &
407 734 208 44 numerum.
563 734 121 44 aut
615 734 121 44 illud

212 781 132 56 quod
294 781 181 56 dicitur
425 781 132 56 idem
508 781 197 56 secundum
639 781 99 56 for-

208 836 137 46 mam
287 836 98 46 &
326 836 215 46 numerum
482 836 196 46 etiam.
620 836 117 46 Et
659 836 78 46 et

225 876 77 62 si
264 876 180 62 definitio,
405 876 103 62 quae
469 876 90 62 est
521 876 206 62 substantiae,
675 876 64 62 fui

218 920 100 66 rit
275 920 115 66 una.
347 920 86 66 ut
390 920 158 66 dicitur
504 920 115 66 quod
576 920 129 66 linee
648 920 100 66 aequa

223 972 98 63 les
279 972 112 63 sunt
349 972 141 63 lineae
448 972 141 63 rectae
546 972 127 63 idem.
631 972 70 63 &
645 972 98 63 simi-

222 1021 127 63 liter
307 1021 156 63 sigurae
420 1021 226 63 quandragulae
589 1021 156 63 aequales,

220 1069 181 62 quoniam
351 1069 165 62 anguli
466 1069 148 62 earum
565 1069 132 62 sunt
631 1069 115 62 aequa

216 1108 117 75 les,
290 1108 161 75 quoniam
407 1108 73 75 &
436 1108 88 75 si
480 1108 117 75 sint
553 1108 161 75 plures,
671 1108 103 75 sed

220 1165 134 62 tamen
309 1165 208 62 aequalitas
473 1165 89 62 in
518 1165 134 62 istis
607 1165 104 62 est
652 1165 89 62 vna,

262 1229 99 46 Et
312 1229 116 46 iam
378 1229 265 46 numerauimus,
594 1229 116 46 cum
644 1229 99 46 dixi

224 1274 110 40 mus
287 1274 173 40 propria
413 1274 251 40 oppositorum,
617 1274 78 40 &
632 1274 110 40 dixi-

211 1310 106 50 mus,
277 1310 106 50 quod
344 1310 106 50 idem
410 1310 67 50 &
437 1310 146 50 simile,
543 1310 80 50 i.
583 1310 80 50 in
623 1310 93 50 quo
676 1310 93 50 non

225 1349 101 51 est
282 1349 202 51 diuersitas
441 1349 173 51 secundum
556 1349 187 51 qualitatem,

214 1389 72 45 &
242 1389 172 45 aequale,
372 1389 86 45 in
415 1389 101 45 quo
472 1389 101 45 non
530 1389 101 45 est
587 1389 158 45 additio
688 1389 57 45 ne

218 1430 109 42 que
281 1430 202 42 diminutio
436 1430 125 42 sunt
514 1430 171 42 propria
639 1430 125 42 vni,
701 1430 47 42 &

227 1469 86 49 quod
281 1469 129 49 opposita
378 1469 97 49 istis
442 1469 129 49 scilicet
539 1469 140 49 diuersum,
646 1469 54 49 &
657 1469 75 49 dissi

221 1506 118 48 mile
295 1506 74 48 &
325 1506 192 48 inaequale
472 1506 118 48 sunt
546 1506 162 48 propria
649 1506 89 48 plu-

221 1545 102 51 ri.
280 1545 117 51 vnum
353 1545 146 51 igitur
455 1545 190 51 opponitur
601 1545 132 51 pluri
675 1545 58 51 se

224 1576 152 51 cundum
330 1576 137 51 istos
422 1576 152 51 modos.
529 1576 152 51 Deinde
635 1576 91 51 d.
666 1576 76 51 Cum

223 1624 142 41 igitur
322 1624 156 41 dicitur
436 1624 114 41 idem
507 1624 142 41 multis
607 1624 142 41 modis.
692 1624 57 41 i.

222 1664 84 43 &,
264 1664 112 43 quia
334 1664 98 43 iam
390 1664 224 43 praediximus,
571 1664 112 43 quod
641 1664 112 43 idem
697 1664 56 43 di

219 1707 115 40 citur
296 1707 128 40 multis
386 1707 128 40 modis,
475 1707 141 40 necesse
578 1707 102 40 eest
642 1707 77 40 vt
667 1707 77 40 vnum

220 1743 205 51 opponatur
378 1743 142 51 pluri
473 1743 174 51 omnibus
599 1743 142 51 istis
678 1743 63 51 mo

226 1781 117 46 dis.
300 1781 147 46 Quorum
402 1781 117 46 vnus
476 1781 117 46 est,
549 1781 88 46 vt
578 1781 176 46 existimant

220 1829 131 37 quidam.
316 1829 143 37 scilicet
423 1829 95 37 quod
483 1829 107 37 entia
554 1829 84 37 non
590 1829 155 37 distinguun

760 131 97 55 tur
816 131 194 55 adinuicem,
968 131 111 55 nisi
1037 131 152 55 propter
1148 131 111 55 hoc,
1217 131 111 55 quod
1272 131 42 55 N

758 177 126 41 sunt
837 177 189 41 numerus.
979 177 79 41 &
1010 177 189 41 secundum
1152 177 110 41 hoc
1199 177 79 41 de-

762 218 213 40 monstratum
929 218 106 40 est
990 218 137 40 vnum,
1081 218 122 40 quia
1142 218 137 40 distin-

761 260 144 47 guitur
861 260 101 47 per
919 260 173 47 vnitatem
1049 260 202 47 numeralem,
1193 260 86 47 quae

759 293 107 37 est
820 293 152 37 ipsum.
926 293 76 37 &
957 293 198 37 similiter
1109 293 152 37 multum
1201 293 76 37 de-

759 332 235 46 monstratum
944 332 118 46 non
1011 332 118 46 est
1078 332 168 46 multum
1179 332 101 46 nisi

757 372 114 49 per
822 372 260 49 multitudinem
1033 372 227 49 numeralem,
1195 372 81 49 ita

760 409 112 48 quod
830 409 112 48 haec
900 409 140 48 dictio
998 409 98 48 duo
1054 409 210 48 demonstrata
1208 409 70 48 non

763 448 112 42 iunt
833 448 98 42 duo
889 448 112 42 nisi
958 448 153 42 propter
1070 448 195 42 dualitatem
1209 448 70 42 nu-

754 488 186 42 meralem.
893 488 77 42 &
924 488 294 42 ratiocinabantur
1172 488 93 42 ad
1203 488 77 42 hoc

767 525 64 47 ex
799 525 85 47 hoc,
852 525 85 47 quod
905 525 85 47 alij
958 525 127 47 dixerunt
1053 525 127 47 scilicet
1149 525 85 47 quod
1191 525 74 47 numen

755 568 103 42 est
814 568 132 42 prior
902 568 221 42 naturaliter
1079 568 206 42 numeratis,
1241 568 74 42 &

762 605 162 46 vnitas
875 605 211 46 numeralis
1037 605 130 46 vno.
1102 605 178 46 Continuum

762 647 136 43 autem
852 647 166 43 videtur
973 647 121 43 esse
1049 647 121 43 vnum
1124 647 106 43 per
1169 647 106 43 vlti-

755 692 102 42 ma
806 692 271 42 terminantia,
1026 692 186 42 quoniam
1145 692 135 42 corpus

757 724 204 38 terminatur
918 724 73 38 a
947 724 262 38 superficiebus,
1165 724 73 38 &
1180 724 102 38 super

766 764 127 37 ficies
855 764 63 37 a
880 764 139 37 lineis,
982 764 63 37 &
1007 764 114 37 linea
1083 764 63 37 a
1108 764 152 37 punctis.
1210 764 63 37 De-

763 799 108 44 inde
830 799 81 44 d.
870 799 67 44 &
897 799 135 44 etiam,
991 799 81 44 si
1032 799 135 44 fuerit
1126 799 108 44 vnum
1180 799 94 44 secun

764 839 103 44 dum
823 839 250 44 definitionem,
1029 839 103 44 &c.
1088 839 88 44 i.
1132 839 74 44 &
1147 839 132 44 dicitur

767 879 125 52 vnum
845 879 156 52 illud,
954 879 125 52 quod
1032 879 109 52 est
1094 879 125 52 vnum
1157 879 125 52 secun-

757 921 117 42 dum
824 921 167 42 formam
941 921 84 42 &
974 921 217 42 materiam,
1141 921 100 42 vt
1175 921 100 42 Cal-

755 956 126 50 lias
834 956 268 50 demonstratus,
1055 956 174 50 quoniam
1166 956 110 50 forma

766 995 85 39 eius
819 995 74 39 est
862 995 85 39 vna,
915 995 127 39 scilicet
1010 995 191 39 indiuisibilis:
1169 995 53 39 &
1180 995 95 39 simili-

758 1037 100 37 ter
815 1037 156 37 materia
928 1037 128 37 eius.
1014 1037 142 37 Deinde
1113 1037 85 37 d.
1156 1037 85 37 Et
1184 1037 100 37 etiam

765 1073 78 50 si
804 1073 181 50 definitio,
946 1073 104 50 quae
1011 1073 91 50 est
1063 1073 207 50 substantiae,
1218 1073 65 50 &c.

762 1115 86 40 i.
805 1115 72 40 &
834 1115 130 40 etiam
920 1115 130 40 illa,
1006 1115 115 40 quae
1078 1115 202 40 conueniunt
1222 1115 58 40 in

759 1153 194 41 definitione
914 1153 220 41 substantiali,
1095 1153 155 41 dicuntur
1198 1153 78 41 vnum

766 1191 74 43 vt
803 1191 148 43 dicitur,
914 1191 99 43 quod
975 1191 123 43 lineae
1062 1191 123 43 rectae
1148 1191 99 43 sunt
1198 1191 86 43 aequa

762 1230 97 44 les
818 1230 195 44 econtrario
971 1230 84 44 de
1013 1230 139 44 lineis
1110 1230 97 44 non
1152 1230 125 44 rectis,

766 1270 89 44 aut
817 1270 76 44 de
855 1270 127 44 rectis
943 1270 89 44 cum
994 1270 89 44 non
1045 1270 139 44 rectis.
1146 1270 114 44 linea
1209 1270 76 44 enim

764 1309 164 45 arcualis
887 1309 96 45 non
942 1309 136 45 potest
1037 1309 150 45 aequari
1147 1309 136 45 lineae
1228 1309 55 45 re

766 1349 125 49 ctae,
849 1349 125 49 neque
932 1349 97 49 non
988 1349 125 49 recta
1071 1349 97 49 non
1127 1349 152 49 rectae.
1224 1349 55 49 De

765 1389 108 52 inde
832 1389 81 52 d.
872 1389 67 52 &
899 1389 175 52 similiter
1034 1389 94 52 qui
1088 1389 148 52 definit
1183 1389 94 52 sigu-

763 1424 106 56 ras
823 1424 181 56 rectorum
959 1424 212 56 angulorum,
1126 1424 121 56 quia
1186 1424 91 56 sun-

764 1469 148 52 illae,
868 1469 118 52 quae
941 1469 148 52 habent
1045 1469 162 52 quatuor
1148 1469 133 52 angulos

757 1508 179 38 aequales.
895 1508 138 38 Deinde
991 1508 83 38 d.
1032 1508 151 38 quoniam
1142 1508 110 38 etsi
1197 1508 83 38 sint

765 1549 152 45 plures,
876 1549 97 45 &c.
931 1549 83 45 i.
973 1549 152 45 quoniam
1083 1549 152 45 sigurae
1180 1549 97 45 haben

763 1585 97 53 tes
819 1585 153 53 quatuor
930 1585 153 53 angulos
1041 1585 153 53 rectos,
1152 1585 69 53 &
1180 1585 83 53 si
1208 1585 69 53 ha-

770 1623 104 43 bent
835 1623 131 43 plures
927 1623 157 43 species,
1044 1623 117 43 tamen
1109 1623 170 43 convenium,-

764 1664 82 51 in
805 1664 110 51 hoc,
874 1664 110 51 quod
943 1664 137 51 anguli
1039 1664 124 51 earum
1121 1664 110 51 sunt
1176 1664 96 51 aequa

767 1703 101 43 les.
830 1703 63 43 &
856 1703 164 43 similiter
982 1703 126 43 lineae
1070 1703 139 43 rectae,
1171 1703 63 43 &
1196 1703 76 43 si
1222 1703 50 43 ha

764 1742 124 44 bent
841 1742 155 44 pfures
950 1742 186 44 species,
1089 1742 140 44 tamen
1167 1742 109 44 conue

767 1789 129 46 niunt
852 1789 86 46 in
895 1789 114 46 hoc,
967 1789 114 46 quod
1038 1789 186 46 recipiunt
1167 1789 114 46 aequa

742 1821 164 45 litatem.
