1475 2066
180 141 195 53 Similia
322 141 160 53 vero,
429 141 107 53 si
482 141 124 53 cum
553 141 124 53 non
606 141 107 53 sint

193 186 144 47 vadem
289 186 257 47 simpliciter,
498 186 112 47 nec
546 186 160 47 secundum

192 228 245 43 substantiam
388 228 213 43 subiectam
551 228 98 43 in
584 228 131 43 diffe-

186 272 198 51 rentia,
330 272 216 51 secundum
492 272 180 51 formam
600 272 108 51 eade

191 316 143 53 sint
280 316 286 53 queniadmodum
513 316 161 53 maius
602 316 107 53 qua-

205 357 157 45 dratum
315 357 157 45 minori
425 357 157 45 simile
535 357 125 45 est,
613 357 78 45 &
629 357 78 45 li-

197 397 121 45 neae
272 397 227 45 inaequales.
454 397 106 45 hae
514 397 121 45 enim
575 397 136 45 similes

196 439 194 45 quidem,
337 439 158 45 verum
443 439 123 45 non
513 439 176 45 eaedem
619 439 88 45 sim

198 484 193 55 pliciter
343 484 145 55 sunt.
439 484 177 55 Quaedam
567 484 145 55 vero,
648 484 64 55 si

188 524 141 59 cum
268 524 201 59 eandem
409 524 201 59 formam
530 524 181 59 habeant

191 563 99 55 in
240 563 165 55 quibus
355 563 148 55 magis
454 563 82 55 &
487 563 148 55 minus
586 563 132 55 fit,
652 563 66 55 ne

196 610 111 50 que
260 610 143 50 magis
355 610 143 50 neque
450 610 143 50 minus
545 610 127 50 sit.
609 610 95 50 Quae

200 657 212 42 damautem,
363 657 98 42 si
412 657 147 42 eadem
510 657 82 42 &
543 657 114 42 vna
592 657 114 42 speci

193 691 108 47 cie
254 691 154 47 passio
362 691 123 47 sit.
439 691 92 47 vt
485 691 139 47 valde
577 691 139 47 album
670 691 77 47 &

200 733 144 54 minus,
301 733 159 54 similia
416 733 115 54 esse
488 733 144 54 aiunt,
589 733 115 54 quia
647 733 72 54 vna

197 779 189 47 species
334 779 155 47 eorum
437 779 137 47 est.
523 779 189 47 Quaedam
643 779 69 47 ve

192 829 92 45 ro
238 829 92 45 si
284 829 139 45 plura
376 829 139 45 habet
469 829 139 45 eadem
561 829 108 45 qua
607 829 108 45 diuer

202 862 93 52 sa,
255 862 93 52 aut
308 862 214 52 simpliciter,
482 862 93 52 aut
535 862 107 52 quae
602 862 80 52 in
629 862 80 52 pro-

197 909 107 46 ptu
258 909 138 46 sunt.
350 909 92 46 vt
396 909 168 46 stannum
518 909 168 46 argento
625 909 92 46 quam

199 947 134 47 auro:
288 947 134 47 aurum
377 947 119 47 vero
452 947 134 47 igni,
541 947 134 47 prout
615 947 89 47 fla-

192 989 116 44 uus
259 989 83 44 &
292 989 150 44 rusus
392 989 133 44 est.
475 989 150 44 Quare
558 989 150 44 manife-

191 1029 122 45 stum
267 1029 106 45 est
328 1029 122 45 quod
404 1029 198 45 diuersum,
556 1029 76 45 &
571 1029 137 45 dissim-

196 1077 86 45 le
239 1077 244 45 multipliciter
439 1077 186 45 dicuntur.
569 1077 143 45 Aliudque

189 1119 94 43 &
227 1119 151 43 idem
321 1119 264 43 oppositae.
529 1119 151 43 Vnde
605 1119 113 43 omne

193 1158 93 52 ad
239 1158 139 52 omne,
331 1158 108 52 aut
393 1158 139 52 idem,
486 1158 108 52 aut
547 1158 139 52 aliud
624 1158 93 52 est.

187 1199 108 44 hoc
248 1199 139 44 vero,
341 1199 123 44 nisi
418 1199 108 44 sit
480 1199 77 44 &
510 1199 170 44 materia
634 1199 77 44 &
649 1199 62 44 ra

186 1245 124 51 tio
257 1245 124 51 vna
328 1245 177 51 (quare
451 1245 106 51 tu
504 1245 88 51 &
522 1245 194 51 propiquus

190 1283 211 47 diuersum)
352 1283 179 47 tertium
482 1283 163 47 autem,
580 1283 130 47 sicuti

188 1327 142 43 illa,
283 1327 126 43 quae
362 1327 95 43 in
409 1327 252 43 mathematicis
598 1327 110 43 sunt,

194 1371 205 51 Diuersum
348 1371 171 51 igitur
468 1371 120 51 aut
536 1371 137 51 idem
604 1371 103 51 ideo

188 1413 125 44 omne
266 1413 94 44 ad
313 1413 125 44 omne
391 1413 187 44 dicitur,
531 1413 125 44 quod
609 1413 125 44 quae

191 1453 139 45 quae
277 1453 139 45 vnum
364 1453 87 45 &
399 1453 121 45 ens
468 1453 225 45 dicuntur,
624 1453 87 45 non

189 1503 104 35 est
249 1503 119 35 enim
323 1503 238 35 contradictio
516 1503 149 35 ipsius
605 1503 104 35 eius-

185 1541 140 51 dem.
273 1541 158 51 Quare
378 1541 123 51 non
448 1541 193 51 dicitur
588 1541 105 51 de
623 1541 88 51 non

193 1580 125 54 entibus
284 1580 80 54 sat
329 1580 80 54 non
375 1580 91 54 idem
432 1580 137 54 dicitur)
534 1580 80 54 sed
580 1580 68 54 de
603 1580 102 54 omnibus

195 1621 163 45 entibus,
318 1621 109 45 aut.
386 1621 109 45 enim
454 1621 123 45 vnum,
536 1621 95 45 aut
590 1621 95 45 non
631 1621 82 45 vnum

191 1669 148 38 natura
295 1669 133 38 aptum
384 1669 118 38 ens,
458 1669 74 38 &
487 1669 118 38 vnum
561 1669 133 38 esse.
635 1669 74 38 Di-

187 1709 142 45 uersum
286 1709 142 45 igitur
386 1709 71 45 &
414 1709 114 45 idem
485 1709 100 45 ita
528 1709 185 45 opponuntur.

235 1764 90 61 Et
280 1764 179 61 dicuntur
414 1764 224 61 consimilia,
594 1764 105 61 cum
638 1764 75 61 non

184 1821 155 61 fuerint
296 1821 112 61 idem
367 1821 225 61 simpliciter,
549 1821 70 61 &
578 1821 98 61 non
620 1821 84 61 fue

726 140 124 63 rint
803 140 171 63 diuersa
927 140 109 63 per
989 140 155 63 lineam
1082 140 186 63 compositam

724 189 191 62 secundum
867 189 175 62 formam,
995 189 80 62 &
1026 189 175 62 fuerint
1138 189 111 62 idem.

733 243 138 62 verbi
825 243 169 62 gratia,
948 243 123 62 quod
1025 243 261 62 quandrangulus

732 290 137 65 maior
823 290 107 65 est
884 290 214 65 consimilis
1052 290 153 65 quandr
1144 290 107 65 angu-

728 338 78 64 lo
767 338 143 64 minori,
871 338 65 64 &
897 338 143 64 lineae,
1000 338 117 64 quaed
1078 338 104 64 sunt
1130 338 117 64 inaquae

730 387 113 66 les,
800 387 127 66 etiam
885 387 113 66 sunt
955 387 99 66 con
1012 387 169 66 similes.
1124 387 127 66 Quaedam

725 437 136 61 autem
816 437 121 61 sunt
892 437 136 61 eadem
982 437 106 61 non
1028 437 212 61 simpliciter.

733 484 103 63 sed
792 484 147 63 habent
895 484 162 63 formam,
1013 484 118 63 quae
1087 484 103 63 est
1131 484 118 63 eadem,

734 533 80 67 &
766 533 112 67 est
830 533 96 67 in
878 533 112 67 eis
942 533 144 67 magis
1039 533 80 67 &
1071 533 160 67 minus,
1167 533 80 67 cum

725 581 105 63 non
785 581 151 63 fuerit
891 581 136 63 magis
981 581 75 63 &
1011 581 151 63 minus.
1116 581 90 63 Et
1162 581 120 63 quae

721 629 136 61 dam,
806 629 153 61 quand
908 629 170 61 passio
1027 629 170 61 fuerit
1129 629 119 61 eadem

731 677 97 61 in
779 677 161 61 forma.
892 677 97 61 vt
941 677 145 61 album
1037 677 161 61 valde,
1150 677 81 61 &
1166 677 81 61 mi-

727 724 108 63 nus
788 724 186 63 dicuntur
928 724 232 63 consimilia,
1113 724 124 63 quia
1175 724 93 63 for-

729 773 90 66 ma
774 773 135 66 eorum
864 773 150 66 semper
969 773 105 66 est
1028 773 120 66 vna.
1103 773 90 66 Et
1148 773 135 66 quae

729 825 120 57 dam,
804 825 150 57 quando
909 825 90 57 in
954 825 105 57 eis
1013 825 165 57 fuerint
1133 825 120 57 idem
1193 825 60 57 ma

727 875 116 59 gis,
800 875 116 59 quam
873 875 174 59 diuersa,
1004 875 102 59 aut
1047 875 189 59 simpliciter

734 922 100 62 aut
791 922 157 62 facilis
905 922 129 62 esse:
991 922 86 62 vt
1034 922 157 62 stannum
1134 922 115 62 argen-

727 971 103 60 to
778 971 86 60 &
813 971 155 60 auro,
916 971 137 60 quia
1002 971 120 60 est
1070 971 172 60 ruffum
1190 971 86 60 &

733 1019 165 63 igneum.
853 1019 120 63 Ergo
928 1019 210 63 manifestum
1094 1019 120 63 est,
1169 1019 120 63 quod

726 1067 192 60 diuersum
870 1067 144 60 etiam
966 1067 80 60 &
998 1067 208 60 dissimile
1142 1067 112 60 dicun

729 1116 108 46 tur
790 1116 154 46 multis
898 1116 154 46 modis.
1006 1116 93 46 Et
1052 1116 139 46 aliud
1145 1116 139 46 autem

730 1164 86 63 &
764 1164 138 63 idem
850 1164 206 63 dicuntur
1005 1164 206 63 secundum
1143 1164 103 63 opi-

728 1212 149 45 nionem
833 1212 90 45 in
877 1212 134 45 situ.
967 1212 90 45 Et
1012 1212 120 45 ideo
1087 1212 120 45 omne
1146 1212 105 45 dici-

732 1261 103 53 tur
791 1261 103 53 aut
850 1261 118 53 idem
924 1261 103 53 aut
983 1261 147 53 aliud.
1086 1261 74 53 &
1101 1261 147 53 quaedam,

720 1308 113 59 cum
784 1308 178 59 materia
914 1308 81 59 &
946 1308 210 59 definitio
1108 1308 97 59 no
1140 1308 97 59 fue-

719 1356 133 57 rint
803 1356 133 57 vnum
886 1356 83 57 &
919 1356 133 57 ideo
1002 1356 216 57 oppositum
1152 1356 100 57 etia

731 1404 108 46 est
792 1404 200 46 diuersum)
946 1404 77 46 &
976 1404 169 46 tertium
1099 1404 108 46 est
1145 1404 108 46 sicut

732 1450 149 59 illud,
836 1450 119 59 quod
911 1450 104 59 est
970 1450 89 59 in
1000 1450 223 59 mathematicis.

723 1495 202 60 Diuersum
874 1495 134 60 enim
958 1495 118 60 aut
1026 1495 134 60 idem
1093 1495 151 60 propter

729 1547 106 56 hoc
790 1547 183 56 vtrunque
927 1547 91 56 in
972 1547 183 56 respectu
1094 1547 152 56 vniuscu-

722 1593 167 66 iusque,
843 1593 182 66 aliorum,
980 1593 76 66 &
1010 1593 106 66 est
1071 1593 137 66 omne,
1162 1593 121 66 quod

726 1642 171 49 dicitur
851 1642 125 49 vnum
929 1642 78 49 &
960 1642 125 49 ens,
1038 1642 109 49 non
1100 1642 125 49 enim
1163 1642 93 49 con-

728 1691 227 47 tradictorie
909 1691 106 47 est
970 1691 136 47 idem.
1060 1691 91 47 Et
1106 1691 121 47 ideo
1181 1691 106 47 non

730 1739 144 48 dicitur
835 1739 79 48 in
874 1739 105 48 eis,
940 1739 105 48 quae
1006 1739 92 48 non
1058 1739 105 48 sunt
1124 1739 105 48 (non
1176 1739 79 48 idem

724 1785 143 49 autem
819 1785 174 49 dicitur
946 1785 111 49 vin
1009 1785 174 49 omnibus
1136 1785 127 49 vero
1200 1785 63 49 en

729 1835 147 63 tibus
827 1835 197 63 dicitur.
974 1835 180 63 quoniam
1106 1835 131 63 vnum
1171 1835 82 63 aut
