1475 2066
260 157 164 53 Diuersa
379 157 149 53 autem,
484 157 75 53 &
513 157 104 53 non
573 157 164 53 diuersa
677 157 60 53 op

214 202 174 41 ponuntur
344 202 116 41 sibi
416 202 116 41 alio
489 202 116 41 modo
561 202 87 41 ab
604 202 101 41 eo,
648 202 101 41 secun

219 241 117 41 dum
286 241 134 41 quem
370 241 217 41 opponitur
537 241 150 41 idem.
620 241 117 41 Dein-

230 279 85 43 de
272 279 170 43 incoepit
400 279 113 43 dare
470 279 240 43 differentiam,
668 279 71 43 &
682 279 57 43 di

228 318 170 45 diuersum
355 318 127 45 enim,
440 318 99 45 &c.
497 318 71 45 i
525 318 184 45 diuersum,
652 318 85 45 quid

226 356 193 51 opponitur
375 356 149 51 eidem,
479 356 104 51 non
539 356 104 51 est
598 356 89 51 de
628 356 119 51 capitu

225 396 77 51 lo
264 396 77 51 ad
302 396 155 51 aliquid,
419 396 90 51 ita
470 396 103 51 quod
535 396 90 51 sit
586 396 155 51 diuersum
689 396 52 51 ab

226 432 149 43 aliquo,
335 432 81 43 vt
376 432 176 43 differens
511 432 95 43 est
566 432 176 43 differens
688 432 54 43 ab

225 473 165 41 aliquo,
345 473 75 41 &
375 473 210 41 conueniens
539 473 150 41 alicui
629 473 105 41 conue

230 515 143 36 niens.
330 515 143 36 Deinde
429 515 86 36 d.
472 515 114 36 omne
543 515 114 36 enim
615 515 114 36 ens,
672 515 71 36 &c.

228 549 86 45 i.
271 549 129 45 omnia
356 549 114 45 enim
428 549 100 45 duo
485 549 129 45 entia
571 549 100 45 aut
628 549 114 45 sunt
685 549 57 45 di

231 589 139 37 uersa,
329 589 98 37 aut
384 589 126 37 idem.
468 589 139 37 Deinde
566 589 84 37 d.
608 589 126 37 illud
677 589 70 37 au-

233 627 104 42 tem,
298 627 104 42 quod
363 627 156 42 differt,
480 627 91 42 &c.
531 627 78 42 i.
570 627 65 42 &
596 627 104 42 quia
648 627 91 42 diffe

233 665 107 41 rens
299 665 147 41 differt
406 665 93 41 per
460 665 160 41 aliquid,
580 665 147 41 necesse
673 665 67 41 est

228 705 82 49 vt
269 705 137 49 illud,
365 705 110 49 quod
434 705 96 49 non
489 705 164 49 differt,
598 705 151 49 conueniat

230 742 97 42 cum
285 742 124 42 illo,
368 742 97 42 per
423 742 110 42 quod
493 742 110 42 fuit
548 742 193 42 differentia,

235 781 64 42 &
261 781 77 42 vt
299 781 128 42 illud,
388 781 77 42 in
427 781 89 42 quo
478 781 166 42 conuenit,
606 781 89 42 sit
644 781 102 42 illud,

227 826 92 48 per
280 826 106 48 quod
346 826 159 48 differt.
465 826 79 48 Si
504 826 132 48 igitur
597 826 132 48 aliqua
676 826 66 48 con

228 853 199 58 uenientia
381 853 214 58 conueniunt
549 853 184 58 secundum
672 853 61 58 ge

229 901 121 38 nus,
304 901 106 38 aut
365 901 181 38 secundum
501 901 166 38 formam,
606 901 136 38 necesse

227 937 88 42 est
278 937 76 42 vt
316 937 114 42 illa,
392 937 101 42 quae
455 937 177 42 differunt,
594 937 63 42 &
606 937 139 42 differant

228 976 109 54 aut
291 976 188 54 secundum
432 976 156 54 geneus
541 976 109 54 aut
588 976 156 54 secundum

220 1016 173 43 formam.
346 1016 158 43 Deinde
457 1016 95 43 d.
504 1016 189 43 secundum
630 1016 110 43 autem

223 1054 113 49 genus
299 1054 113 49 illa,
375 1054 101 49 quae
438 1054 88 49 non
488 1054 139 49 habent,
589 1054 113 49 &cae.
664 1054 76 49 i.
702 1054 63 49 &

227 1093 121 54 illa,
307 1093 107 54 quae
374 1093 174 54 differunt
508 1093 161 54 secundum
615 1093 107 54 geneus

221 1133 117 45 sunt
294 1133 131 45 illa,
382 1133 117 45 quae
455 1133 102 45 non
513 1133 146 45 habent
600 1133 146 45 materiam

222 1180 223 38 communem,
393 1180 154 38 neque
479 1180 257 38 transmutantur

230 1221 194 43 adinuicem.
382 1221 138 43 Deinde
479 1221 83 43 d.
521 1221 111 43 hoc,
590 1221 111 43 quia
645 1221 97 43 illa-

230 1249 121 42 quae
306 1249 258 42 transmutantur
518 1249 212 42 adinuicem,
669 1249 76 42 ha-

228 1290 140 40 bent
315 1290 210 40 materiam
473 1290 228 40 communem.
630 1290 105 40 Dein

237 1327 85 52 de
279 1327 85 52 d.
322 1327 85 52 vt
364 1327 142 52 omnia,
464 1327 142 52 quorum
563 1327 142 52 sigura
648 1327 99 52 prae-

238 1365 165 49 dicamenti
365 1365 89 49 est
416 1365 114 49 alia.
492 1365 76 49 i.
530 1365 76 49 vt
568 1365 127 49 omnia,
656 1365 114 49 quae

233 1403 112 40 sunt
303 1403 98 40 sub
359 1403 167 40 diuersis
484 1403 265 40 praedicamentis.
693 1403 56 40 vt

234 1445 145 37 linea,
336 1445 73 37 &
365 1445 145 37 album.
467 1445 116 37 ista
540 1445 116 37 enim
612 1445 102 37 non
656 1445 87 37 con-

232 1485 157 48 ueniunt
346 1485 86 48 in
389 1485 143 48 aliquo
489 1485 157 48 genere,
603 1485 114 48 quia
660 1485 86 48 vnum

225 1517 74 46 &
255 1517 104 46 ens
314 1517 104 46 non
373 1517 119 46 sunt
448 1517 148 46 genera
551 1517 133 46 vera,
640 1517 74 46 &
655 1517 89 46 ideo

225 1565 114 31 non
290 1565 276 31 transmutantur
517 1565 228 31 adinuicem.
680 1565 65 31 De

229 1596 106 39 inde
295 1596 80 39 d.
335 1596 93 39 per
388 1596 133 39 formam
481 1596 119 39 vero,
560 1596 119 39 &cae.
640 1596 80 39 i.
666 1596 80 39 illa

236 1632 121 42 enim,
316 1632 107 42 quae
383 1632 174 42 differunt
517 1632 94 42 per
557 1632 188 42 differentias

220 1672 205 49 formales,
378 1672 126 49 sunt
457 1672 142 49 illa,
552 1672 158 49 quorum
646 1672 95 49 genu

224 1707 106 47 est
285 1707 137 47 vnum.
376 1707 152 47 Deinde
482 1707 137 47 dedit
558 1707 183 47 descripsi-

221 1749 127 52 ipsum
306 1749 155 52 geneus,
418 1749 71 52 &
447 1749 85 52 d.
489 1749 71 52 &
517 1749 155 52 dicitur
616 1749 127 52 geneus,

226 1787 69 39 &
254 1787 166 39 caetera,
378 1787 138 39 idest,
475 1787 69 39 &
503 1787 152 39 dicitur
614 1787 125 39 genus
683 1787 55 39 il

226 1826 114 56 lud,
297 1826 114 56 quod
368 1826 99 56 est
425 1826 227 56 praedicabile
609 1826 85 56 de
638 1826 99 56 diuer

762 156 96 46 sis,
822 156 143 46 secundum
929 156 96 46 quod
989 156 84 46 est
1037 156 191 46 vnumquodque:
1192 156 120 46 eorum.
1264 156 36 46 2

760 197 112 53 ista
830 197 112 53 enim
900 197 98 53 est
956 197 196 53 dispositio
1097 197 182 53 praedicabi-

754 236 92 43 lis
793 236 210 43 substantialis.

807 273 228 45 Contraria
982 273 140 45 vero
1052 273 228 45 differentia

754 321 136 42 sunt,
844 321 75 42 &
875 321 241 42 contrarietas
1071 321 166 42 quaedam
1176 321 91 42 diff

758 358 198 44 ferentia
907 358 132 44 est.
990 358 132 44 Quod
1073 358 149 44 autem
1155 358 116 44 recte

754 404 125 38 hoc
825 404 249 38 supponimus
1021 404 107 38 ex
1057 404 213 38 inductione

757 450 162 44 patet.
870 450 162 44 Cuncta
983 450 129 44 enim
1064 450 194 44 differre
1193 450 81 44 vi-

760 485 178 45 dentur,
890 485 81 45 &
922 485 114 45 non
987 485 146 45 solum
1084 485 178 45 diuersa
1198 485 81 45 es-

758 525 116 53 se,
825 525 116 53 sed
891 525 183 53 quaedam
1024 525 199 53 secundum
1157 525 116 53 genus

760 570 191 56 diuersa,
903 570 175 56 quaedam
1031 570 96 56 in
1079 570 143 56 eadem
1158 570 112 56 prae-

755 620 233 32 dicationis
939 620 300 32 coordinatione,
1172 620 100 32 qua-

765 653 95 45 re
813 653 80 45 &
845 653 127 45 quae
924 653 143 45 eadem
1020 653 159 45 specie
1131 653 95 45 in
1163 653 111 45 eodem

762 696 172 50 genere
882 696 155 50 sunt.
985 696 275 50 determinatum
1191 696 86 50 au-

763 735 105 51 tem
823 735 90 51 in
868 735 136 51 aliis
959 735 120 51 est,
1034 735 120 51 quae
1109 735 151 51 eadem,
1215 735 105 51 aut
1260 735 45 51 B

757 778 180 49 diuersa
888 778 164 49 genere
986 778 115 49 sunt.

760 829 233 47 Contrarietatem
954 829 207 47 differentiam
1122 829 103 47 esse
1174 829 103 47 perfe-

798 865 123 51 ctam:
881 865 69 51 &
908 865 96 51 quo
963 865 110 51 modo
1031 865 178 51 differant
1155 865 82 51 ipsa

848 909 254 46 contraria.
1047 909 145 46 Cap.
1120 909 54 46 2

842 946 107 41 vm
896 946 160 41 autem
1003 946 232 41 contingit
1163 946 107 41 inui

856 983 101 57 cem
913 983 187 57 differre,
1043 983 216 57 quaedifferunt

854 1024 80 59 &
886 1024 128 59 plus
966 1024 80 59 &
998 1024 160 59 minus,
1110 1024 112 59 est
1158 1024 112 59 etiam

757 1074 184 40 quaedam
891 1074 168 40 maxima
1009 1074 268 40 differentia.
1210 1074 67 40 et

753 1111 133 52 hanc
837 1111 133 52 dico
920 1111 317 52 contrarietatem.
1170 1111 100 52 Quod

758 1151 155 51 autem
861 1151 172 51 maxima
981 1151 258 51 differentia
1170 1151 103 51 est,

747 1197 248 43 manifestum
942 1197 124 43 est
1013 1197 106 43 ex
1048 1197 230 43 inductione.

756 1235 128 55 Quae
836 1235 128 55 enim
916 1235 160 55 genere
1028 1235 224 55 differunt,
1188 1235 80 55 non

756 1281 177 41 habent
880 1281 106 41 ad
933 1281 106 41 se
987 1281 159 41 mutuo
1093 1281 159 41 viam,
1181 1281 89 41 sec

756 1324 130 47 plus
837 1324 195 47 distant,
983 1324 81 47 &
1016 1324 114 47 non
1065 1324 211 47 conveniunt.

767 1362 130 49 illis
853 1362 130 49 vero,
940 1362 115 49 quae
1012 1362 144 49 specie
1098 1362 173 49 differunt,

756 1416 256 42 generationes
964 1416 96 42 ex
1012 1416 224 42 contrarijs
1172 1416 96 42 tan-

767 1454 127 41 quam
846 1454 95 41 ex
894 1454 175 41 vltimis
1021 1454 143 41 sunt.
1100 1454 175 41 distantia

768 1494 131 45 vero
850 1494 213 45 vltimorum
1014 1494 164 45 maxima
1128 1494 131 45 est,
1194 1494 82 45 qua

763 1529 151 58 etiam
864 1529 284 58 contrariorum.
1098 1529 151 58 Atqui
1182 1529 100 58 quid

762 1581 190 37 maximum
900 1581 121 37 est
969 1581 103 37 in
1020 1581 121 37 quo
1089 1581 121 37 que
1141 1581 138 37 genere

763 1617 221 49 perfectum
933 1617 136 49 est.
1018 1617 170 49 etenim
1119 1617 153 49 Maximum

763 1661 117 49 est,
836 1661 131 49 cuius
924 1661 102 49 non
982 1661 102 49 est
1041 1661 190 49 excessus.
1172 1661 102 49 Perfe

761 1701 138 45 ctum
847 1701 155 45 vero,
950 1701 155 45 extra
1053 1701 138 45 quod
1139 1701 120 45 non
1191 1701 86 45 est

756 1743 213 51 possibile
919 1743 180 51 aliquid
1051 1743 180 51 habere.
1165 1743 115 51 finem

761 1789 149 45 nanque
865 1789 134 45 habet
954 1789 178 45 perfecta
1073 1789 208 45 differentia.

759 1828 268 46 quemadmodum
973 1828 196 46 caetera
1098 1828 179 46 perfecta
