1475 2066
196 149 98 53 nec
252 149 140 53 album,
350 149 126 53 neque
434 149 168 53 nigrum,.
560 149 126 53 neque
630 149 98 53 tamen

200 192 109 41 hoc
263 192 172 41 dicitur
388 192 140 41 vnum,
481 192 109 41 sed
528 192 203 41 determinati

208 237 218 49 quodammodo
380 237 172 49 colores
505 237 140 49 sunt,
598 237 94 49 de
629 237 94 49 qui-

208 277 93 55 bus
261 277 173 55 priuatiue
394 277 106 55 haec
460 277 146 55 negatio
567 277 159 55 dicitur.
673 277 53 55 ne

207 318 124 44 cesse
290 318 97 44 est
345 318 110 44 enim
414 318 97 44 aut
470 318 152 44 fuscum,
580 318 97 44 aut
621 318 97 44 palli

210 359 137 44 dum,
296 359 120 44 aut
364 359 189 44 huiusce
502 359 137 44 modi
570 359 155 44 aliquid

208 400 151 56 aliud
309 400 268 56 determinatum
526 400 151 56 esse.
610 400 117 56 Quare

204 444 112 45 non
268 444 144 45 recte
364 444 272 45 reprehendunt,
588 444 112 45 qui
636 444 96 45 sifi

205 485 148 45 putant
309 485 133 45 omnia
398 485 133 45 dici.
487 485 89 45 vt
531 485 148 45 calcei
635 485 74 45 &
650 485 74 45 ma-

214 525 101 49 nus
271 525 144 49 medium
372 525 115 49 sit,
444 525 115 49 quid
515 525 129 49 neque
587 525 144 49 calceus,

205 565 130 53 neque
291 565 130 53 manus
377 565 115 53 est:
449 565 230 53 quandoquidem
636 565 72 53 &
651 565 86 53 quod

211 604 114 46 nec
276 604 163 46 bonum,
390 604 114 46 nec
455 604 146 46 malum
552 604 114 46 est
617 604 130 46 boni
682 604 49 46 &

207 644 127 54 mali,
291 644 84 54 ac
333 644 84 54 si
376 644 141 54 omnium
474 644 127 54 esset
558 644 155 54 aliquod
657 644 70 54 met

214 687 145 51 dium.
311 687 145 51 Verum
407 687 113 51 non
472 687 113 51 est
536 687 194 51 necesse,
665 687 65 51 vt

208 732 111 38 hoc
272 732 191 38 accidat.
415 732 159 38 etenim
526 732 127 38 haec
589 732 143 38 negatio

210 772 156 46 simul
314 772 260 46 oppositorum
522 772 139 46 est,
609 772 87 46 &
626 772 104 46 quo-

201 820 124 48 rum
272 820 195 48 aliquod
414 820 195 48 medium,
556 820 107 48 ac
592 820 142 48 aliqua

208 853 193 45 distantia
356 853 148 45 natura
460 853 119 45 apta
534 853 104 45 est
594 853 133 45 esse.
668 853 59 45 il

211 899 100 41 lorum
277 899 100 41 autem
344 899 77 41 non
388 899 77 41 est
432 899 177 41 differentia,
576 899 66 41 in
609 899 100 41 alio.
665 899 66 41 enim

212 943 148 52 genere
316 943 89 52 ea
360 943 133 52 sunt.
448 943 148 52 quorum
552 943 133 52 simul
626 943 103 52 erant

203 981 251 53 negationes,
404 981 151 53 quare
504 981 134 53 quod
571 981 151 53 subijci

201 1026 140 48 tur,
288 1026 122 48 non
358 1026 122 48 est
410 1026 122 48 vnum.

257 1084 81 65 Et
297 1084 161 65 quaestio
418 1084 188 65 difficilis
566 1084 148 65 accidit
660 1084 67 65 di-

211 1133 186 66 centibus,
354 1133 115 66 quod
426 1133 186 66 inaequale
569 1133 129 66 solum
655 1133 100 66 est

203 1184 149 58 inter.
307 1184 104 58 sed
367 1184 163 58 accidit
485 1184 89 58 vt
530 1184 119 58 vnum
589 1184 134 58 contra-

210 1234 115 56 rium
282 1234 101 56 sit
339 1234 158 56 duobus:
454 1234 115 56 quod
526 1234 101 56 est
570 1234 158 56 impossib,

209 1281 101 50 le.
266 1281 86 50 Et
309 1281 115 50 etia
381 1281 158 50 aequale
497 1281 158 50 videtur
612 1281 115 50 iter
669 1281 58 50 ma

215 1332 120 58 gnum
290 1332 75 58 &
320 1332 166 58 paruum.
441 1332 211 58 contrarium
607 1332 120 58 enim
667 1332 60 58 no

214 1378 167 64 videtur
335 1378 152 64 inter.
442 1378 76 64 &
472 1378 228 64 impossibile
655 1378 106 64 est

209 1428 107 58 hoc
270 1428 91 58 de
315 1428 229 58 definitione
498 1428 137 58 etiam
575 1428 152 58 quoniam,

211 1483 108 50 sic,
278 1483 94 50 non
332 1483 94 50 est
386 1483 162 50 completa
507 1483 81 50 si
548 1483 135 50 fuerit
629 1483 94 50 inter

210 1529 105 49 sed
270 1529 135 49 habet
360 1529 150 49 semper
465 1529 165 49 aliquid
585 1529 150 49 inter.
675 1529 60 49 Ee

211 1572 138 61 manet
303 1572 153 61 igitur
410 1572 92 61 vt
456 1572 214 61 opponantur
609 1572 122 61 secun-

211 1621 111 58 dum
274 1621 269 58 oppositionem.
496 1621 142 58 sicut
575 1621 158 58 negatio-

209 1667 120 47 nem,
284 1667 105 47 aut
344 1667 135 47 sicut
434 1667 225 47 priuatione.
613 1667 105 47 Sed
658 1667 75 47 im-

205 1710 176 61 possibile
340 1710 95 61 est
394 1710 149 61 alteri.
502 1710 95 61 non
556 1710 108 61 enim
623 1710 95 61 est
664 1710 68 61 non

210 1772 159 53 gatio
316 1772 159 53 magni
422 1772 159 53 magis
528 1772 141 53 quam
599 1772 124 53 parut

210 1805 112 69 ergo
280 1805 98 69 est
336 1805 167 69 utrique,
461 1805 167 69 negatiua
573 1805 153 69 priuatiua

746 149 80 61 &
778 149 128 61 ideo
858 149 192 61 dicitur,
1002 149 144 61 verum
1099 149 96 61 de
1131 149 160 61 vtroque,

749 197 78 58 &
781 197 109 58 non
843 197 172 58 dicitur
968 197 94 58 de
1015 197 156 58 altero
1125 197 141 58 vtrum
1203 197 78 58 est

749 244 144 62 maius
845 244 112 62 aut
909 244 192 62 aequale,
1053 244 112 62 aut
1117 244 144 62 vtrum
1197 244 80 62 est

751 292 175 63 aequale,
882 292 102 63 aut
941 292 145 63 minus:
1042 292 116 63 ergo
1115 292 116 63 sunt
1173 292 102 63 tria.

749 329 181 73 priuatio
885 329 136 73 autem
975 329 226 73 necessario:
1141 329 136 73 quoniam

751 388 112 62 non
815 388 144 62 omne,
911 388 128 62 quod
991 388 112 62 non
1055 388 112 62 est
1119 388 144 62 maius
1199 388 80 62 aut

751 436 135 63 minus,
845 436 95 63 est
899 436 162 63 aequale,
1021 436 95 63 sed
1075 436 122 63 illa,
1156 436 108 63 quae
1210 436 68 63 iut

748 485 95 62 in
796 485 127 62 eis,
875 485 111 62 est
939 485 175 62 aquale.
1066 485 175 62 Aequale
1178 485 95 62 enim

749 532 105 62 est
809 532 151 62 illud,
915 532 120 62 quod
990 532 105 62 non
1050 532 105 62 est
1110 532 151 62 magnis
1201 532 75 62 aut

740 580 194 63 paruum,
882 580 88 63 &
917 580 265 63 naturaliter
1129 580 124 63 est
1182 580 88 63 ma-

751 629 134 61 gnum
835 629 118 61 aut
902 629 185 61 paruum.
1037 629 118 61 sed
1104 629 118 61 non
1154 629 118 61 haoet

749 676 158 62 nomen
855 676 88 62 &
890 676 228 62 opponitur
1065 676 193 62 ambobus
1187 676 88 62 se-

744 724 156 63 cundum
854 724 266 63 oppositionem,
1072 724 172 63 quoniam
1182 724 109 63 vtrum

748 772 109 54 que
811 772 171 54 dicitur
935 772 155 54 multis
1043 772 155 54 modis.
1152 772 78 54 &
1167 772 109 54 reci-

749 821 139 61 piens
841 821 108 61 non
903 821 108 61 est
965 821 139 61 vnum,
1058 821 108 61 sed
1119 821 155 61 plura.
1212 821 62 61 &-

752 868 115 62 non
817 868 115 62 est
883 868 148 62 album
981 868 115 62 aut
1047 868 181 62 nigrum.
1162 868 115 62 neque

743 917 106 45 hoc
803 917 106 45 est
864 917 136 45 vnum,
955 917 106 45 sed
1015 917 227 45 terminmatur
1181 917 91 45 ali-

749 965 102 65 quo
808 965 117 65 modo
881 965 146 65 illud,
983 965 88 65 de
1027 965 102 65 quo
1085 965 161 65 dicitur
1187 965 88 65 haec

741 1012 198 63 negatiua
890 1012 132 63 modo
973 1012 231 63 priuatiuo.
1138 1012 132 63 quonia

747 1060 150 62 necesse
857 1060 96 62 est
911 1060 82 62 vt
952 1060 96 62 sit
1007 1060 96 62 aut
1061 1060 123 62 rubet
1130 1060 136 62 coloris,

752 1108 95 70 aut
807 1108 177 70 alterius.
943 1108 109 70 Ergo
1011 1108 95 70 non
1065 1108 95 70 est
1119 1108 122 70 verus
1201 1108 95 70 ser

749 1156 98 68 mo
798 1156 295 68 existimantium,
1044 1156 131 68 quod
1109 1156 164 68 sermones

750 1205 137 61 omniu
841 1205 137 61 rerum
933 1205 122 61 sunt
1009 1205 229 61 consimiles.
1177 1205 92 61 ergo

750 1252 135 54 erit
834 1252 152 54 inter
936 1252 135 54 manu
1020 1252 84 54 &
1054 1252 219 54 vestimeta
1206 1252 67 54 ma

753 1300 114 62 nus,
824 1300 114 62 quod
895 1300 99 62 est
952 1300 142 62 neque,
1051 1300 199 62 vestimentu
1193 1300 71 62 aut

750 1348 149 62 manus,
854 1348 104 62 cum
914 1348 104 62 non
974 1348 104 62 sit
1033 1348 134 62 bonis
1123 1348 104 62 aut
1168 1348 104 62 malim

747 1396 151 54 etiam
848 1396 151 54 inter
948 1396 151 54 bonum
1048 1396 84 54 &
1082 1396 151 54 malm.
1182 1396 117 54 est

749 1444 110 46 enim
818 1444 137 46 medium
914 1444 124 46 inter
996 1444 137 46 omnia.
1093 1444 82 46 Et
1134 1444 96 46 non
1175 1444 96 46 acci-

752 1493 108 63 dit,
819 1493 81 63 vt
859 1493 94 63 hoc
913 1493 94 63 sit
967 1493 81 63 de
1008 1493 216 63 necessitate,
1169 1493 108 63 negati

742 1541 82 67 ua
783 1541 110 67 vero
852 1541 206 67 congregata,
1017 1541 110 67 quod
1085 1541 178 67 opponitur
1208 1541 69 67 se:

757 1588 123 62 cudum
839 1588 218 62 oppositione,
1016 1588 95 62 est
1071 1588 136 62 mediu,
1166 1588 68 62 &
1180 1588 95 62 habet

750 1636 132 62 natura
842 1636 79 62 vt
882 1636 93 62 sit
935 1636 132 62 aliqua
1028 1636 185 62 distantia,
1160 1636 119 62 quaedam

752 1682 104 64 aut
811 1682 104 64 non
871 1682 148 64 habent
975 1682 252 64 diuersitatem,
1182 1682 119 64 quo

745 1733 117 68 rum
812 1733 200 68 negatiua
962 1733 233 68 congregata
1145 1733 133 68 sunt
1211 1733 67 68 in

749 1781 139 69 eodem
841 1781 170 69 genere.
965 1781 123 69 ergo
1042 1781 201 69 subiectum
1196 1781 108 69 non

742 1829 135 54 est
799 1829 135 54 vnum.
