1475 2066
185 140 86 54 Et
228 140 171 54 quaestio
356 140 200 54 difficilis
513 140 157 54 accidit
613 140 100 54 dicen

186 180 131 55 tibus,
277 180 105 55 quod
343 180 92 55 ina
395 180 118 55 quale
474 180 118 55 solum
552 180 92 55 ita
591 180 118 55 inuenit

189 221 83 45 in
231 221 194 45 exemplari.
384 221 69 45 &
411 221 83 45 si
453 221 97 45 non
509 221 97 45 est
564 221 139 45 error,
647 221 56 45 in

198 257 127 54 tendit,
291 257 93 54 quod
349 257 151 54 dicentes,
465 257 93 54 quod
523 257 151 54 inaequale
627 257 81 54 signi

199 296 126 42 ficat
283 296 112 42 vnam
353 296 224 42 intentionem,
535 296 70 42 &
563 296 98 42 est
605 296 112 42 intern

199 335 139 43 aequale
300 335 63 43 &
326 335 88 43 non
376 335 152 43 aequale,
490 335 139 43 accidit
591 335 114 43 etiam
654 335 63 43 eis

200 375 149 43 quaestio
311 375 112 43 ista,
386 375 62 43 &
411 375 87 43 est
461 375 99 43 quod
523 375 112 43 inter
585 375 124 43 affirma-

198 414 158 44 tionem
309 414 79 44 &
340 414 221 44 negationem
514 414 111 44 est
562 414 126 44 medium

201 454 100 44 D.d.
264 454 75 44 Et
302 454 113 44 etiam
377 454 138 44 aequale
477 454 150 44 videtur,
590 454 88 44 &c.
640 454 75 44 i.
677 454 63 44 &

198 487 108 55 etiam
270 487 132 55 aequale
366 487 132 55 dicitur
462 487 96 55 esse
522 487 120 55 medium
606 487 108 55 inter
666 487 48 55 ma

197 541 136 43 gnum
282 541 85 43 &
316 541 187 43 paruum:
452 541 85 43 &
487 541 187 43 neutrum
606 541 102 43 con-

200 581 192 33 trariorum
348 581 103 33 est
407 581 148 33 medium
510 581 133 33 inter
599 581 103 33 duo
643 581 59 33 ex

195 613 132 37 trema.
287 613 105 37 D.d.
353 613 92 37 nec
405 613 92 37 est
458 613 171 37 possibile
589 613 92 37 hoc
629 613 92 37 etiam

203 647 80 43 ex
243 647 214 43 definitione,
416 647 93 43 &c.
470 647 80 43 i.
510 647 67 43 &
536 647 120 43 etiam
617 647 93 43 hoc
657 647 53 43 im

194 688 179 46 possibile
332 688 96 46 est
387 688 83 46 ex
428 688 207 46 definitione
580 688 124 46 contra-

205 736 111 43 riorum
282 736 133 43 scilicet
382 736 89 43 quod
437 736 111 43 maxime
515 736 133 43 distant,
614 736 66 43 vt
637 736 77 43 aequa

198 768 96 42 le
246 768 112 42 sit
310 768 225 42 contrarium
487 768 145 42 magno
583 768 80 42 &
600 768 112 42 paruo

200 805 112 52 Quod
270 805 112 52 enim
341 805 98 52 est
397 805 197 52 contrarium
551 805 98 52 non
608 805 98 52 est
650 805 56 52 me

196 845 112 37 dium
266 845 126 37 inter
350 845 98 37 duo
406 845 196 37 contraria:
560 845 98 37 sed
602 845 112 37 contra

203 885 95 41 ria
258 885 109 41 sunt
326 885 123 41 illa,
408 885 123 41 inter
489 885 109 41 quae
558 885 95 41 est
598 885 123 41 medium.

203 922 69 54 &
231 922 83 54 ex
273 922 97 54 hoc
328 922 153 54 apparet
439 922 111 54 quod
509 922 139 54 magnum
606 922 97 54 non
648 922 69 54 est

202 962 205 41 contrarium
364 962 147 41 paruo,
467 962 132 41 neque
555 962 161 41 aequale
657 962 59 41 me

199 1005 119 37 dium
273 1005 133 37 inter
362 1005 133 37 illa:
451 1005 148 37 magnum
555 1005 119 37 enim
629 1005 74 37 &
644 1005 74 37 par

202 1039 98 43 uum
258 1039 98 43 non
314 1039 141 43 maxime
413 1039 169 43 distant,
539 1039 84 43 i.
567 1039 141 43 perfecte

201 1077 109 53 cum
264 1077 218 53 inueniatur
435 1077 140 53 maius
528 1077 156 53 magno,
637 1077 78 53 &
653 1077 62 53 mi

203 1118 112 54 nus
267 1118 159 54 paruo.
378 1118 127 54 D.d.
458 1118 175 54 Eemanet
570 1118 143 54 igitur,

204 1155 100 54 &c.
261 1155 86 54 i.
304 1155 100 54 cum
361 1155 157 54 aequale
476 1155 100 54 non
533 1155 186 54 opponatur
662 1155 57 54 ma

203 1205 89 43 gno
254 1205 63 43 &
279 1205 114 43 paruo
355 1205 152 43 secundum
469 1205 241 43 contrarietatem,
659 1205 51 43 re

202 1236 106 49 manet
273 1236 71 49 vt
308 1236 94 49 sint
367 1236 141 49 opposita
473 1236 83 49 aut
520 1236 141 49 secundum
615 1236 94 49 affir-

200 1277 165 52 mationem
324 1277 96 52 aut
379 1277 206 52 negationem,
543 1277 96 52 aut
585 1277 124 52 secundu

183 1311 246 55 priuationem
380 1311 82 55 &
412 1311 197 55 habitum.
560 1311 131 55 D.d.
626 1311 82 55 Sec

196 1353 192 49 impossibile
349 1353 102 49 est,
413 1353 89 49 &c.
464 1353 77 49 i.
503 1353 89 49 sed
541 1353 166 49 impossibile

199 1391 104 51 est,
264 1391 78 51 vt
303 1391 142 51 aequale
406 1391 91 51 sit
458 1391 168 51 oppositum
588 1391 129 51 alteri
665 1391 52 51 il

202 1430 106 55 lorum
273 1430 141 55 secundum
379 1430 177 55 negationem:
520 1430 130 55 quoniam
615 1430 83 55 non
650 1430 59 55 ma-

200 1475 86 52 gis
249 1475 160 52 opponitur
372 1475 111 52 magno
446 1475 148 52 secundum
545 1475 160 52 negationem,

201 1507 85 57 qui
250 1507 122 57 paruo.
335 1507 73 57 Et
372 1507 73 57 d.
408 1507 98 57 hoc:
469 1507 110 57 quia,
542 1507 73 57 si
579 1507 110 57 esset
640 1507 73 57 nega

203 1547 99 55 tio,
265 1547 112 55 esset
339 1547 136 55 negatio
438 1547 112 55 vnius
513 1547 136 55 tantum:
612 1547 87 55 cum
649 1547 62 55 sit

199 1588 235 53 impossibile
388 1588 126 53 vnam
466 1588 220 53 negationem
623 1588 94 53 esse

196 1629 172 54 duorum:
322 1629 125 54 quod
400 1629 110 54 non
463 1629 110 54 est
525 1629 94 54 in
556 1629 157 54 priuatio

199 1669 89 51 ne.
250 1669 102 51 D.d.
314 1669 102 51 ergo
377 1669 89 51 est
428 1669 153 51 vtrique,
543 1669 89 51 &c.
594 1669 76 51 i.
632 1669 64 51 &
644 1669 64 51 cum

202 1716 151 44 inaequale
319 1716 82 44 non
365 1716 151 44 opponitur
482 1716 128 44 aequali
575 1716 140 44 secundum
668 1716 47 44 ne

193 1749 172 53 gationem,
325 1749 106 53 ergo
391 1749 172 53 opponitur
523 1749 159 53 secundum
629 1749 79 53 pri-

199 1796 167 38 uationem.
328 1796 77 38 Et
366 1796 90 38 cum
418 1796 77 38 d.
457 1796 103 38 quod
521 1796 90 38 est
572 1796 142 38 vtrique
663 1796 51 38 ne

195 1824 113 58 gatiua
274 1824 158 58 priuatiua.
398 1824 135 58 scilicet
499 1824 113 58 illud,
578 1824 102 58 quiod
635 1824 90 58 signat

727 141 175 52 inaequale,
865 141 150 52 incoepit
978 141 175 52 declarare,
1115 141 138 52 quomodo
1203 141 50 52 ap

726 180 124 54 paret
809 180 110 54 quod
878 180 96 54 non
933 180 96 54 est
988 180 179 54 priuatiua
1126 180 138 54 vnius,
1209 180 41 54 &

733 222 73 36 d.
769 222 61 36 &
794 222 98 36 ideo
855 222 134 36 dicitur
952 222 122 36 vtrum,
1038 222 85 36 &c.
1086 222 73 36 i.
1123 222 61 36 &
1135 222 122 36 inaequa-

728 257 82 41 le,
775 257 94 41 quod
834 257 164 41 significat
962 257 140 41 alterum.
1068 257 140 41 scilicet
1173 257 82 41 aut
1208 257 47 41 ma

729 298 133 51 gnum
813 298 117 51 aut
879 298 183 51 paruum,
1013 298 117 51 non
1063 298 183 51 opponitur

731 335 145 44 aequali,
840 335 85 44 qui
888 335 60 44 a
912 335 85 44 non
961 335 157 44 quaeritur
1082 335 109 44 vtrum
1154 335 85 44 hoc
1191 335 60 44 sit

728 381 129 38 maius
814 381 100 38 aut
871 381 172 38 aequale,
1000 381 100 38 aut
1057 381 129 38 vtrum
1143 381 100 38 hoc
1186 381 72 38 sit

728 417 122 40 minus
810 417 95 40 aut
864 417 162 40 aequale.
985 417 108 40 D.d.
1053 417 108 40 ergo
1121 417 108 40 sunt
1175 417 81 40 tria

728 461 96 47 &c.
783 461 82 47 i.
824 461 109 47 ergo
892 461 164 47 quaerere
1016 461 96 47 per
1070 461 123 47 vtrum
1152 461 96 47 est
1193 461 55 47 de

732 483 117 50 tribus
814 483 140 50 scilicet
919 483 105 50 vtrum
989 483 82 50 sit
1036 483 82 50 aut
1083 483 117 50 maius,
1165 483 82 50 aut
1200 483 58 50 mi-

728 533 109 40 nus,
796 533 95 40 aut
851 533 163 40 aequale.
973 533 109 40 D.d.
1041 533 163 40 Priuatio
1150 533 109 40 autem,

733 570 187 49 necessario,
882 570 87 49 &c.
932 570 75 49 i.
969 570 137 49 aequale
1068 570 112 49 autem
1143 570 100 49 esse
1193 570 62 49 op-

730 609 146 50 positum
836 609 120 50 magno
916 609 67 50 &
943 609 120 50 paruo
1023 609 160 50 secundum
1129 609 120 50 opposi-

731 645 139 57 tionem
828 645 208 57 priuationis
995 645 69 57 &
1023 645 153 57 habitus
1120 645 139 57 sequitur

728 688 178 43 necessario
868 688 89 43 non
919 688 152 43 secundum
1033 688 178 43 negationem
1173 688 64 43 &
1186 688 64 43 af-

727 724 228 47 firmationem.
912 724 185 47 inaequale
1054 724 128 47 autem
1139 724 100 47 non
1182 724 71 47 est

730 765 155 52 negatiuum
849 765 155 52 aequalis:
969 765 131 52 quoniam
1064 765 84 52 non
1112 765 107 52 omne,
1183 765 95 52 quod

731 805 91 51 est
783 805 117 51 maius
861 805 91 51 aut
912 805 129 51 minus,
1003 805 91 51 est
1055 805 155 51 aequale.
1171 805 78 51 v.
1197 805 52 51 g.

735 844 144 47 quoniam
840 844 118 47 color
918 844 92 47 nec
971 844 92 47 est
1023 844 131 47 minus,
1115 844 92 47 nec
1154 844 105 47 maius,

727 884 114 50 tamen
803 884 88 50 non
854 884 88 50 est
904 884 152 50 aequale.
1018 884 88 50 sed
1068 884 139 50 aequale
1157 884 88 50 inue-

734 930 116 46 nitur
812 930 78 46 in
850 930 142 46 natura,
954 930 78 46 in
993 930 90 46 qua
1044 930 168 46 inuenitur
1161 930 90 46 magis

735 961 75 53 &
765 961 150 53 minus:
870 961 75 53 &
900 961 120 53 ideo
975 961 105 53 non
1034 961 210 53 significat
1184 961 60 53 ma

732 1001 95 41 ius
787 1001 95 41 nec
841 1001 135 41 minus.
935 1001 108 41 D.d.
1003 1001 135 41 Aouale
1097 1001 108 41 enim
1165 1001 95 41 est
1205 1001 41 41 i

734 1039 104 56 lud,
799 1039 117 56 quod,
877 1039 78 56 &c
916 1039 78 56 i.
955 1039 169 56 inaequale
1084 1039 104 56 enim
1149 1039 91 56 non
1188 1039 52 56 es

729 1084 138 45 negatio
829 1084 163 45 aequalis:
954 1084 138 45 quoniam
1054 1084 138 45 aequale
1154 1084 63 45 &
1166 1084 75 45 inae

731 1116 138 54 quale
823 1116 107 54 non
884 1116 184 54 diuidunt
1021 1116 138 54 verum
1113 1116 77 54 &
1129 1116 122 54 falsum

734 1156 105 46 inter
804 1156 81 46 se,
851 1156 93 46 nisi
909 1156 70 46 in
943 1156 116 46 natura
1025 1156 163 46 terminata,
1141 1156 116 46 scilicet

727 1196 81 46 in
767 1196 149 46 natura,
875 1196 108 46 quae
943 1196 149 46 recipit
1051 1196 122 46 magis
1132 1196 68 46 &
1145 1196 108 46 minus,

730 1235 90 40 non
782 1235 77 40 in
820 1235 141 40 omnibus
923 1235 154 40 entibus,
1039 1235 116 40 sicut
1116 1235 90 40 est
1154 1235 103 40 dispo-

726 1273 134 54 sitio
816 1273 90 54 de
861 1273 239 54 affirmatione
1055 1273 75 54 &
1070 1273 179 54 negatione,

737 1314 73 40 &
766 1314 116 40 ideo
838 1314 160 40 aequale
954 1314 73 40 &
983 1314 189 40 inaequale
1128 1314 102 40 non
1172 1314 73 40 diu

734 1351 120 43 dunt
809 1351 136 43 verum
900 1351 75 43 &
930 1351 151 43 falsum
1035 1351 90 43 in
1080 1351 166 43 colore.
1186 1351 60 43 D.

734 1390 81 44 d.
774 1390 94 44 sed
828 1390 94 44 non
882 1390 121 44 habet
963 1390 135 44 nomen,
1057 1390 94 44 &c.
1111 1390 81 44 i.
1151 1390 94 44 sed
1205 1390 81 44 in

731 1436 147 39 aequale,
841 1436 147 39 secundum
951 1436 98 39 quod
1012 1436 171 39 significat
1147 1436 110 39 maius
1220 1436 61 39 &

730 1469 139 45 minus,
828 1469 97 45 non
883 1469 125 45 habet
967 1469 139 45 nomen,
1064 1469 111 45 quid
1120 1469 139 45 signifi-

733 1508 85 49 cat
782 1508 134 49 aliquod
879 1508 146 49 finitum.
988 1508 110 49 maius
1061 1508 97 49 enim
1122 1508 134 49 dicitur
1207 1508 49 49 ma

735 1551 98 47 ius
791 1551 168 47 respectu
917 1551 168 47 plurium,
1043 1551 70 47 &
1071 1551 182 47 similiter
1197 1551 56 47 mi

727 1592 102 47 nus,
791 1592 89 47 ita
842 1592 102 47 quod
906 1592 89 47 hoc
957 1592 153 47 procedit
1072 1592 77 47 in
1097 1592 153 47 infinitum,

739 1630 101 51 vnde
802 1630 163 51 sequitur,
928 1630 75 51 vt
966 1630 151 51 priuatio
1079 1630 113 51 eorum
1142 1630 113 51 dicatur

726 1669 83 37 de
768 1669 235 37 intentionibus
961 1669 194 37 infinitis:
1114 1669 111 37 ideo
1183 1669 97 37 non

735 1708 107 50 fuit
802 1708 147 50 positum
909 1708 201 50 terminatum.
1069 1708 80 50 Et
1110 1708 107 50 quia
1163 1708 94 50 causa

730 1749 81 50 fuit
781 1749 61 50 in
811 1749 81 50 hoc,
862 1749 122 50 scilicet
953 1749 81 50 quod
1004 1749 122 50 negatiua
1096 1749 142 50 priuatiua.
1197 1749 51 50 qda

726 1788 142 52 negant
825 1788 156 52 extrema
939 1788 185 52 opposita,
1081 1788 100 52 non
1124 1788 128 52 signant

735 1828 101 54 vnam
798 1828 151 54 naturam.
912 1828 76 54 v.
950 1828 76 54 g.
988 1828 88 54 non
1038 1828 114 54 maius
1114 1828 88 54 non
1152 1828 88 54 minus
