1475 2066
193 133 140 53 tendit,
295 133 102 53 quod
359 133 89 53 non
410 133 115 53 omnis
486 133 165 53 multitudo
613 133 89 53 est
651 133 64 53 mul

208 181 136 51 titudo
304 181 109 51 eius
372 181 109 51 quod
440 181 95 51 est
494 181 190 51 paucioris,
630 181 95 51 neque

207 217 114 50 omnis
283 217 152 50 paucitas
398 217 89 50 est
448 217 165 50 multitudo
575 217 102 50 eius
639 217 102 50 quod

206 256 99 43 est
262 256 198 43 paucioris.
418 256 71 43 &
446 256 99 43 hoc
503 256 198 43 manifestum
644 256 71 43 est

212 295 90 43 de
257 295 225 43 multitudine
437 295 75 43 &
467 295 195 43 pancitate
616 295 90 43 in
646 295 60 43 nu

203 340 144 38 meris.
303 340 72 38 &
332 340 115 38 ideo
404 340 101 38 non
462 340 101 38 est
519 340 158 38 necesse
635 340 86 38 vt
663 340 58 38 ex

205 373 176 53 numero
329 373 141 53 vnum
417 373 229 53 opponatur
576 373 141 53 duobus

204 413 150 43 secundum
317 413 175 43 paucitatem
455 413 63 43 &
480 413 213 43 multitudinem.
643 413 75 43 D.d.

209 453 63 49 &
235 453 175 49 opponuntur
372 453 88 49 vni
422 453 138 49 tantum,
522 453 88 49 &c.
572 453 75 49 i.
610 453 63 49 &
622 453 88 49 modus

208 493 115 40 quo
273 493 131 40 vnum
355 493 213 40 opponitur
502 493 213 40 multitudini

202 531 73 39 &
232 531 189 39 multitudo
377 531 116 39 vni,
449 531 87 39 et
493 531 145 39 modus,
594 531 102 39 quo
638 531 87 39 vnum

208 567 199 55 opponitur
361 567 153 55 multo,
468 567 122 55 quod
544 567 107 55 est
605 567 92 55 de
636 567 76 55 spe

206 609 95 38 cie
261 609 136 38 illius
356 609 136 38 vnius.
451 609 68 38 &
479 609 109 38 vnum
547 609 123 38 album
615 609 95 38 oppe-

203 646 121 54 nitur
283 646 161 54 pluribus
404 646 134 54 albis,
498 646 67 54 &
525 646 107 54 vnum
579 646 134 54 pluribus

208 685 111 53 vnis.
282 685 62 53 &
306 685 99 53 ista
368 685 160 53 oppositio
491 685 111 53 nulla
565 685 99 53 alia
626 685 86 53 est
663 685 62 53 ni-

207 724 91 52 si
252 724 196 52 oppositio
403 724 226 52 mensurantis
584 724 91 52 ad
614 724 106 52 menfu

207 764 154 38 ratum,
314 764 77 38 &
345 764 215 38 numerantis
514 764 92 38 ad
545 764 169 38 numeratum

208 805 145 37 Omnis
304 805 129 37 enim
385 805 209 37 multitudo
529 805 193 37 mensuratur

210 845 95 46 per
265 845 109 46 vnum
333 845 109 46 suae
401 845 163 46 speciei.
523 845 68 46 &
551 845 109 46 ideo
619 845 95 46 non
660 845 54 46 oi

208 881 134 49 ponitur
305 881 97 49 sibi
366 881 146 49 secundum
475 881 231 49 contrarietatem,
657 881 61 49 sed

212 921 161 42 secundum
332 921 161 42 numerans
453 921 67 42 &
480 921 188 42 numeratum.
628 921 81 42 Et
655 921 67 42 de-

207 958 159 53 claratum
326 958 93 53 est
379 958 79 53 in
418 958 172 53 principio
550 958 132 53 istius
630 958 79 53 tra-

203 998 119 49 ctatus,
290 998 86 49 quod
343 998 97 49 vnum,
408 998 129 49 secundum
505 998 86 49 quod
559 998 76 49 est
602 998 86 49 vnum
656 998 54 49 &
667 998 54 49 sim

202 1036 125 54 plex,
286 1036 97 54 est
341 1036 153 54 mensura
453 1036 125 54 eius,
536 1036 111 54 quid
592 1036 125 54 compon-

205 1076 107 49 tur
266 1076 91 49 ex
311 1076 137 49 illo.
403 1076 122 49 D.d.
479 1076 107 49 sed
525 1076 198 49 quemadmodum

204 1115 227 51 oppositum,
382 1115 114 51 &c.
447 1115 97 51 i.
496 1115 81 51 &
512 1115 211 51 quemadmodum

197 1157 151 37 illud,
303 1157 121 37 quod
378 1157 196 37 opponitur
514 1157 196 37 multitudini

203 1192 98 51 est
259 1192 112 51 vnum
329 1192 168 51 secundum
455 1192 168 51 mensuram
582 1192 70 51 &
596 1192 112 51 propor

197 1231 155 43 tionem
305 1231 233 43 mensurantis
491 1231 93 43 ad
522 1231 186 43 mensuratum

199 1268 95 46 non
254 1268 162 46 secundum
375 1268 135 46 paucum
470 1268 68 46 &
497 1268 149 46 multum,
605 1268 95 46 ita
645 1268 68 46 est

193 1309 76 50 de
231 1309 88 50 vno
282 1309 63 50 &
307 1309 139 50 duobus.
408 1309 101 50 D.d.
471 1309 139 50 quoniam
572 1309 114 50 autem
636 1309 88 50 habet

211 1344 213 54 multitudinem,
387 1344 88 54 &c.
437 1344 75 54 i.
475 1344 88 54 duo
525 1344 113 54 vero,
600 1344 100 54 quae
650 1344 63 54 sun

198 1390 208 45 multitudo,
362 1390 178 45 dicuntur
495 1390 149 45 multa,
599 1390 119 45 quia
659 1390 59 45 ad

201 1427 103 47 dunt
265 1427 116 47 supra
342 1427 141 47 paucius
445 1427 128 47 illis:
535 1427 90 47 aut
587 1427 103 47 quia
638 1427 77 47 sunt

204 1464 117 49 multa
282 1464 208 49 simpliciter,
451 1464 156 49 dicuntur
567 1464 78 49 in
593 1464 130 49 respectu

202 1506 104 45 eius,
272 1506 69 45 ad
306 1506 92 45 quod
364 1506 127 45 dicitur
457 1506 150 45 multitudo
561 1506 150 45 simpliciter

207 1544 112 40 cilice
285 1544 146 40 paucitas:
397 1544 56 40 &
420 1544 78 40 non
465 1544 78 40 est
509 1544 90 40 ita.
565 1544 90 40 D.d.
621 1544 78 40 sed
655 1544 56 40 duo

198 1585 109 41 sunt
267 1585 136 41 pauca,
362 1585 95 41 &c.
417 1585 82 41 i.
457 1585 95 41 sed
512 1585 95 41 duo
567 1585 109 41 sunt
621 1585 82 41 prim

196 1621 174 55 numerus
323 1621 206 55 numerorum
481 1621 206 55 paueorum.
624 1621 95 55 sunt

205 1662 128 53 igitur
295 1662 115 53 pauca
372 1662 205 53 simpliciter,
538 1662 90 53 cum
589 1662 90 53 non
627 1662 90 53 inue-

203 1710 167 36 niuntur
324 1710 197 36 pauciora.
476 1710 76 36 &
506 1710 121 36 ideo
582 1710 106 36 non
628 1710 91 36 sunt

201 1741 133 43 prima
290 1741 207 43 multitudo.
452 1741 118 43 D.d.
526 1741 89 43 Et
570 1741 118 43 ideo
644 1741 103 43 non

195 1780 102 54 bene
259 1780 115 54 dixit
336 1780 141 54 Anaxag.
438 1780 89 54 &c.
489 1780 77 54 i.
527 1780 141 54 quoniam
617 1780 102 54 illud,

194 1815 131 51 quod
275 1815 212 51 opponitur
439 1815 261 51 multitudini,
634 1815 82 51 est

733 141 175 47 paucitas,
867 141 67 47 &
894 141 135 47 illud,
988 141 108 47 quod
1056 141 175 47 opponitur
1177 141 67 47 par

737 181 89 50 uo,
788 181 89 50 est
839 181 139 50 magnum.
940 181 76 50 Si
978 181 127 50 igitur
1066 181 152 50 dixerit,
1180 181 101 50 quod

740 220 119 38 omnia
819 220 106 38 sunt
885 220 159 38 infinita
1004 220 145 38 propter
1096 220 159 38 paruitatem

735 256 76 54 &
765 256 259 54 magnitudinem,
979 256 107 54 non
1040 256 107 54 est
1101 256 137 54 sermo
1177 256 76 54 fal

732 299 101 40 sus.
796 299 76 40 &,
834 299 76 40 si
872 299 139 40 dixerit
973 299 152 40 infinita
1087 299 76 40 in
1112 299 139 40 paucitate

731 333 73 43 &
761 333 233 43 multitudine,
950 333 131 43 esset
1037 333 145 43 falsus
1139 333 145 43 quodam

732 372 135 39 modo,
822 372 75 39 &
852 372 135 39 verus
942 372 120 39 alio
1017 372 135 39 modo.
1107 372 150 39 falsus
1197 372 60 39 ve

730 413 105 54 ro,
790 413 120 54 quia
865 413 120 54 quod
941 413 211 54 disponitur
1106 413 105 54 per
1152 413 105 54 multi

732 461 171 43 tudinem
857 461 78 43 &
888 461 233 43 paucitatem,
1075 461 109 43 non
1122 461 125 43 proce-

738 492 101 53 dit
795 492 87 53 in
839 492 202 53 infinitum:
998 492 130 53 verus
1085 492 145 53 autem,
1171 492 87 53 quia

730 532 179 46 paucitas
864 532 194 46 opponitur
1013 532 239 46 multitudini.
1192 532 60 46 D.

737 577 74 42 d.
774 577 136 42 deberet
873 577 99 42 enim
935 577 136 42 dicere,
1034 577 87 42 &c.
1084 577 74 42 i.
1121 577 74 42 si
1145 577 112 42 aliquis

735 615 152 43 dixerit,
849 615 101 43 quod
912 615 114 43 illa,
988 615 101 43 quae
1051 615 189 43 disponuntur
1190 615 63 43 per

734 647 248 51 multitudinem,
938 647 117 51 sunt
1011 647 146 51 finita
1113 647 87 51 in
1142 647 117 51 pauci-

729 688 144 42 tate,
825 688 80 42 &
857 688 224 42 perueniunt
1033 688 96 42 ad
1081 688 144 42 vnum,
1177 688 112 42 non

736 726 154 45 diceret
848 726 140 45 verum:
946 726 98 45 sed
1002 726 126 45 verum
1085 726 98 45 est
1127 726 126 45 dicere,

741 773 99 45 quod
803 773 99 45 sunt
865 773 124 45 finita
951 773 74 45 in
989 773 174 45 paucitate,
1125 773 99 45 quia
1175 773 74 45 pue-

740 805 109 46 niunt
812 805 72 46 ad
849 805 97 46 duo,
909 805 97 46 quae
969 805 97 46 stur
1030 805 145 46 pauciora
1126 805 133 46 paueorum-

753 852 223 54 Opponuntur
928 852 143 54 autem
1023 852 127 54 vnum
1103 852 80 54 &
1119 852 127 54 multa.

737 897 110 42 qua
800 897 95 42 in
848 897 189 42 numeris,
990 897 95 42 vt
1037 897 174 42 mensura
1148 897 110 42 mensu

737 943 114 43 rato:
813 943 101 43 haec
876 943 114 43 vero,
952 943 76 43 vt
990 943 88 43 ea,
1040 943 101 43 quae
1104 943 76 43 ad
1129 943 126 43 aliquid,

733 983 205 52 quacunque
891 983 158 52 eorum,
1001 983 126 52 quae
1080 983 95 52 ad
1111 983 142 52 aliquid

732 1019 94 48 non
785 1019 160 48 secundum
905 1019 94 48 se.
959 1019 187 48 distinctum
1106 1019 120 48 autem
1186 1019 67 48 a
1200 1019 53 48 no

738 1058 90 48 bis
790 1058 77 48 in
828 1058 116 48 aliis
905 1058 103 48 est,
970 1058 103 48 quod
1034 1058 90 48 ea,
1086 1058 103 48 quae
1150 1058 77 48 ad
1176 1058 77 48 ali-

733 1106 125 48 quid,
816 1106 194 48 dupliciter
968 1106 180 48 dicuntur:
1107 1106 152 48 quaedam
1204 1106 55 48 vt

735 1148 229 46 contraria,
915 1148 180 46 quaedam
1046 1148 98 46 vt
1079 1148 180 46 scientia-

735 1192 82 42 ad
776 1192 164 42 scibile,
899 1192 82 42 eo
940 1192 109 42 quod
1009 1192 150 42 aliquid
1118 1192 123 42 aliud
1187 1192 68 42 di-

733 1230 150 44 catur
833 1230 100 44 ad
883 1230 167 44 ipsum.
1000 1230 133 44 Vnum
1083 1230 133 44 vero
1150 1230 100 44 ali-

733 1270 116 47 quo
800 1270 150 47 minus
900 1270 150 47 esse,
1000 1270 100 47 vt
1049 1270 133 47 puta
1116 1270 133 47 duobus

736 1322 138 32 nihil
828 1322 200 32 prohibet.
982 1322 108 32 non
1043 1322 123 32 enim
1120 1322 92 32 si
1151 1322 92 32 min-

738 1357 113 52 est,
809 1357 128 52 etiam
894 1357 142 52 paucum
993 1357 113 52 est.
1064 1357 184 52 Multitudo
1191 1357 57 52 au

736 1397 117 45 tem
803 1397 150 45 quasi
903 1397 150 45 genus
1003 1397 167 45 numeri
1120 1397 133 45 est.
1186 1397 67 45 nu

734 1438 151 44 merus
835 1438 167 44 etenim
952 1438 117 44 est
1019 1438 218 44 multitudo
1169 1438 84 44 vno

722 1482 309 48 mensurabilis.
976 1482 109 48 Et
1031 1482 182 48 quodam
1140 1482 109 48 modo

730 1532 131 39 vnum
812 1532 82 39 &
844 1532 180 39 numerus
975 1532 246 39 opponuntur,
1172 1532 115 39 non

741 1570 90 50 vt
786 1570 210 50 contraria,
951 1570 105 50 sed
1010 1570 225 50 quemadmodum
1175 1570 75 50 di-

735 1605 100 53 ctum
798 1605 100 53 est:
861 1605 75 53 vt
898 1605 138 53 quaedam
999 1605 125 53 eorum,
1086 1605 100 53 quae
1149 1605 75 53 ad
1174 1605 75 53 ali-

735 1652 129 39 quid,
820 1652 171 39 quatenus
949 1652 114 39 enim
1020 1652 100 39 hoc
1078 1652 143 39 quidem
1163 1652 86 39 men-

733 1692 137 54 sura,
824 1692 137 54 illud
915 1692 121 54 vero
991 1692 243 54 mensurabile,
1173 1692 76 54 ea-

730 1734 141 44 tenus
824 1734 235 44 opponuntur.
1013 1734 126 44 Ideo
1091 1734 110 44 non
1138 1734 110 44 omne,

735 1774 134 55 quod
819 1774 134 55 vnum
903 1774 134 55 sit,
987 1774 185 55 numerus
1122 1774 134 55 est.
1189 1774 67 55 vt

729 1821 118 53 puta,
808 1821 79 53 si
847 1821 105 53 quid
913 1821 210 53 indiuisibile
1083 1821 105 53 sit.
1149 1821 92 53 Cum
1188 1821 66 53 ant
