<?xml version="1.0" encoding="UTF-8"?>
<alto xmlns:xsi="http://www.w3.org/2001/XMLSchema-instance"
      xmlns="http://www.loc.gov/standards/alto/ns-v2#"
      xmlns:page="http://schema.primaresearch.org/PAGE/gts/pagecontent/2013-07-15"
      xsi:schemaLocation="http://www.loc.gov/standards/alto/ns-v2# http://www.loc.gov/standards/alto/alto.xsd">
   <Description>
      <MeasurementUnit>pixel</MeasurementUnit>
      <OCRProcessing ID="IdOcr">
         <ocrProcessingStep>
            <processingDateTime>2020-11-21T10:33:15.736-05:00</processingDateTime>
            <processingSoftware>
               <softwareCreator>READ COOP</softwareCreator>
               <softwareName>Transkribus</softwareName>
            </processingSoftware>
         </ocrProcessingStep>
      </OCRProcessing>
   </Description>
   <Tags/>
   <Layout>
      <Page ID="Page1" PHYSICAL_IMG_NR="1" HEIGHT="2066" WIDTH="1475">
         <TopMargin HEIGHT="0" WIDTH="1475" VPOS="0" HPOS="0"/>
         <LeftMargin HEIGHT="2066" WIDTH="0" VPOS="0" HPOS="0"/>
         <RightMargin HEIGHT="2066" WIDTH="0" VPOS="0" HPOS="1475"/>
         <BottomMargin HEIGHT="0" WIDTH="1475" VPOS="2066" HPOS="0"/>
         <PrintSpace HEIGHT="2066" WIDTH="1475" VPOS="0" HPOS="0">
            <TextBlock ID="TextRegion_1604715294545_2428"
                       HEIGHT="1783"
                       WIDTH="526"
                       VPOS="99"
                       HPOS="245">
               <Shape>
                  <Polygon POINTS="245,99 771,99 771,1882 245,1882"/>
               </Shape>
               <TextLine ID="line_1604715283761_2419"
                         BASELINE="186"
                         HEIGHT="46"
                         WIDTH="517"
                         VPOS="140"
                         HPOS="240">
                  <String HEIGHT="46"
                          WIDTH="148"
                          VPOS="140"
                          HPOS="225"
                          CONTENT="fuerit"/>
                  <SP HEIGHT="46" WIDTH="15" VPOS="140" HPOS="373"/>
                  <String HEIGHT="46"
                          WIDTH="177"
                          VPOS="140"
                          HPOS="329"
                          CONTENT="numerus,"/>
                  <SP HEIGHT="46" WIDTH="15" VPOS="140" HPOS="506"/>
                  <String HEIGHT="46" WIDTH="74" VPOS="140" HPOS="462" CONTENT="&amp;"/>
                  <SP HEIGHT="46" WIDTH="15" VPOS="140" HPOS="535"/>
                  <String HEIGHT="46"
                          WIDTH="162"
                          VPOS="140"
                          HPOS="491"
                          CONTENT="mensura"/>
                  <SP HEIGHT="46" WIDTH="15" VPOS="140" HPOS="654"/>
                  <String HEIGHT="46"
                          WIDTH="148"
                          VPOS="140"
                          HPOS="609"
                          CONTENT="sciti."/>
                  <SP HEIGHT="46" WIDTH="15" VPOS="140" HPOS="757"/>
                  <String HEIGHT="46" WIDTH="59" VPOS="140" HPOS="698" CONTENT="D."/>
               </TextLine>
               <TextLine ID="r3l4"
                         BASELINE="226"
                         HEIGHT="45"
                         WIDTH="505"
                         VPOS="181"
                         HPOS="252">
                  <String HEIGHT="45" WIDTH="76" VPOS="181" HPOS="239" CONTENT="d."/>
                  <SP HEIGHT="45" WIDTH="13" VPOS="181" HPOS="315"/>
                  <String HEIGHT="45"
                          WIDTH="101"
                          VPOS="181"
                          HPOS="277"
                          CONTENT="vnum"/>
                  <SP HEIGHT="45" WIDTH="13" VPOS="181" HPOS="378"/>
                  <String HEIGHT="45"
                          WIDTH="101"
                          VPOS="181"
                          HPOS="340"
                          CONTENT="vero"/>
                  <SP HEIGHT="45" WIDTH="13" VPOS="181" HPOS="441"/>
                  <String HEIGHT="45" WIDTH="88" VPOS="181" HPOS="404" CONTENT="est"/>
                  <SP HEIGHT="45" WIDTH="13" VPOS="181" HPOS="492"/>
                  <String HEIGHT="45"
                          WIDTH="152"
                          VPOS="181"
                          HPOS="454"
                          CONTENT="mensura."/>
                  <SP HEIGHT="45" WIDTH="13" VPOS="181" HPOS="606"/>
                  <String HEIGHT="45" WIDTH="76" VPOS="181" HPOS="568" CONTENT="e."/>
                  <SP HEIGHT="45" WIDTH="13" VPOS="181" HPOS="643"/>
                  <String HEIGHT="45"
                          WIDTH="139"
                          VPOS="181"
                          HPOS="606"
                          CONTENT="quoniam"/>
                  <SP HEIGHT="45" WIDTH="13" VPOS="181" HPOS="744"/>
                  <String HEIGHT="45" WIDTH="63" VPOS="181" HPOS="694" CONTENT="non"/>
               </TextLine>
               <TextLine ID="r3l6"
                         BASELINE="258"
                         HEIGHT="37"
                         WIDTH="489"
                         VPOS="221"
                         HPOS="255">
                  <String HEIGHT="37"
                          WIDTH="120"
                          VPOS="221"
                          HPOS="244"
                          CONTENT="accidit"/>
                  <SP HEIGHT="37" WIDTH="11" VPOS="221" HPOS="364"/>
                  <String HEIGHT="37" WIDTH="65" VPOS="221" HPOS="331" CONTENT="in"/>
                  <SP HEIGHT="37" WIDTH="11" VPOS="221" HPOS="396"/>
                  <String HEIGHT="37" WIDTH="65" VPOS="221" HPOS="364" CONTENT="eo"/>
                  <SP HEIGHT="37" WIDTH="11" VPOS="221" HPOS="429"/>
                  <String HEIGHT="37" WIDTH="65" VPOS="221" HPOS="396" CONTENT="vt"/>
                  <SP HEIGHT="37" WIDTH="11" VPOS="221" HPOS="461"/>
                  <String HEIGHT="37" WIDTH="76" VPOS="221" HPOS="429" CONTENT="sit"/>
                  <SP HEIGHT="37" WIDTH="11" VPOS="221" HPOS="505"/>
                  <String HEIGHT="37"
                          WIDTH="152"
                          VPOS="221"
                          HPOS="472"
                          CONTENT="mensuratum"/>
                  <SP HEIGHT="37" WIDTH="11" VPOS="221" HPOS="624"/>
                  <String HEIGHT="37"
                          WIDTH="130"
                          VPOS="221"
                          HPOS="592"
                          CONTENT="secundum"/>
                  <SP HEIGHT="37" WIDTH="11" VPOS="221" HPOS="722"/>
                  <String HEIGHT="37" WIDTH="65" VPOS="221" HPOS="679" CONTENT="quod"/>
               </TextLine>
               <TextLine ID="r3l8"
                         BASELINE="307"
                         HEIGHT="39"
                         WIDTH="506"
                         VPOS="268"
                         HPOS="251">
                  <String HEIGHT="39" WIDTH="89" VPOS="268" HPOS="238" CONTENT="est"/>
                  <SP HEIGHT="39" WIDTH="13" VPOS="268" HPOS="327"/>
                  <String HEIGHT="39"
                          WIDTH="114"
                          VPOS="268"
                          HPOS="289"
                          CONTENT="vnum,"/>
                  <SP HEIGHT="39" WIDTH="13" VPOS="268" HPOS="403"/>
                  <String HEIGHT="39"
                          WIDTH="114"
                          VPOS="268"
                          HPOS="365"
                          CONTENT="sicut"/>
                  <SP HEIGHT="39" WIDTH="13" VPOS="268" HPOS="479"/>
                  <String HEIGHT="39"
                          WIDTH="139"
                          VPOS="268"
                          HPOS="441"
                          CONTENT="accidit"/>
                  <SP HEIGHT="39" WIDTH="13" VPOS="268" HPOS="580"/>
                  <String HEIGHT="39"
                          WIDTH="164"
                          VPOS="268"
                          HPOS="542"
                          CONTENT="scientiae"/>
                  <SP HEIGHT="39" WIDTH="13" VPOS="268" HPOS="706"/>
                  <String HEIGHT="39" WIDTH="76" VPOS="268" HPOS="668" CONTENT="vt"/>
                  <SP HEIGHT="39" WIDTH="13" VPOS="268" HPOS="744"/>
                  <String HEIGHT="39" WIDTH="63" VPOS="268" HPOS="694" CONTENT="sit"/>
               </TextLine>
               <TextLine ID="r3l10"
                         BASELINE="347"
                         HEIGHT="49"
                         WIDTH="329"
                         VPOS="298"
                         HPOS="250">
                  <String HEIGHT="49"
                          WIDTH="204"
                          VPOS="298"
                          HPOS="234"
                          CONTENT="mensurata"/>
                  <SP HEIGHT="49" WIDTH="16" VPOS="298" HPOS="438"/>
                  <String HEIGHT="49" WIDTH="110" VPOS="298" HPOS="391" CONTENT="per"/>
                  <SP HEIGHT="49" WIDTH="16" VPOS="298" HPOS="501"/>
                  <String HEIGHT="49"
                          WIDTH="141"
                          VPOS="298"
                          HPOS="438"
                          CONTENT="scitum."/>
               </TextLine>
               <TextLine ID="r3l12"
                         BASELINE="387"
                         HEIGHT="38"
                         WIDTH="504"
                         VPOS="349"
                         HPOS="253">
                  <String HEIGHT="38"
                          WIDTH="119"
                          VPOS="349"
                          HPOS="240"
                          CONTENT="Media"/>
                  <SP HEIGHT="38" WIDTH="13" VPOS="349" HPOS="359"/>
                  <String HEIGHT="38"
                          WIDTH="212"
                          VPOS="349"
                          HPOS="319"
                          CONTENT="contrariorum"/>
                  <SP HEIGHT="38" WIDTH="13" VPOS="349" HPOS="532"/>
                  <String HEIGHT="38" WIDTH="80" VPOS="349" HPOS="492" CONTENT="in"/>
                  <SP HEIGHT="38" WIDTH="13" VPOS="349" HPOS="571"/>
                  <String HEIGHT="38"
                          WIDTH="119"
                          VPOS="349"
                          HPOS="532"
                          CONTENT="eodem"/>
                  <SP HEIGHT="38" WIDTH="13" VPOS="349" HPOS="651"/>
                  <String HEIGHT="38"
                          WIDTH="133"
                          VPOS="349"
                          HPOS="611"
                          CONTENT="genere"/>
                  <SP HEIGHT="38" WIDTH="13" VPOS="349" HPOS="744"/>
                  <String HEIGHT="38" WIDTH="66" VPOS="349" HPOS="691" CONTENT="cum"/>
               </TextLine>
               <TextLine ID="r3l14"
                         BASELINE="435"
                         HEIGHT="54"
                         WIDTH="428"
                         VPOS="381"
                         HPOS="285">
                  <String HEIGHT="54"
                          WIDTH="99"
                          VPOS="381"
                          HPOS="274"
                          CONTENT="ipsis"/>
                  <SP HEIGHT="54" WIDTH="11" VPOS="381" HPOS="373"/>
                  <String HEIGHT="54"
                          WIDTH="154"
                          VPOS="381"
                          HPOS="340"
                          CONTENT="contrarijs"/>
                  <SP HEIGHT="54" WIDTH="11" VPOS="381" HPOS="494"/>
                  <String HEIGHT="54"
                          WIDTH="99"
                          VPOS="381"
                          HPOS="461"
                          CONTENT="esse,"/>
                  <SP HEIGHT="54" WIDTH="11" VPOS="381" HPOS="559"/>
                  <String HEIGHT="54" WIDTH="66" VPOS="381" HPOS="526" CONTENT="ac"/>
                  <SP HEIGHT="54" WIDTH="11" VPOS="381" HPOS="592"/>
                  <String HEIGHT="54" WIDTH="66" VPOS="381" HPOS="559" CONTENT="ex"/>
                  <SP HEIGHT="54" WIDTH="11" VPOS="381" HPOS="625"/>
                  <String HEIGHT="54"
                          WIDTH="99"
                          VPOS="381"
                          HPOS="592"
                          CONTENT="ipsis"/>
                  <SP HEIGHT="54" WIDTH="11" VPOS="381" HPOS="691"/>
                  <String HEIGHT="54"
                          WIDTH="66"
                          VPOS="381"
                          HPOS="647"
                          CONTENT="com"
                          SUBS_TYPE="HypPart1"
                          SUBS_CONTENT="componi."/>
                  <HYP CONTENT="-"/>
               </TextLine>
               <TextLine ID="line_1604715317364_2433"
                         BASELINE="472"
                         HEIGHT="46"
                         WIDTH="266"
                         VPOS="426"
                         HPOS="372">
                  <String HEIGHT="46"
                          WIDTH="171"
                          VPOS="426"
                          HPOS="353"
                          CONTENT="poni."
                          SUBS_TYPE="HypPart2"
                          SUBS_CONTENT="componi."/>
                  <SP HEIGHT="46" WIDTH="19" VPOS="426" HPOS="524"/>
                  <String HEIGHT="46"
                          WIDTH="152"
                          VPOS="426"
                          HPOS="467"
                          CONTENT="Cap."/>
                  <SP HEIGHT="46" WIDTH="19" VPOS="426" HPOS="619"/>
                  <String HEIGHT="46" WIDTH="114" VPOS="426" HPOS="562" CONTENT="8."/>
                  <SP HEIGHT="46" WIDTH="19" VPOS="426" HPOS="676"/>
                  <String HEIGHT="46" WIDTH="38" VPOS="426" HPOS="600" CONTENT=""/>
               </TextLine>
               <TextLine ID="r3l19"
                         BASELINE="500"
                         HEIGHT="39"
                         WIDTH="420"
                         VPOS="461"
                         HPOS="332">
                  <String HEIGHT="39" WIDTH="101" VPOS="461" HPOS="315" CONTENT="vm"/>
                  <SP HEIGHT="39" WIDTH="17" VPOS="461" HPOS="416"/>
                  <String HEIGHT="39"
                          WIDTH="134"
                          VPOS="461"
                          HPOS="366"
                          CONTENT="vero"/>
                  <SP HEIGHT="39" WIDTH="17" VPOS="461" HPOS="500"/>
                  <String HEIGHT="39"
                          WIDTH="269"
                          VPOS="461"
                          HPOS="450"
                          CONTENT="contrariorum"/>
                  <SP HEIGHT="39" WIDTH="17" VPOS="461" HPOS="718"/>
                  <String HEIGHT="39"
                          WIDTH="101"
                          VPOS="461"
                          HPOS="651"
                          CONTENT="con"
                          SUBS_TYPE="HypPart1"
                          SUBS_CONTENT="contingat"/>
                  <HYP CONTENT="-"/>
               </TextLine>
               <TextLine ID="r3l20"
                         BASELINE="554"
                         HEIGHT="53"
                         WIDTH="397"
                         VPOS="501"
                         HPOS="352">
                  <String HEIGHT="53"
                          WIDTH="147"
                          VPOS="501"
                          HPOS="337"
                          CONTENT="tingat"
                          SUBS_TYPE="HypPart2"
                          SUBS_CONTENT="contingat"/>
                  <SP HEIGHT="53" WIDTH="15" VPOS="501" HPOS="484"/>
                  <String HEIGHT="53"
                          WIDTH="162"
                          VPOS="501"
                          HPOS="440"
                          CONTENT="aliquid"/>
                  <SP HEIGHT="53" WIDTH="15" VPOS="501" HPOS="602"/>
                  <String HEIGHT="53"
                          WIDTH="147"
                          VPOS="501"
                          HPOS="558"
                          CONTENT="medium"/>
                  <SP HEIGHT="53" WIDTH="15" VPOS="501" HPOS="705"/>
                  <String HEIGHT="53"
                          WIDTH="103"
                          VPOS="501"
                          HPOS="646"
                          CONTENT="esse,"/>
               </TextLine>
               <TextLine ID="r3l22"
                         BASELINE="587"
                         HEIGHT="45"
                         WIDTH="397"
                         VPOS="542"
                         HPOS="353">
                  <String HEIGHT="45" WIDTH="83" VPOS="542" HPOS="336" CONTENT="&amp;"/>
                  <SP HEIGHT="45" WIDTH="17" VPOS="542" HPOS="419"/>
                  <String HEIGHT="45"
                          WIDTH="215"
                          VPOS="542"
                          HPOS="370"
                          CONTENT="quorundam"/>
                  <SP HEIGHT="45" WIDTH="17" VPOS="542" HPOS="585"/>
                  <String HEIGHT="45"
                          WIDTH="132"
                          VPOS="542"
                          HPOS="535"
                          CONTENT="sit,"/>
                  <SP HEIGHT="45" WIDTH="17" VPOS="542" HPOS="667"/>
                  <String HEIGHT="45"
                          WIDTH="149"
                          VPOS="542"
                          HPOS="601"
                          CONTENT="necesse"/>
               </TextLine>
               <TextLine ID="r3l24"
                         BASELINE="626"
                         HEIGHT="38"
                         WIDTH="511"
                         VPOS="588"
                         HPOS="247">
                  <String HEIGHT="38" WIDTH="99" VPOS="588" HPOS="231" CONTENT="ex"/>
                  <SP HEIGHT="38" WIDTH="16" VPOS="588" HPOS="329"/>
                  <String HEIGHT="38"
                          WIDTH="231"
                          VPOS="588"
                          HPOS="280"
                          CONTENT="contrarijs"/>
                  <SP HEIGHT="38" WIDTH="16" VPOS="588" HPOS="511"/>
                  <String HEIGHT="38"
                          WIDTH="148"
                          VPOS="588"
                          HPOS="461"
                          CONTENT="media"/>
                  <SP HEIGHT="38" WIDTH="16" VPOS="588" HPOS="610"/>
                  <String HEIGHT="38"
                          WIDTH="148"
                          VPOS="588"
                          HPOS="560"
                          CONTENT="esse."/>
                  <SP HEIGHT="38" WIDTH="16" VPOS="588" HPOS="709"/>
                  <String HEIGHT="38"
                          WIDTH="115"
                          VPOS="588"
                          HPOS="643"
                          CONTENT="Omnia"/>
               </TextLine>
               <TextLine ID="r3l26"
                         BASELINE="666"
                         HEIGHT="41"
                         WIDTH="506"
                         VPOS="625"
                         HPOS="251">
                  <String HEIGHT="41"
                          WIDTH="140"
                          VPOS="625"
                          HPOS="234"
                          CONTENT="enim"/>
                  <SP HEIGHT="41" WIDTH="17" VPOS="625" HPOS="373"/>
                  <String HEIGHT="41"
                          WIDTH="174"
                          VPOS="625"
                          HPOS="321"
                          CONTENT="media,"/>
                  <SP HEIGHT="41" WIDTH="17" VPOS="625" HPOS="495"/>
                  <String HEIGHT="41" WIDTH="87" VPOS="625" HPOS="443" CONTENT="&amp;"/>
                  <SP HEIGHT="41" WIDTH="17" VPOS="625" HPOS="530"/>
                  <String HEIGHT="41"
                          WIDTH="157"
                          VPOS="625"
                          HPOS="478"
                          CONTENT="illa,"/>
                  <SP HEIGHT="41" WIDTH="17" VPOS="625" HPOS="635"/>
                  <String HEIGHT="41"
                          WIDTH="174"
                          VPOS="625"
                          HPOS="583"
                          CONTENT="quorum"/>
                  <SP HEIGHT="41" WIDTH="17" VPOS="625" HPOS="757"/>
                  <String HEIGHT="41" WIDTH="70" VPOS="625" HPOS="687" CONTENT="me"/>
               </TextLine>
               <TextLine ID="r3l28"
                         BASELINE="710"
                         HEIGHT="42"
                         WIDTH="490"
                         VPOS="668"
                         HPOS="256">
                  <String HEIGHT="42" WIDTH="114" VPOS="668" HPOS="240" CONTENT="dia"/>
                  <SP HEIGHT="42" WIDTH="16" VPOS="668" HPOS="354"/>
                  <String HEIGHT="42"
                          WIDTH="147"
                          VPOS="668"
                          HPOS="305"
                          CONTENT="sunt,"/>
                  <SP HEIGHT="42" WIDTH="16" VPOS="668" HPOS="452"/>
                  <String HEIGHT="42" WIDTH="98" VPOS="668" HPOS="403" CONTENT="in"/>
                  <SP HEIGHT="42" WIDTH="16" VPOS="668" HPOS="501"/>
                  <String HEIGHT="42"
                          WIDTH="147"
                          VPOS="668"
                          HPOS="452"
                          CONTENT="eodem"/>
                  <SP HEIGHT="42" WIDTH="16" VPOS="668" HPOS="599"/>
                  <String HEIGHT="42"
                          WIDTH="163"
                          VPOS="668"
                          HPOS="550"
                          CONTENT="genere"/>
                  <SP HEIGHT="42" WIDTH="16" VPOS="668" HPOS="713"/>
                  <String HEIGHT="42" WIDTH="98" VPOS="668" HPOS="648" CONTENT="sunt"/>
               </TextLine>
               <TextLine ID="r3l30"
                         BASELINE="759"
                         HEIGHT="50"
                         WIDTH="494"
                         VPOS="709"
                         HPOS="261">
                  <String HEIGHT="50"
                          WIDTH="131"
                          VPOS="709"
                          HPOS="246"
                          CONTENT="Media"/>
                  <SP HEIGHT="50" WIDTH="15" VPOS="709" HPOS="377"/>
                  <String HEIGHT="50"
                          WIDTH="145"
                          VPOS="709"
                          HPOS="334"
                          CONTENT="nanque"/>
                  <SP HEIGHT="50" WIDTH="15" VPOS="709" HPOS="479"/>
                  <String HEIGHT="50"
                          WIDTH="116"
                          VPOS="709"
                          HPOS="435"
                          CONTENT="illa"/>
                  <SP HEIGHT="50" WIDTH="15" VPOS="709" HPOS="552"/>
                  <String HEIGHT="50"
                          WIDTH="174"
                          VPOS="709"
                          HPOS="508"
                          CONTENT="dicimus,"/>
                  <SP HEIGHT="50" WIDTH="15" VPOS="709" HPOS="682"/>
                  <String HEIGHT="50" WIDTH="87" VPOS="709" HPOS="639" CONTENT="in"/>
                  <SP HEIGHT="50" WIDTH="15" VPOS="709" HPOS="726"/>
                  <String HEIGHT="50" WIDTH="87" VPOS="709" HPOS="668" CONTENT="quae"/>
               </TextLine>
               <TextLine ID="r3l32"
                         BASELINE="795"
                         HEIGHT="47"
                         WIDTH="493"
                         VPOS="748"
                         HPOS="254">
                  <String HEIGHT="47"
                          WIDTH="187"
                          VPOS="748"
                          HPOS="237"
                          CONTENT="necesse"/>
                  <SP HEIGHT="47" WIDTH="17" VPOS="748" HPOS="424"/>
                  <String HEIGHT="47" WIDTH="119" VPOS="748" HPOS="373" CONTENT="est"/>
                  <SP HEIGHT="47" WIDTH="17" VPOS="748" HPOS="492"/>
                  <String HEIGHT="47"
                          WIDTH="153"
                          VPOS="748"
                          HPOS="441"
                          CONTENT="primo"/>
                  <SP HEIGHT="47" WIDTH="17" VPOS="748" HPOS="594"/>
                  <String HEIGHT="47"
                          WIDTH="221"
                          VPOS="748"
                          HPOS="526"
                          CONTENT="transmutari"/>
               </TextLine>
               <TextLine ID="r3l34"
                         BASELINE="838"
                         HEIGHT="44"
                         WIDTH="492"
                         VPOS="794"
                         HPOS="255">
                  <String HEIGHT="44"
                          WIDTH="123"
                          VPOS="794"
                          HPOS="240"
                          CONTENT="quod"/>
                  <SP HEIGHT="44" WIDTH="15" VPOS="794" HPOS="363"/>
                  <String HEIGHT="44"
                          WIDTH="261"
                          VPOS="794"
                          HPOS="317"
                          CONTENT="transmutetur."/>
                  <SP HEIGHT="44" WIDTH="15" VPOS="794" HPOS="578"/>
                  <String HEIGHT="44" WIDTH="92" VPOS="794" HPOS="532" CONTENT="vt"/>
                  <SP HEIGHT="44" WIDTH="15" VPOS="794" HPOS="624"/>
                  <String HEIGHT="44"
                          WIDTH="123"
                          VPOS="794"
                          HPOS="578"
                          CONTENT="puta"/>
                  <SP HEIGHT="44" WIDTH="15" VPOS="794" HPOS="701"/>
                  <String HEIGHT="44" WIDTH="92" VPOS="794" HPOS="655" CONTENT="si"/>
                  <SP HEIGHT="44" WIDTH="15" VPOS="794" HPOS="747"/>
                  <String HEIGHT="44" WIDTH="62" VPOS="794" HPOS="686" CONTENT="ab"/>
               </TextLine>
               <TextLine ID="r3l35"
                         BASELINE="874"
                         HEIGHT="37"
                         WIDTH="505"
                         VPOS="837"
                         HPOS="251">
                  <String HEIGHT="37"
                          WIDTH="168"
                          VPOS="837"
                          HPOS="234"
                          CONTENT="vltima"/>
                  <SP HEIGHT="37" WIDTH="17" VPOS="837" HPOS="403"/>
                  <String HEIGHT="37" WIDTH="101" VPOS="837" HPOS="352" CONTENT="ad"/>
                  <SP HEIGHT="37" WIDTH="17" VPOS="837" HPOS="453"/>
                  <String HEIGHT="37"
                          WIDTH="168"
                          VPOS="837"
                          HPOS="403"
                          CONTENT="primam"/>
                  <SP HEIGHT="37" WIDTH="17" VPOS="837" HPOS="571"/>
                  <String HEIGHT="37"
                          WIDTH="202"
                          VPOS="837"
                          HPOS="520"
                          CONTENT="paulatim"/>
                  <SP HEIGHT="37" WIDTH="17" VPOS="837" HPOS="722"/>
                  <String HEIGHT="37"
                          WIDTH="101"
                          VPOS="837"
                          HPOS="655"
                          CONTENT="per"
                          SUBS_TYPE="HypPart1"
                          SUBS_CONTENT="pertranseat,"/>
                  <HYP CONTENT="-"/>
               </TextLine>
               <TextLine ID="r3l37"
                         BASELINE="922"
                         HEIGHT="46"
                         WIDTH="502"
                         VPOS="876"
                         HPOS="250">
                  <String HEIGHT="46"
                          WIDTH="211"
                          VPOS="876"
                          HPOS="234"
                          CONTENT="transeat,"
                          SUBS_TYPE="HypPart2"
                          SUBS_CONTENT="pertranseat,"/>
                  <SP HEIGHT="46" WIDTH="16" VPOS="876" HPOS="444"/>
                  <String HEIGHT="46"
                          WIDTH="146"
                          VPOS="876"
                          HPOS="396"
                          CONTENT="prius"/>
                  <SP HEIGHT="46" WIDTH="16" VPOS="876" HPOS="541"/>
                  <String HEIGHT="46" WIDTH="97" VPOS="876" HPOS="493" CONTENT="ad"/>
                  <SP HEIGHT="46" WIDTH="16" VPOS="876" HPOS="590"/>
                  <String HEIGHT="46"
                          WIDTH="162"
                          VPOS="876"
                          HPOS="541"
                          CONTENT="medios"/>
                  <SP HEIGHT="46" WIDTH="16" VPOS="876" HPOS="703"/>
                  <String HEIGHT="46"
                          WIDTH="113"
                          VPOS="876"
                          HPOS="639"
                          CONTENT="sonos"/>
               </TextLine>
               <TextLine ID="r3l39"
                         BASELINE="963"
                         HEIGHT="46"
                         WIDTH="503"
                         VPOS="917"
                         HPOS="249">
                  <String HEIGHT="46"
                          WIDTH="163"
                          VPOS="917"
                          HPOS="234"
                          CONTENT="veniet."/>
                  <SP HEIGHT="46" WIDTH="15" VPOS="917" HPOS="397"/>
                  <String HEIGHT="46" WIDTH="74" VPOS="917" HPOS="353" CONTENT="&amp;"/>
                  <SP HEIGHT="46" WIDTH="15" VPOS="917" HPOS="427"/>
                  <String HEIGHT="46" WIDTH="89" VPOS="917" HPOS="382" CONTENT="in"/>
                  <SP HEIGHT="46" WIDTH="15" VPOS="917" HPOS="471"/>
                  <String HEIGHT="46"
                          WIDTH="207"
                          VPOS="917"
                          HPOS="427"
                          CONTENT="coloribus,"/>
                  <SP HEIGHT="46" WIDTH="15" VPOS="917" HPOS="634"/>
                  <String HEIGHT="46" WIDTH="89" VPOS="917" HPOS="589" CONTENT="si"/>
                  <SP HEIGHT="46" WIDTH="15" VPOS="917" HPOS="678"/>
                  <String HEIGHT="46" WIDTH="89" VPOS="917" HPOS="634" CONTENT="ex"/>
                  <SP HEIGHT="46" WIDTH="15" VPOS="917" HPOS="722"/>
                  <String HEIGHT="46" WIDTH="89" VPOS="917" HPOS="663" CONTENT="albo"/>
               </TextLine>
               <TextLine ID="r3l41"
                         BASELINE="1003"
                         HEIGHT="44"
                         WIDTH="497"
                         VPOS="959"
                         HPOS="250">
                  <String HEIGHT="44" WIDTH="99" VPOS="959" HPOS="233" CONTENT="ad"/>
                  <SP HEIGHT="44" WIDTH="17" VPOS="959" HPOS="333"/>
                  <String HEIGHT="44"
                          WIDTH="166"
                          VPOS="959"
                          HPOS="283"
                          CONTENT="nigrum"/>
                  <SP HEIGHT="44" WIDTH="17" VPOS="959" HPOS="449"/>
                  <String HEIGHT="44"
                          WIDTH="182"
                          VPOS="959"
                          HPOS="399"
                          CONTENT="veniat,"/>
                  <SP HEIGHT="44" WIDTH="17" VPOS="959" HPOS="581"/>
                  <String HEIGHT="44"
                          WIDTH="149"
                          VPOS="959"
                          HPOS="532"
                          CONTENT="prius"/>
                  <SP HEIGHT="44" WIDTH="17" VPOS="959" HPOS="681"/>
                  <String HEIGHT="44" WIDTH="99" VPOS="959" HPOS="631" CONTENT="ad"/>
                  <SP HEIGHT="44" WIDTH="17" VPOS="959" HPOS="730"/>
                  <String HEIGHT="44"
                          WIDTH="83"
                          VPOS="959"
                          HPOS="664"
                          CONTENT="pu"
                          SUBS_TYPE="HypPart1"
                          SUBS_CONTENT="puniceum,"/>
                  <HYP CONTENT="-"/>
               </TextLine>
               <TextLine ID="r3l43"
                         BASELINE="1060"
                         HEIGHT="60"
                         WIDTH="496"
                         VPOS="1000"
                         HPOS="253">
                  <String HEIGHT="60"
                          WIDTH="156"
                          VPOS="1000"
                          HPOS="239"
                          CONTENT="niceum,"
                          SUBS_TYPE="HypPart2"
                          SUBS_CONTENT="puniceum,"/>
                  <SP HEIGHT="60" WIDTH="14" VPOS="1000" HPOS="395"/>
                  <String HEIGHT="60" WIDTH="71" VPOS="1000" HPOS="352" CONTENT="&amp;"/>
                  <SP HEIGHT="60" WIDTH="14" VPOS="1000" HPOS="423"/>
                  <String HEIGHT="60"
                          WIDTH="156"
                          VPOS="1000"
                          HPOS="381"
                          CONTENT="fuscum,"/>
                  <SP HEIGHT="60" WIDTH="14" VPOS="1000" HPOS="536"/>
                  <String HEIGHT="60"
                          WIDTH="113"
                          VPOS="1000"
                          HPOS="494"
                          CONTENT="quam"/>
                  <SP HEIGHT="60" WIDTH="14" VPOS="1000" HPOS="607"/>
                  <String HEIGHT="60" WIDTH="85" VPOS="1000" HPOS="565" CONTENT="ad"/>
                  <SP HEIGHT="60" WIDTH="14" VPOS="1000" HPOS="650"/>
                  <String HEIGHT="60"
                          WIDTH="142"
                          VPOS="1000"
                          HPOS="607"
                          CONTENT="nigrum"/>
                  <SP HEIGHT="60" WIDTH="14" VPOS="1000" HPOS="749"/>
                  <String HEIGHT="60" WIDTH="57" VPOS="1000" HPOS="692" CONTENT="ve"/>
               </TextLine>
               <TextLine ID="r3l45"
                         BASELINE="1090"
                         HEIGHT="45"
                         WIDTH="509"
                         VPOS="1045"
                         HPOS="245">
                  <String HEIGHT="45"
                          WIDTH="115"
                          VPOS="1045"
                          HPOS="232"
                          CONTENT="niet."/>
                  <SP HEIGHT="45" WIDTH="13" VPOS="1045" HPOS="347"/>
                  <String HEIGHT="45"
                          WIDTH="165"
                          VPOS="1045"
                          HPOS="309"
                          CONTENT="similiter"/>
                  <SP HEIGHT="45" WIDTH="13" VPOS="1045" HPOS="474"/>
                  <String HEIGHT="45"
                          WIDTH="115"
                          VPOS="1045"
                          HPOS="436"
                          CONTENT="autem"/>
                  <SP HEIGHT="45" WIDTH="13" VPOS="1045" HPOS="550"/>
                  <String HEIGHT="45" WIDTH="64" VPOS="1045" HPOS="512" CONTENT="&amp;"/>
                  <SP HEIGHT="45" WIDTH="13" VPOS="1045" HPOS="576"/>
                  <String HEIGHT="45" WIDTH="76" VPOS="1045" HPOS="538" CONTENT="in"/>
                  <SP HEIGHT="45" WIDTH="13" VPOS="1045" HPOS="614"/>
                  <String HEIGHT="45"
                          WIDTH="127"
                          VPOS="1045"
                          HPOS="576"
                          CONTENT="aliis."/>
                  <SP HEIGHT="45" WIDTH="13" VPOS="1045" HPOS="703"/>
                  <String HEIGHT="45"
                          WIDTH="102"
                          VPOS="1045"
                          HPOS="652"
                          CONTENT="Trans"
                          SUBS_TYPE="HypPart1"
                          SUBS_CONTENT="Transmutari"/>
                  <HYP CONTENT="-"/>
               </TextLine>
               <TextLine ID="r3l47"
                         BASELINE="1141"
                         HEIGHT="56"
                         WIDTH="509"
                         VPOS="1085"
                         HPOS="249">
                  <String HEIGHT="56"
                          WIDTH="176"
                          VPOS="1085"
                          HPOS="231"
                          CONTENT="mutari"
                          SUBS_TYPE="HypPart2"
                          SUBS_CONTENT="Transmutari"/>
                  <SP HEIGHT="56" WIDTH="18" VPOS="1085" HPOS="407"/>
                  <String HEIGHT="56"
                          WIDTH="140"
                          VPOS="1085"
                          HPOS="354"
                          CONTENT="vero"/>
                  <SP HEIGHT="56" WIDTH="18" VPOS="1085" HPOS="495"/>
                  <String HEIGHT="56" WIDTH="105" VPOS="1085" HPOS="442" CONTENT="ex"/>
                  <SP HEIGHT="56" WIDTH="18" VPOS="1085" HPOS="547"/>
                  <String HEIGHT="56"
                          WIDTH="140"
                          VPOS="1085"
                          HPOS="495"
                          CONTENT="alio"/>
                  <SP HEIGHT="56" WIDTH="18" VPOS="1085" HPOS="635"/>
                  <String HEIGHT="56"
                          WIDTH="176"
                          VPOS="1085"
                          HPOS="582"
                          CONTENT="genere"/>
                  <SP HEIGHT="56" WIDTH="18" VPOS="1085" HPOS="758"/>
                  <String HEIGHT="56" WIDTH="70" VPOS="1085" HPOS="688" CONTENT="in"/>
               </TextLine>
               <TextLine ID="r3l49"
                         BASELINE="1171"
                         HEIGHT="46"
                         WIDTH="506"
                         VPOS="1125"
                         HPOS="255">
                  <String HEIGHT="46"
                          WIDTH="114"
                          VPOS="1125"
                          HPOS="242"
                          CONTENT="aliud"/>
                  <SP HEIGHT="46" WIDTH="13" VPOS="1125" HPOS="356"/>
                  <String HEIGHT="46"
                          WIDTH="127"
                          VPOS="1125"
                          HPOS="318"
                          CONTENT="geneus"/>
                  <SP HEIGHT="46" WIDTH="13" VPOS="1125" HPOS="445"/>
                  <String HEIGHT="46" WIDTH="89" VPOS="1125" HPOS="407" CONTENT="non"/>
                  <SP HEIGHT="46" WIDTH="13" VPOS="1125" HPOS="495"/>
                  <String HEIGHT="46" WIDTH="89" VPOS="1125" HPOS="457" CONTENT="est"/>
                  <SP HEIGHT="46" WIDTH="13" VPOS="1125" HPOS="546"/>
                  <String HEIGHT="46"
                          WIDTH="101"
                          VPOS="1125"
                          HPOS="508"
                          CONTENT="nisi"/>
                  <SP HEIGHT="46" WIDTH="13" VPOS="1125" HPOS="609"/>
                  <String HEIGHT="46"
                          WIDTH="152"
                          VPOS="1125"
                          HPOS="571"
                          CONTENT="secundum"/>
                  <SP HEIGHT="46" WIDTH="13" VPOS="1125" HPOS="723"/>
                  <String HEIGHT="46"
                          WIDTH="89"
                          VPOS="1125"
                          HPOS="672"
                          CONTENT="acci"
                          SUBS_TYPE="HypPart1"
                          SUBS_CONTENT="accidens,"/>
                  <HYP CONTENT="-"/>
               </TextLine>
               <TextLine ID="r3l50"
                         BASELINE="1210"
                         HEIGHT="43"
                         WIDTH="503"
                         VPOS="1167"
                         HPOS="249">
                  <String HEIGHT="43"
                          WIDTH="129"
                          VPOS="1167"
                          HPOS="235"
                          CONTENT="dens,"
                          SUBS_TYPE="HypPart2"
                          SUBS_CONTENT="accidens,"/>
                  <SP HEIGHT="43" WIDTH="14" VPOS="1167" HPOS="364"/>
                  <String HEIGHT="43" WIDTH="86" VPOS="1167" HPOS="321" CONTENT="vt"/>
                  <SP HEIGHT="43" WIDTH="14" VPOS="1167" HPOS="407"/>
                  <String HEIGHT="43" WIDTH="86" VPOS="1167" HPOS="364" CONTENT="ex"/>
                  <SP HEIGHT="43" WIDTH="14" VPOS="1167" HPOS="450"/>
                  <String HEIGHT="43"
                          WIDTH="144"
                          VPOS="1167"
                          HPOS="407"
                          CONTENT="colore"/>
                  <SP HEIGHT="43" WIDTH="14" VPOS="1167" HPOS="551"/>
                  <String HEIGHT="43" WIDTH="86" VPOS="1167" HPOS="508" CONTENT="in"/>
                  <SP HEIGHT="43" WIDTH="14" VPOS="1167" HPOS="594"/>
                  <String HEIGHT="43"
                          WIDTH="172"
                          VPOS="1167"
                          HPOS="551"
                          CONTENT="siguram."/>
                  <SP HEIGHT="43" WIDTH="14" VPOS="1167" HPOS="723"/>
                  <String HEIGHT="43"
                          WIDTH="86"
                          VPOS="1167"
                          HPOS="666"
                          CONTENT="noen"/>
               </TextLine>
               <TextLine ID="r3l52"
                         BASELINE="1251"
                         HEIGHT="43"
                         WIDTH="505"
                         VPOS="1208"
                         HPOS="248">
                  <String HEIGHT="43"
                          WIDTH="142"
                          VPOS="1208"
                          HPOS="232"
                          CONTENT="cesse"/>
                  <SP HEIGHT="43" WIDTH="16" VPOS="1208" HPOS="374"/>
                  <String HEIGHT="43"
                          WIDTH="158"
                          VPOS="1208"
                          HPOS="327"
                          CONTENT="igitur"/>
                  <SP HEIGHT="43" WIDTH="16" VPOS="1208" HPOS="485"/>
                  <String HEIGHT="43" WIDTH="95" VPOS="1208" HPOS="437" CONTENT="vt"/>
                  <SP HEIGHT="43" WIDTH="16" VPOS="1208" HPOS="532"/>
                  <String HEIGHT="43"
                          WIDTH="142"
                          VPOS="1208"
                          HPOS="485"
                          CONTENT="media"/>
                  <SP HEIGHT="43" WIDTH="16" VPOS="1208" HPOS="627"/>
                  <String HEIGHT="43" WIDTH="79" VPOS="1208" HPOS="579" CONTENT="&amp;"/>
                  <SP HEIGHT="43" WIDTH="16" VPOS="1208" HPOS="658"/>
                  <String HEIGHT="43"
                          WIDTH="158"
                          VPOS="1208"
                          HPOS="595"
                          CONTENT="sibiinui"/>
               </TextLine>
               <TextLine ID="r3l54"
                         BASELINE="1298"
                         HEIGHT="48"
                         WIDTH="503"
                         VPOS="1250"
                         HPOS="252">
                  <String HEIGHT="48"
                          WIDTH="144"
                          VPOS="1250"
                          HPOS="234"
                          CONTENT="cem,"/>
                  <SP HEIGHT="48" WIDTH="18" VPOS="1250" HPOS="378"/>
                  <String HEIGHT="48" WIDTH="90" VPOS="1250" HPOS="324" CONTENT="&amp;"/>
                  <SP HEIGHT="48" WIDTH="18" VPOS="1250" HPOS="414"/>
                  <String HEIGHT="48"
                          WIDTH="180"
                          VPOS="1250"
                          HPOS="360"
                          CONTENT="quorum"/>
                  <SP HEIGHT="48" WIDTH="18" VPOS="1250" HPOS="539"/>
                  <String HEIGHT="48"
                          WIDTH="162"
                          VPOS="1250"
                          HPOS="486"
                          CONTENT="media"/>
                  <SP HEIGHT="48" WIDTH="18" VPOS="1250" HPOS="647"/>
                  <String HEIGHT="48"
                          WIDTH="162"
                          VPOS="1250"
                          HPOS="593"
                          CONTENT="sunt,"/>
                  <SP HEIGHT="48" WIDTH="18" VPOS="1250" HPOS="755"/>
                  <String HEIGHT="48" WIDTH="72" VPOS="1250" HPOS="683" CONTENT="in"/>
               </TextLine>
               <TextLine ID="r3l56"
                         BASELINE="1339"
                         HEIGHT="47"
                         WIDTH="506"
                         VPOS="1292"
                         HPOS="245">
                  <String HEIGHT="47"
                          WIDTH="142"
                          VPOS="1292"
                          HPOS="229"
                          CONTENT="eodem"/>
                  <SP HEIGHT="47" WIDTH="16" VPOS="1292" HPOS="372"/>
                  <String HEIGHT="47"
                          WIDTH="158"
                          VPOS="1292"
                          HPOS="324"
                          CONTENT="genere"/>
                  <SP HEIGHT="47" WIDTH="16" VPOS="1292" HPOS="482"/>
                  <String HEIGHT="47"
                          WIDTH="142"
                          VPOS="1292"
                          HPOS="435"
                          CONTENT="sint."/>
                  <SP HEIGHT="47" WIDTH="16" VPOS="1292" HPOS="577"/>
                  <String HEIGHT="47" WIDTH="95" VPOS="1292" HPOS="530" CONTENT="At"/>
                  <SP HEIGHT="47" WIDTH="16" VPOS="1292" HPOS="625"/>
                  <String HEIGHT="47"
                          WIDTH="127"
                          VPOS="1292"
                          HPOS="577"
                          CONTENT="vero"/>
                  <SP HEIGHT="47" WIDTH="16" VPOS="1292" HPOS="704"/>
                  <String HEIGHT="47"
                          WIDTH="111"
                          VPOS="1292"
                          HPOS="640"
                          CONTENT="omnia"/>
               </TextLine>
               <TextLine ID="r3l58"
                         BASELINE="1378"
                         HEIGHT="41"
                         WIDTH="512"
                         VPOS="1337"
                         HPOS="246">
                  <String HEIGHT="41"
                          WIDTH="215"
                          VPOS="1337"
                          HPOS="229"
                          CONTENT="aliquorum"/>
                  <SP HEIGHT="41" WIDTH="17" VPOS="1337" HPOS="444"/>
                  <String HEIGHT="41"
                          WIDTH="248"
                          VPOS="1337"
                          HPOS="395"
                          CONTENT="oppositorum"/>
                  <SP HEIGHT="41" WIDTH="17" VPOS="1337" HPOS="642"/>
                  <String HEIGHT="41"
                          WIDTH="149"
                          VPOS="1337"
                          HPOS="593"
                          CONTENT="sunt,"/>
                  <SP HEIGHT="41" WIDTH="17" VPOS="1337" HPOS="741"/>
                  <String HEIGHT="41"
                          WIDTH="83"
                          VPOS="1337"
                          HPOS="675"
                          CONTENT="ex"
                          SUBS_TYPE="HypPart1"
                          SUBS_CONTENT="exhis"/>
                  <HYP CONTENT="-"/>
               </TextLine>
               <TextLine ID="r3l60"
                         BASELINE="1419"
                         HEIGHT="38"
                         WIDTH="517"
                         VPOS="1381"
                         HPOS="242">
                  <String HEIGHT="38"
                          WIDTH="93"
                          VPOS="1381"
                          HPOS="229"
                          CONTENT="his"
                          SUBS_TYPE="HypPart2"
                          SUBS_CONTENT="exhis"/>
                  <SP HEIGHT="38" WIDTH="13" VPOS="1381" HPOS="322"/>
                  <String HEIGHT="38"
                          WIDTH="133"
                          VPOS="1381"
                          HPOS="282"
                          CONTENT="nanque"/>
                  <SP HEIGHT="38" WIDTH="13" VPOS="1381" HPOS="414"/>
                  <String HEIGHT="38"
                          WIDTH="119"
                          VPOS="1381"
                          HPOS="375"
                          CONTENT="solis"/>
                  <SP HEIGHT="38" WIDTH="13" VPOS="1381" HPOS="494"/>
                  <String HEIGHT="38" WIDTH="93" VPOS="1381" HPOS="454" CONTENT="per"/>
                  <SP HEIGHT="38" WIDTH="13" VPOS="1381" HPOS="547"/>
                  <String HEIGHT="38" WIDTH="80" VPOS="1381" HPOS="507" CONTENT="se"/>
                  <SP HEIGHT="38" WIDTH="13" VPOS="1381" HPOS="587"/>
                  <String HEIGHT="38"
                          WIDTH="186"
                          VPOS="1381"
                          HPOS="547"
                          CONTENT="trasmutari"/>
                  <SP HEIGHT="38" WIDTH="13" VPOS="1381" HPOS="732"/>
                  <String HEIGHT="38"
                          WIDTH="80"
                          VPOS="1381"
                          HPOS="679"
                          CONTENT="est."/>
               </TextLine>
               <TextLine ID="r3l62"
                         BASELINE="1472"
                         HEIGHT="46"
                         WIDTH="508"
                         VPOS="1426"
                         HPOS="242">
                  <String HEIGHT="46"
                          WIDTH="127"
                          VPOS="1426"
                          HPOS="228"
                          CONTENT="Quare"/>
                  <SP HEIGHT="46" WIDTH="14" VPOS="1426" HPOS="355"/>
                  <String HEIGHT="46"
                          WIDTH="212"
                          VPOS="1426"
                          HPOS="313"
                          CONTENT="impossibile"/>
                  <SP HEIGHT="46" WIDTH="14" VPOS="1426" HPOS="524"/>
                  <String HEIGHT="46" WIDTH="99" VPOS="1426" HPOS="482" CONTENT="est"/>
                  <SP HEIGHT="46" WIDTH="14" VPOS="1426" HPOS="581"/>
                  <String HEIGHT="46"
                          WIDTH="127"
                          VPOS="1426"
                          HPOS="538"
                          CONTENT="media"/>
                  <SP HEIGHT="46" WIDTH="14" VPOS="1426" HPOS="665"/>
                  <String HEIGHT="46"
                          WIDTH="113"
                          VPOS="1426"
                          HPOS="623"
                          CONTENT="esse"/>
                  <SP HEIGHT="46" WIDTH="14" VPOS="1426" HPOS="736"/>
                  <String HEIGHT="46" WIDTH="71" VPOS="1426" HPOS="679" CONTENT="non"/>
               </TextLine>
               <TextLine ID="r3l64"
                         BASELINE="1514"
                         HEIGHT="45"
                         WIDTH="503"
                         VPOS="1469"
                         HPOS="249">
                  <String HEIGHT="45"
                          WIDTH="237"
                          VPOS="1469"
                          HPOS="234"
                          CONTENT="oppositorum,"/>
                  <SP HEIGHT="45" WIDTH="15" VPOS="1469" HPOS="471"/>
                  <String HEIGHT="45"
                          WIDTH="133"
                          VPOS="1469"
                          HPOS="427"
                          CONTENT="esset"/>
                  <SP HEIGHT="45" WIDTH="15" VPOS="1469" HPOS="560"/>
                  <String HEIGHT="45"
                          WIDTH="148"
                          VPOS="1469"
                          HPOS="515"
                          CONTENT="nanque"/>
                  <SP HEIGHT="45" WIDTH="15" VPOS="1469" HPOS="663"/>
                  <String HEIGHT="45"
                          WIDTH="148"
                          VPOS="1469"
                          HPOS="604"
                          CONTENT="profecto"/>
               </TextLine>
               <TextLine ID="r3l65"
                         BASELINE="1554"
                         HEIGHT="51"
                         WIDTH="508"
                         VPOS="1503"
                         HPOS="245">
                  <String HEIGHT="51"
                          WIDTH="246"
                          VPOS="1503"
                          HPOS="230"
                          CONTENT="transmutatio"/>
                  <SP HEIGHT="51" WIDTH="15" VPOS="1503" HPOS="476"/>
                  <String HEIGHT="51"
                          WIDTH="139"
                          VPOS="1503"
                          HPOS="430"
                          CONTENT="etiam"/>
                  <SP HEIGHT="51" WIDTH="15" VPOS="1503" HPOS="568"/>
                  <String HEIGHT="51" WIDTH="92" VPOS="1503" HPOS="522" CONTENT="ex"/>
                  <SP HEIGHT="51" WIDTH="15" VPOS="1503" HPOS="614"/>
                  <String HEIGHT="51"
                          WIDTH="108"
                          VPOS="1503"
                          HPOS="568"
                          CONTENT="non"/>
                  <SP HEIGHT="51" WIDTH="15" VPOS="1503" HPOS="676"/>
                  <String HEIGHT="51"
                          WIDTH="139"
                          VPOS="1503"
                          HPOS="614"
                          CONTENT="opposi"
                          SUBS_TYPE="HypPart1"
                          SUBS_CONTENT="oppositis."/>
                  <HYP CONTENT="-"/>
               </TextLine>
               <TextLine ID="r3l67"
                         BASELINE="1586"
                         HEIGHT="43"
                         WIDTH="506"
                         VPOS="1543"
                         HPOS="245">
                  <String HEIGHT="43"
                          WIDTH="131"
                          VPOS="1543"
                          HPOS="229"
                          CONTENT="tis."
                          SUBS_TYPE="HypPart2"
                          SUBS_CONTENT="oppositis."/>
                  <SP HEIGHT="43" WIDTH="16" VPOS="1543" HPOS="359"/>
                  <String HEIGHT="43"
                          WIDTH="245"
                          VPOS="1543"
                          HPOS="310"
                          CONTENT="Oppositorum"/>
                  <SP HEIGHT="43" WIDTH="16" VPOS="1543" HPOS="555"/>
                  <String HEIGHT="43"
                          WIDTH="131"
                          VPOS="1543"
                          HPOS="506"
                          CONTENT="vero"/>
                  <SP HEIGHT="43" WIDTH="16" VPOS="1543" HPOS="637"/>
                  <String HEIGHT="43"
                          WIDTH="180"
                          VPOS="1543"
                          HPOS="571"
                          CONTENT="contradit"/>
               </TextLine>
               <TextLine ID="r3l69"
                         BASELINE="1627"
                         HEIGHT="39"
                         WIDTH="501"
                         VPOS="1588"
                         HPOS="250">
                  <String HEIGHT="39"
                          WIDTH="167"
                          VPOS="1588"
                          HPOS="235"
                          CONTENT="ctionis"/>
                  <SP HEIGHT="39" WIDTH="15" VPOS="1588" HPOS="402"/>
                  <String HEIGHT="39"
                          WIDTH="152"
                          VPOS="1588"
                          HPOS="356"
                          CONTENT="quidem"/>
                  <SP HEIGHT="39" WIDTH="15" VPOS="1588" HPOS="508"/>
                  <String HEIGHT="39"
                          WIDTH="152"
                          VPOS="1588"
                          HPOS="463"
                          CONTENT="nullum"/>
                  <SP HEIGHT="39" WIDTH="15" VPOS="1588" HPOS="614"/>
                  <String HEIGHT="39"
                          WIDTH="106"
                          VPOS="1588"
                          HPOS="569"
                          CONTENT="est"/>
                  <SP HEIGHT="39" WIDTH="15" VPOS="1588" HPOS="675"/>
                  <String HEIGHT="39"
                          WIDTH="137"
                          VPOS="1588"
                          HPOS="614"
                          CONTENT="medium,"/>
               </TextLine>
               <TextLine ID="r3l71"
                         BASELINE="1682"
                         HEIGHT="53"
                         WIDTH="513"
                         VPOS="1629"
                         HPOS="243">
                  <String HEIGHT="53"
                          WIDTH="106"
                          VPOS="1629"
                          HPOS="228"
                          CONTENT="Hoc"/>
                  <SP HEIGHT="53" WIDTH="15" VPOS="1629" HPOS="334"/>
                  <String HEIGHT="53"
                          WIDTH="121"
                          VPOS="1629"
                          HPOS="288"
                          CONTENT="enim"/>
                  <SP HEIGHT="53" WIDTH="15" VPOS="1629" HPOS="409"/>
                  <String HEIGHT="53"
                          WIDTH="106"
                          VPOS="1629"
                          HPOS="364"
                          CONTENT="est"/>
                  <SP HEIGHT="53" WIDTH="15" VPOS="1629" HPOS="469"/>
                  <String HEIGHT="53"
                          WIDTH="257"
                          VPOS="1629"
                          HPOS="424"
                          CONTENT="contradictio,"/>
                  <SP HEIGHT="53" WIDTH="15" VPOS="1629" HPOS="681"/>
                  <String HEIGHT="53"
                          WIDTH="136"
                          VPOS="1629"
                          HPOS="620"
                          CONTENT="opposi"
                          SUBS_TYPE="HypPart1"
                          SUBS_CONTENT="oppositio,"/>
                  <HYP CONTENT="-"/>
               </TextLine>
               <TextLine ID="r3l73"
                         BASELINE="1715"
                         HEIGHT="40"
                         WIDTH="497"
                         VPOS="1675"
                         HPOS="248">
                  <String HEIGHT="40"
                          WIDTH="133"
                          VPOS="1675"
                          HPOS="231"
                          CONTENT="tio,"
                          SUBS_TYPE="HypPart2"
                          SUBS_CONTENT="oppositio,"/>
                  <SP HEIGHT="40" WIDTH="17" VPOS="1675" HPOS="364"/>
                  <String HEIGHT="40"
                          WIDTH="149"
                          VPOS="1675"
                          HPOS="314"
                          CONTENT="cuius"/>
                  <SP HEIGHT="40" WIDTH="17" VPOS="1675" HPOS="463"/>
                  <String HEIGHT="40"
                          WIDTH="116"
                          VPOS="1675"
                          HPOS="414"
                          CONTENT="cum"/>
                  <SP HEIGHT="40" WIDTH="17" VPOS="1675" HPOS="530"/>
                  <String HEIGHT="40"
                          WIDTH="149"
                          VPOS="1675"
                          HPOS="480"
                          CONTENT="nihil"/>
                  <SP HEIGHT="40" WIDTH="17" VPOS="1675" HPOS="629"/>
                  <String HEIGHT="40"
                          WIDTH="166"
                          VPOS="1675"
                          HPOS="579"
                          CONTENT="habeat"/>
                  <SP HEIGHT="40" WIDTH="17" VPOS="1675" HPOS="745"/>
                  <String HEIGHT="40" WIDTH="66" VPOS="1675" HPOS="679" CONTENT="me"/>
               </TextLine>
               <TextLine ID="r3l75"
                         BASELINE="1754"
                         HEIGHT="38"
                         WIDTH="504"
                         VPOS="1716"
                         HPOS="244">
                  <String HEIGHT="38"
                          WIDTH="137"
                          VPOS="1716"
                          HPOS="229"
                          CONTENT="dium,"/>
                  <SP HEIGHT="38" WIDTH="15" VPOS="1716" HPOS="366"/>
                  <String HEIGHT="38"
                          WIDTH="199"
                          VPOS="1716"
                          HPOS="320"
                          CONTENT="cuicumque"/>
                  <SP HEIGHT="38" WIDTH="15" VPOS="1716" HPOS="519"/>
                  <String HEIGHT="38"
                          WIDTH="153"
                          VPOS="1716"
                          HPOS="473"
                          CONTENT="altera"/>
                  <SP HEIGHT="38" WIDTH="15" VPOS="1716" HPOS="626"/>
                  <String HEIGHT="38"
                          WIDTH="122"
                          VPOS="1716"
                          HPOS="580"
                          CONTENT="pars"/>
                  <SP HEIGHT="38" WIDTH="15" VPOS="1716" HPOS="702"/>
                  <String HEIGHT="38"
                          WIDTH="107"
                          VPOS="1716"
                          HPOS="641"
                          CONTENT="adest"/>
               </TextLine>
               <TextLine ID="r3l77"
                         BASELINE="1810"
                         HEIGHT="53"
                         WIDTH="508"
                         VPOS="1757"
                         HPOS="242">
                  <String HEIGHT="53"
                          WIDTH="229"
                          VPOS="1757"
                          HPOS="226"
                          CONTENT="Caeterorum"/>
                  <SP HEIGHT="53" WIDTH="16" VPOS="1757" HPOS="455"/>
                  <String HEIGHT="53"
                          WIDTH="131"
                          VPOS="1757"
                          HPOS="406"
                          CONTENT="vero"/>
                  <SP HEIGHT="53" WIDTH="16" VPOS="1757" HPOS="537"/>
                  <String HEIGHT="53"
                          WIDTH="180"
                          VPOS="1757"
                          HPOS="488"
                          CONTENT="quaedam"/>
                  <SP HEIGHT="53" WIDTH="16" VPOS="1757" HPOS="668"/>
                  <String HEIGHT="53" WIDTH="98" VPOS="1757" HPOS="619" CONTENT="ad"/>
                  <SP HEIGHT="53" WIDTH="16" VPOS="1757" HPOS="717"/>
                  <String HEIGHT="53"
                          WIDTH="98"
                          VPOS="1757"
                          HPOS="652"
                          CONTENT="ali"
                          SUBS_TYPE="HypPart1"
                          SUBS_CONTENT="aliquid,"/>
                  <HYP CONTENT="-"/>
               </TextLine>
               <TextLine ID="line_1604715283769_2421"
                         BASELINE="1843"
                         HEIGHT="46"
                         WIDTH="523"
                         VPOS="1797"
                         HPOS="240">
                  <String HEIGHT="46"
                          WIDTH="124"
                          VPOS="1797"
                          HPOS="226"
                          CONTENT="quid,"
                          SUBS_TYPE="HypPart2"
                          SUBS_CONTENT="aliquid,"/>
                  <SP HEIGHT="46" WIDTH="14" VPOS="1797" HPOS="350"/>
                  <String HEIGHT="46"
                          WIDTH="151"
                          VPOS="1797"
                          HPOS="309"
                          CONTENT="quaedam"/>
                  <SP HEIGHT="46" WIDTH="14" VPOS="1797" HPOS="460"/>
                  <String HEIGHT="46"
                          WIDTH="179"
                          VPOS="1797"
                          HPOS="419"
                          CONTENT="priuatia,"/>
                  <SP HEIGHT="46" WIDTH="14" VPOS="1797" HPOS="598"/>
                  <String HEIGHT="46"
                          WIDTH="151"
                          VPOS="1797"
                          HPOS="557"
                          CONTENT="quaedam"/>
                  <SP HEIGHT="46" WIDTH="14" VPOS="1797" HPOS="708"/>
                  <String HEIGHT="46"
                          WIDTH="110"
                          VPOS="1797"
                          HPOS="653"
                          CONTENT="contra"/>
               </TextLine>
            </TextBlock>
            <TextBlock ID="TextRegion_1604715294545_2427"
                       HEIGHT="1783"
                       WIDTH="520"
                       VPOS="99"
                       HPOS="771">
               <Shape>
                  <Polygon POINTS="771,99 1291,99 1291,1882 771,1882"/>
               </Shape>
               <TextLine ID="r3l3"
                         BASELINE="187"
                         HEIGHT="46"
                         WIDTH="508"
                         VPOS="141"
                         HPOS="780">
                  <String HEIGHT="46" WIDTH="105" VPOS="141" HPOS="765" CONTENT="ria"/>
                  <SP HEIGHT="46" WIDTH="15" VPOS="141" HPOS="870"/>
                  <String HEIGHT="46"
                          WIDTH="134"
                          VPOS="141"
                          HPOS="825"
                          CONTENT="sunt."/>
                  <SP HEIGHT="46" WIDTH="15" VPOS="141" HPOS="959"/>
                  <String HEIGHT="46"
                          WIDTH="134"
                          VPOS="141"
                          HPOS="914"
                          CONTENT="Forum"/>
                  <SP HEIGHT="46" WIDTH="15" VPOS="141" HPOS="1049"/>
                  <String HEIGHT="46"
                          WIDTH="134"
                          VPOS="141"
                          HPOS="1004"
                          CONTENT="vero,"/>
                  <SP HEIGHT="46" WIDTH="15" VPOS="141" HPOS="1139"/>
                  <String HEIGHT="46"
                          WIDTH="120"
                          VPOS="141"
                          HPOS="1094"
                          CONTENT="quae"/>
                  <SP HEIGHT="46" WIDTH="15" VPOS="141" HPOS="1213"/>
                  <String HEIGHT="46" WIDTH="90" VPOS="141" HPOS="1168" CONTENT="ad"/>
                  <SP HEIGHT="46" WIDTH="15" VPOS="141" HPOS="1258"/>
                  <String HEIGHT="46"
                          WIDTH="90"
                          VPOS="141"
                          HPOS="1198"
                          CONTENT="ali"
                          SUBS_TYPE="HypPart1"
                          SUBS_CONTENT="aliquid,"/>
                  <HYP CONTENT="-"/>
               </TextLine>
               <TextLine ID="r3l5"
                         BASELINE="243"
                         HEIGHT="54"
                         WIDTH="494"
                         VPOS="189"
                         HPOS="787">
                  <String HEIGHT="54"
                          WIDTH="139"
                          VPOS="189"
                          HPOS="772"
                          CONTENT="quid,"
                          SUBS_TYPE="HypPart2"
                          SUBS_CONTENT="aliquid,"/>
                  <SP HEIGHT="54" WIDTH="15" VPOS="189" HPOS="911"/>
                  <String HEIGHT="54"
                          WIDTH="216"
                          VPOS="189"
                          HPOS="864"
                          CONTENT="quaecunque"/>
                  <SP HEIGHT="54" WIDTH="15" VPOS="189" HPOS="1080"/>
                  <String HEIGHT="54"
                          WIDTH="108"
                          VPOS="189"
                          HPOS="1034"
                          CONTENT="non"/>
                  <SP HEIGHT="54" WIDTH="15" VPOS="189" HPOS="1142"/>
                  <String HEIGHT="54"
                          WIDTH="124"
                          VPOS="189"
                          HPOS="1096"
                          CONTENT="sunt"/>
                  <SP HEIGHT="54" WIDTH="15" VPOS="189" HPOS="1219"/>
                  <String HEIGHT="54"
                          WIDTH="124"
                          VPOS="189"
                          HPOS="1158"
                          CONTENT="contra"/>
               </TextLine>
               <TextLine ID="r3l7"
                         BASELINE="274"
                         HEIGHT="45"
                         WIDTH="495"
                         VPOS="229"
                         HPOS="786">
                  <String HEIGHT="45"
                          WIDTH="120"
                          VPOS="229"
                          HPOS="771"
                          CONTENT="ria,"/>
                  <SP HEIGHT="45" WIDTH="15" VPOS="229" HPOS="891"/>
                  <String HEIGHT="45" WIDTH="105" VPOS="229" HPOS="846" CONTENT="non"/>
                  <SP HEIGHT="45" WIDTH="15" VPOS="229" HPOS="951"/>
                  <String HEIGHT="45"
                          WIDTH="150"
                          VPOS="229"
                          HPOS="906"
                          CONTENT="habent"/>
                  <SP HEIGHT="45" WIDTH="15" VPOS="229" HPOS="1056"/>
                  <String HEIGHT="45"
                          WIDTH="165"
                          VPOS="229"
                          HPOS="1011"
                          CONTENT="medium."/>
                  <SP HEIGHT="45" WIDTH="15" VPOS="229" HPOS="1176"/>
                  <String HEIGHT="45"
                          WIDTH="135"
                          VPOS="229"
                          HPOS="1131"
                          CONTENT="causa"/>
                  <SP HEIGHT="45" WIDTH="15" VPOS="229" HPOS="1266"/>
                  <String HEIGHT="45"
                          WIDTH="75"
                          VPOS="229"
                          HPOS="1206"
                          CONTENT="ve"
                          SUBS_TYPE="HypPart1"
                          SUBS_CONTENT="vero,"/>
                  <HYP CONTENT="-"/>
               </TextLine>
               <TextLine ID="r3l9"
                         BASELINE="314"
                         HEIGHT="45"
                         WIDTH="505"
                         VPOS="269"
                         HPOS="778">
                  <String HEIGHT="45"
                          WIDTH="104"
                          VPOS="269"
                          HPOS="763"
                          CONTENT="ro,"
                          SUBS_TYPE="HypPart2"
                          SUBS_CONTENT="vero,"/>
                  <SP HEIGHT="45" WIDTH="15" VPOS="269" HPOS="867"/>
                  <String HEIGHT="45"
                          WIDTH="119"
                          VPOS="269"
                          HPOS="823"
                          CONTENT="quia"/>
                  <SP HEIGHT="45" WIDTH="15" VPOS="269" HPOS="941"/>
                  <String HEIGHT="45" WIDTH="104" VPOS="269" HPOS="897" CONTENT="non"/>
                  <SP HEIGHT="45" WIDTH="15" VPOS="269" HPOS="1001"/>
                  <String HEIGHT="45" WIDTH="89" VPOS="269" HPOS="956" CONTENT="in"/>
                  <SP HEIGHT="45" WIDTH="15" VPOS="269" HPOS="1045"/>
                  <String HEIGHT="45"
                          WIDTH="134"
                          VPOS="269"
                          HPOS="1001"
                          CONTENT="eodem"/>
                  <SP HEIGHT="45" WIDTH="15" VPOS="269" HPOS="1134"/>
                  <String HEIGHT="45"
                          WIDTH="149"
                          VPOS="269"
                          HPOS="1090"
                          CONTENT="genere"/>
                  <SP HEIGHT="45" WIDTH="15" VPOS="269" HPOS="1238"/>
                  <String HEIGHT="45"
                          WIDTH="104"
                          VPOS="269"
                          HPOS="1179"
                          CONTENT="sunt."/>
               </TextLine>
               <TextLine ID="r3l11"
                         BASELINE="355"
                         HEIGHT="39"
                         WIDTH="500"
                         VPOS="316"
                         HPOS="782">
                  <String HEIGHT="39"
                          WIDTH="114"
                          VPOS="316"
                          HPOS="768"
                          CONTENT="quid"/>
                  <SP HEIGHT="39" WIDTH="14" VPOS="316" HPOS="882"/>
                  <String HEIGHT="39"
                          WIDTH="143"
                          VPOS="316"
                          HPOS="839"
                          CONTENT="nanque"/>
                  <SP HEIGHT="39" WIDTH="14" VPOS="316" HPOS="982"/>
                  <String HEIGHT="39"
                          WIDTH="186"
                          VPOS="316"
                          HPOS="939"
                          CONTENT="scientiae"/>
                  <SP HEIGHT="39" WIDTH="14" VPOS="316" HPOS="1125"/>
                  <String HEIGHT="39" WIDTH="71" VPOS="316" HPOS="1082" CONTENT="&amp;"/>
                  <SP HEIGHT="39" WIDTH="14" VPOS="316" HPOS="1153"/>
                  <String HEIGHT="39"
                          WIDTH="171"
                          VPOS="316"
                          HPOS="1111"
                          CONTENT="scibilis"/>
                  <SP HEIGHT="39" WIDTH="14" VPOS="316" HPOS="1282"/>
                  <String HEIGHT="39" WIDTH="57" VPOS="316" HPOS="1225" CONTENT="me"/>
               </TextLine>
               <TextLine ID="r3l13"
                         BASELINE="411"
                         HEIGHT="47"
                         WIDTH="500"
                         VPOS="364"
                         HPOS="785">
                  <String HEIGHT="47"
                          WIDTH="150"
                          VPOS="364"
                          HPOS="768"
                          CONTENT="diums"/>
                  <SP HEIGHT="47" WIDTH="17" VPOS="364" HPOS="918"/>
                  <String HEIGHT="47"
                          WIDTH="150"
                          VPOS="364"
                          HPOS="868"
                          CONTENT="verum"/>
                  <SP HEIGHT="47" WIDTH="17" VPOS="364" HPOS="1018"/>
                  <String HEIGHT="47"
                          WIDTH="150"
                          VPOS="364"
                          HPOS="968"
                          CONTENT="magni"/>
                  <SP HEIGHT="47" WIDTH="17" VPOS="364" HPOS="1118"/>
                  <String HEIGHT="47" WIDTH="83" VPOS="364" HPOS="1068" CONTENT="&amp;"/>
                  <SP HEIGHT="47" WIDTH="17" VPOS="364" HPOS="1152"/>
                  <String HEIGHT="47"
                          WIDTH="150"
                          VPOS="364"
                          HPOS="1102"
                          CONTENT="parui"/>
                  <SP HEIGHT="47" WIDTH="17" VPOS="364" HPOS="1252"/>
                  <String HEIGHT="47"
                          WIDTH="100"
                          VPOS="364"
                          HPOS="1185"
                          CONTENT="est."/>
               </TextLine>
               <TextLine ID="r3l15"
                         BASELINE="466"
                         HEIGHT="61"
                         WIDTH="447"
                         VPOS="405"
                         HPOS="834">
                  <String HEIGHT="61" WIDTH="104" VPOS="405" HPOS="819" CONTENT="Cum"/>
                  <SP HEIGHT="61" WIDTH="15" VPOS="405" HPOS="923"/>
                  <String HEIGHT="61"
                          WIDTH="119"
                          VPOS="405"
                          HPOS="879"
                          CONTENT="vero"/>
                  <SP HEIGHT="61" WIDTH="15" VPOS="405" HPOS="998"/>
                  <String HEIGHT="61"
                          WIDTH="194"
                          VPOS="405"
                          HPOS="953"
                          CONTENT="contraria"/>
                  <SP HEIGHT="61" WIDTH="15" VPOS="405" HPOS="1147"/>
                  <String HEIGHT="61"
                          WIDTH="164"
                          VPOS="405"
                          HPOS="1102"
                          CONTENT="possunt"/>
                  <SP HEIGHT="61" WIDTH="15" VPOS="405" HPOS="1266"/>
                  <String HEIGHT="61"
                          WIDTH="75"
                          VPOS="405"
                          HPOS="1207"
                          CONTENT="es"
                          SUBS_TYPE="HypPart1"
                          SUBS_CONTENT="esse"/>
                  <HYP CONTENT="-"/>
               </TextLine>
               <TextLine ID="r3l18"
                         BASELINE="514"
                         HEIGHT="62"
                         WIDTH="506"
                         VPOS="452"
                         HPOS="781">
                  <String HEIGHT="62"
                          WIDTH="87"
                          VPOS="452"
                          HPOS="767"
                          CONTENT="se"
                          SUBS_TYPE="HypPart2"
                          SUBS_CONTENT="esse"/>
                  <SP HEIGHT="62" WIDTH="14" VPOS="452" HPOS="853"/>
                  <String HEIGHT="62"
                          WIDTH="173"
                          VPOS="452"
                          HPOS="810"
                          CONTENT="mediata,"/>
                  <SP HEIGHT="62" WIDTH="14" VPOS="452" HPOS="983"/>
                  <String HEIGHT="62" WIDTH="87" VPOS="452" HPOS="940" CONTENT="in"/>
                  <SP HEIGHT="62" WIDTH="14" VPOS="452" HPOS="1027"/>
                  <String HEIGHT="62"
                          WIDTH="188"
                          VPOS="452"
                          HPOS="983"
                          CONTENT="quibusdam"/>
                  <SP HEIGHT="62" WIDTH="14" VPOS="452" HPOS="1171"/>
                  <String HEIGHT="62"
                          WIDTH="101"
                          VPOS="452"
                          HPOS="1128"
                          CONTENT="est"/>
                  <SP HEIGHT="62" WIDTH="14" VPOS="452" HPOS="1229"/>
                  <String HEIGHT="62"
                          WIDTH="116"
                          VPOS="452"
                          HPOS="1171"
                          CONTENT="necel"
                          SUBS_TYPE="HypPart1"
                          SUBS_CONTENT="necelse"/>
                  <HYP CONTENT="-"/>
               </TextLine>
               <TextLine ID="r3l21"
                         BASELINE="557"
                         HEIGHT="57"
                         WIDTH="497"
                         VPOS="500"
                         HPOS="784">
                  <String HEIGHT="57"
                          WIDTH="90"
                          VPOS="500"
                          HPOS="769"
                          CONTENT="se"
                          SUBS_TYPE="HypPart2"
                          SUBS_CONTENT="necelse"/>
                  <SP HEIGHT="57" WIDTH="15" VPOS="500" HPOS="859"/>
                  <String HEIGHT="57" WIDTH="90" VPOS="500" HPOS="814" CONTENT="vt"/>
                  <SP HEIGHT="57" WIDTH="15" VPOS="500" HPOS="904"/>
                  <String HEIGHT="57" WIDTH="105" VPOS="500" HPOS="859" CONTENT="sit"/>
                  <SP HEIGHT="57" WIDTH="15" VPOS="500" HPOS="965"/>
                  <String HEIGHT="57"
                          WIDTH="151"
                          VPOS="500"
                          HPOS="920"
                          CONTENT="medium"/>
                  <SP HEIGHT="57" WIDTH="15" VPOS="500" HPOS="1070"/>
                  <String HEIGHT="57"
                          WIDTH="136"
                          VPOS="500"
                          HPOS="1025"
                          CONTENT="inter"/>
                  <SP HEIGHT="57" WIDTH="15" VPOS="500" HPOS="1161"/>
                  <String HEIGHT="57"
                          WIDTH="181"
                          VPOS="500"
                          HPOS="1100"
                          CONTENT="contraria."/>
               </TextLine>
               <TextLine ID="r3l23"
                         BASELINE="610"
                         HEIGHT="62"
                         WIDTH="504"
                         VPOS="548"
                         HPOS="781">
                  <String HEIGHT="62" WIDTH="104" VPOS="548" HPOS="766" CONTENT="Qia"/>
                  <SP HEIGHT="62" WIDTH="15" VPOS="548" HPOS="870"/>
                  <String HEIGHT="62"
                          WIDTH="119"
                          VPOS="548"
                          HPOS="825"
                          CONTENT="enim"/>
                  <SP HEIGHT="62" WIDTH="15" VPOS="548" HPOS="944"/>
                  <String HEIGHT="62"
                          WIDTH="163"
                          VPOS="548"
                          HPOS="900"
                          CONTENT="mediata"/>
                  <SP HEIGHT="62" WIDTH="15" VPOS="548" HPOS="1063"/>
                  <String HEIGHT="62"
                          WIDTH="119"
                          VPOS="548"
                          HPOS="1018"
                          CONTENT="sunt"/>
                  <SP HEIGHT="62" WIDTH="15" VPOS="548" HPOS="1137"/>
                  <String HEIGHT="62" WIDTH="89" VPOS="548" HPOS="1092" CONTENT="in"/>
                  <SP HEIGHT="62" WIDTH="15" VPOS="548" HPOS="1181"/>
                  <String HEIGHT="62"
                          WIDTH="133"
                          VPOS="548"
                          HPOS="1137"
                          CONTENT="eodem"/>
                  <SP HEIGHT="62" WIDTH="15" VPOS="548" HPOS="1270"/>
                  <String HEIGHT="62"
                          WIDTH="74"
                          VPOS="548"
                          HPOS="1211"
                          CONTENT="ge"
                          SUBS_TYPE="HypPart1"
                          SUBS_CONTENT="genere,"/>
                  <HYP CONTENT="-"/>
               </TextLine>
               <TextLine ID="r3l25"
                         BASELINE="658"
                         HEIGHT="61"
                         WIDTH="502"
                         VPOS="597"
                         HPOS="785">
                  <String HEIGHT="61"
                          WIDTH="141"
                          VPOS="597"
                          HPOS="769"
                          CONTENT="nere,"
                          SUBS_TYPE="HypPart2"
                          SUBS_CONTENT="genere,"/>
                  <SP HEIGHT="61" WIDTH="16" VPOS="597" HPOS="911"/>
                  <String HEIGHT="61" WIDTH="78" VPOS="597" HPOS="863" CONTENT="&amp;"/>
                  <SP HEIGHT="61" WIDTH="16" VPOS="597" HPOS="942"/>
                  <String HEIGHT="61"
                          WIDTH="141"
                          VPOS="597"
                          HPOS="895"
                          CONTENT="illa,"/>
                  <SP HEIGHT="61" WIDTH="16" VPOS="597" HPOS="1036"/>
                  <String HEIGHT="61"
                          WIDTH="126"
                          VPOS="597"
                          HPOS="989"
                          CONTENT="quae"/>
                  <SP HEIGHT="61" WIDTH="16" VPOS="597" HPOS="1114"/>
                  <String HEIGHT="61"
                          WIDTH="157"
                          VPOS="597"
                          HPOS="1067"
                          CONTENT="habent"/>
                  <SP HEIGHT="61" WIDTH="16" VPOS="597" HPOS="1224"/>
                  <String HEIGHT="61"
                          WIDTH="126"
                          VPOS="597"
                          HPOS="1162"
                          CONTENT="medium"/>
               </TextLine>
               <TextLine ID="r3l27"
                         BASELINE="706"
                         HEIGHT="62"
                         WIDTH="492"
                         VPOS="644"
                         HPOS="789">
                  <String HEIGHT="62"
                          WIDTH="123"
                          VPOS="644"
                          HPOS="777"
                          CONTENT="etiam."/>
                  <SP HEIGHT="62" WIDTH="12" VPOS="644" HPOS="900"/>
                  <String HEIGHT="62" WIDTH="74" VPOS="644" HPOS="863" CONTENT="Et"/>
                  <SP HEIGHT="62" WIDTH="12" VPOS="644" HPOS="937"/>
                  <String HEIGHT="62" WIDTH="98" VPOS="644" HPOS="900" CONTENT="dico"/>
                  <SP HEIGHT="62" WIDTH="12" VPOS="644" HPOS="998"/>
                  <String HEIGHT="62"
                          WIDTH="111"
                          VPOS="644"
                          HPOS="961"
                          CONTENT="media"/>
                  <SP HEIGHT="62" WIDTH="12" VPOS="644" HPOS="1072"/>
                  <String HEIGHT="62"
                          WIDTH="111"
                          VPOS="644"
                          HPOS="1035"
                          CONTENT="omnia"/>
                  <SP HEIGHT="62" WIDTH="12" VPOS="644" HPOS="1146"/>
                  <String HEIGHT="62"
                          WIDTH="111"
                          VPOS="644"
                          HPOS="1109"
                          CONTENT="ista,"/>
                  <SP HEIGHT="62" WIDTH="12" VPOS="644" HPOS="1220"/>
                  <String HEIGHT="62" WIDTH="74" VPOS="644" HPOS="1183" CONTENT="ad"/>
                  <SP HEIGHT="62" WIDTH="12" VPOS="644" HPOS="1256"/>
                  <String HEIGHT="62"
                          WIDTH="74"
                          VPOS="644"
                          HPOS="1207"
                          CONTENT="quae"/>
               </TextLine>
               <TextLine ID="r3l29"
                         BASELINE="754"
                         HEIGHT="61"
                         WIDTH="500"
                         VPOS="693"
                         HPOS="784">
                  <String HEIGHT="61"
                          WIDTH="145"
                          VPOS="693"
                          HPOS="768"
                          CONTENT="primo"/>
                  <SP HEIGHT="61" WIDTH="16" VPOS="693" HPOS="913"/>
                  <String HEIGHT="61"
                          WIDTH="274"
                          VPOS="693"
                          HPOS="865"
                          CONTENT="transmutabile"/>
                  <SP HEIGHT="61" WIDTH="16" VPOS="693" HPOS="1139"/>
                  <String HEIGHT="61"
                          WIDTH="210"
                          VPOS="693"
                          HPOS="1074"
                          CONTENT="transmuta"/>
               </TextLine>
               <TextLine ID="r3l31"
                         BASELINE="797"
                         HEIGHT="57"
                         WIDTH="504"
                         VPOS="740"
                         HPOS="787">
                  <String HEIGHT="57" WIDTH="101" VPOS="740" HPOS="773" CONTENT="tur"/>
                  <SP HEIGHT="57" WIDTH="14" VPOS="740" HPOS="873"/>
                  <String HEIGHT="57"
                          WIDTH="202"
                          VPOS="740"
                          HPOS="830"
                          CONTENT="necessario"/>
                  <SP HEIGHT="57" WIDTH="14" VPOS="740" HPOS="1032"/>
                  <String HEIGHT="57"
                          WIDTH="144"
                          VPOS="740"
                          HPOS="989"
                          CONTENT="primo."/>
                  <SP HEIGHT="57" WIDTH="14" VPOS="740" HPOS="1133"/>
                  <String HEIGHT="57"
                          WIDTH="115"
                          VPOS="740"
                          HPOS="1089"
                          CONTENT="v.g."/>
                  <SP HEIGHT="57" WIDTH="14" VPOS="740" HPOS="1205"/>
                  <String HEIGHT="57"
                          WIDTH="130"
                          VPOS="740"
                          HPOS="1161"
                          CONTENT="quod,"/>
                  <SP HEIGHT="57" WIDTH="14" VPOS="740" HPOS="1291"/>
                  <String HEIGHT="57" WIDTH="58" VPOS="740" HPOS="1233" CONTENT="si"/>
               </TextLine>
               <TextLine ID="r3l33"
                         BASELINE="835"
                         HEIGHT="46"
                         WIDTH="496"
                         VPOS="789"
                         HPOS="789">
                  <String HEIGHT="46"
                          WIDTH="144"
                          VPOS="789"
                          HPOS="773"
                          CONTENT="motus"/>
                  <SP HEIGHT="46" WIDTH="16" VPOS="789" HPOS="917"/>
                  <String HEIGHT="46"
                          WIDTH="160"
                          VPOS="789"
                          HPOS="869"
                          CONTENT="fuerit"/>
                  <SP HEIGHT="46" WIDTH="16" VPOS="789" HPOS="1029"/>
                  <String HEIGHT="46" WIDTH="96" VPOS="789" HPOS="981" CONTENT="de"/>
                  <SP HEIGHT="46" WIDTH="16" VPOS="789" HPOS="1077"/>
                  <String HEIGHT="46"
                          WIDTH="176"
                          VPOS="789"
                          HPOS="1029"
                          CONTENT="neumate"/>
                  <SP HEIGHT="46" WIDTH="16" VPOS="789" HPOS="1205"/>
                  <String HEIGHT="46" WIDTH="96" VPOS="789" HPOS="1157" CONTENT="ad"/>
                  <SP HEIGHT="46" WIDTH="16" VPOS="789" HPOS="1253"/>
                  <String HEIGHT="46"
                          WIDTH="96"
                          VPOS="789"
                          HPOS="1189"
                          CONTENT="acu"
                          SUBS_TYPE="HypPart1"
                          SUBS_CONTENT="acutum,"/>
                  <HYP CONTENT="-"/>
               </TextLine>
               <TextLine ID="r3l36"
                         BASELINE="898"
                         HEIGHT="54"
                         WIDTH="504"
                         VPOS="844"
                         HPOS="787">
                  <String HEIGHT="54"
                          WIDTH="126"
                          VPOS="844"
                          HPOS="771"
                          CONTENT="tum,"
                          SUBS_TYPE="HypPart2"
                          SUBS_CONTENT="acutum,"/>
                  <SP HEIGHT="54" WIDTH="16" VPOS="844" HPOS="897"/>
                  <String HEIGHT="54"
                          WIDTH="142"
                          VPOS="844"
                          HPOS="850"
                          CONTENT="primo"/>
                  <SP HEIGHT="54" WIDTH="16" VPOS="844" HPOS="992"/>
                  <String HEIGHT="54"
                          WIDTH="158"
                          VPOS="844"
                          HPOS="945"
                          CONTENT="veniet"/>
                  <SP HEIGHT="54" WIDTH="16" VPOS="844" HPOS="1102"/>
                  <String HEIGHT="54" WIDTH="95" VPOS="844" HPOS="1055" CONTENT="in"/>
                  <SP HEIGHT="54" WIDTH="16" VPOS="844" HPOS="1149"/>
                  <String HEIGHT="54"
                          WIDTH="205"
                          VPOS="844"
                          HPOS="1086"
                          CONTENT="neumatibus,"/>
               </TextLine>
               <TextLine ID="r3l38"
                         BASELINE="946"
                         HEIGHT="62"
                         WIDTH="502"
                         VPOS="884"
                         HPOS="787">
                  <String HEIGHT="62"
                          WIDTH="129"
                          VPOS="884"
                          HPOS="773"
                          CONTENT="minus"/>
                  <SP HEIGHT="62" WIDTH="14" VPOS="884" HPOS="902"/>
                  <String HEIGHT="62"
                          WIDTH="273"
                          VPOS="884"
                          HPOS="859"
                          CONTENT="conuenientibus,"/>
                  <SP HEIGHT="62" WIDTH="14" VPOS="884" HPOS="1131"/>
                  <String HEIGHT="62"
                          WIDTH="115"
                          VPOS="884"
                          HPOS="1088"
                          CONTENT="quae"/>
                  <SP HEIGHT="62" WIDTH="14" VPOS="884" HPOS="1203"/>
                  <String HEIGHT="62"
                          WIDTH="115"
                          VPOS="884"
                          HPOS="1160"
                          CONTENT="sunt"/>
                  <SP HEIGHT="62" WIDTH="14" VPOS="884" HPOS="1275"/>
                  <String HEIGHT="62" WIDTH="86" VPOS="884" HPOS="1232" CONTENT="in"/>
                  <SP HEIGHT="62" WIDTH="14" VPOS="884" HPOS="1318"/>
                  <String HEIGHT="62" WIDTH="29" VPOS="884" HPOS="1260" CONTENT=""/>
               </TextLine>
               <TextLine ID="r3l40"
                         BASELINE="995"
                         HEIGHT="63"
                         WIDTH="508"
                         VPOS="932"
                         HPOS="780">
                  <String HEIGHT="63" WIDTH="99" VPOS="932" HPOS="766" CONTENT="ter"/>
                  <SP HEIGHT="63" WIDTH="14" VPOS="932" HPOS="865"/>
                  <String HEIGHT="63" WIDTH="99" VPOS="932" HPOS="822" CONTENT="se."/>
                  <SP HEIGHT="63" WIDTH="14" VPOS="932" HPOS="921"/>
                  <String HEIGHT="63" WIDTH="71" VPOS="932" HPOS="879" CONTENT="&amp;"/>
                  <SP HEIGHT="63" WIDTH="14" VPOS="932" HPOS="949"/>
                  <String HEIGHT="63"
                          WIDTH="183"
                          VPOS="932"
                          HPOS="907"
                          CONTENT="similiter"/>
                  <SP HEIGHT="63" WIDTH="14" VPOS="932" HPOS="1090"/>
                  <String HEIGHT="63" WIDTH="85" VPOS="932" HPOS="1048" CONTENT="in"/>
                  <SP HEIGHT="63" WIDTH="14" VPOS="932" HPOS="1133"/>
                  <String HEIGHT="63"
                          WIDTH="198"
                          VPOS="932"
                          HPOS="1090"
                          CONTENT="coloribus,"/>
                  <SP HEIGHT="63" WIDTH="14" VPOS="932" HPOS="1288"/>
                  <String HEIGHT="63" WIDTH="56" VPOS="932" HPOS="1232" CONTENT="si"/>
               </TextLine>
               <TextLine ID="r3l42"
                         BASELINE="1042"
                         HEIGHT="62"
                         WIDTH="510"
                         VPOS="980"
                         HPOS="781">
                  <String HEIGHT="62"
                          WIDTH="150"
                          VPOS="980"
                          HPOS="766"
                          CONTENT="fuerit"/>
                  <SP HEIGHT="62" WIDTH="15" VPOS="980" HPOS="916"/>
                  <String HEIGHT="62"
                          WIDTH="135"
                          VPOS="980"
                          HPOS="871"
                          CONTENT="motus"/>
                  <SP HEIGHT="62" WIDTH="15" VPOS="980" HPOS="1006"/>
                  <String HEIGHT="62" WIDTH="90" VPOS="980" HPOS="961" CONTENT="de"/>
                  <SP HEIGHT="62" WIDTH="15" VPOS="980" HPOS="1051"/>
                  <String HEIGHT="62"
                          WIDTH="120"
                          VPOS="980"
                          HPOS="1006"
                          CONTENT="albo"/>
                  <SP HEIGHT="62" WIDTH="15" VPOS="980" HPOS="1126"/>
                  <String HEIGHT="62" WIDTH="75" VPOS="980" HPOS="1081" CONTENT="i"/>
                  <SP HEIGHT="62" WIDTH="15" VPOS="980" HPOS="1156"/>
                  <String HEIGHT="62"
                          WIDTH="165"
                          VPOS="980"
                          HPOS="1111"
                          CONTENT="nigrum,"/>
                  <SP HEIGHT="62" WIDTH="15" VPOS="980" HPOS="1276"/>
                  <String HEIGHT="62" WIDTH="75" VPOS="980" HPOS="1216" CONTENT="pri"/>
               </TextLine>
               <TextLine ID="r3l44"
                         BASELINE="1092"
                         HEIGHT="64"
                         WIDTH="495"
                         VPOS="1028"
                         HPOS="786">
                  <String HEIGHT="64" WIDTH="99" VPOS="1028" HPOS="770" CONTENT="mo"/>
                  <SP HEIGHT="64" WIDTH="17" VPOS="1028" HPOS="869"/>
                  <String HEIGHT="64"
                          WIDTH="165"
                          VPOS="1028"
                          HPOS="819"
                          CONTENT="veniet"/>
                  <SP HEIGHT="64" WIDTH="17" VPOS="1028" HPOS="984"/>
                  <String HEIGHT="64" WIDTH="99" VPOS="1028" HPOS="935" CONTENT="ad"/>
                  <SP HEIGHT="64" WIDTH="17" VPOS="1028" HPOS="1034"/>
                  <String HEIGHT="64"
                          WIDTH="165"
                          VPOS="1028"
                          HPOS="984"
                          CONTENT="rubeum"/>
                  <SP HEIGHT="64" WIDTH="17" VPOS="1028" HPOS="1149"/>
                  <String HEIGHT="64" WIDTH="83" VPOS="1028" HPOS="1100" CONTENT="&amp;"/>
                  <SP HEIGHT="64" WIDTH="17" VPOS="1028" HPOS="1182"/>
                  <String HEIGHT="64"
                          WIDTH="165"
                          VPOS="1028"
                          HPOS="1116"
                          CONTENT="glaucun"
                          SUBS_TYPE="HypPart1"
                          SUBS_CONTENT="glaucun&amp;"/>
                  <HYP CONTENT="-"/>
               </TextLine>
               <TextLine ID="r3l46"
                         BASELINE="1132"
                         HEIGHT="56"
                         WIDTH="495"
                         VPOS="1076"
                         HPOS="786">
                  <String HEIGHT="56"
                          WIDTH="75"
                          VPOS="1076"
                          HPOS="771"
                          CONTENT="&amp;"
                          SUBS_TYPE="HypPart2"
                          SUBS_CONTENT="glaucun&amp;"/>
                  <SP HEIGHT="56" WIDTH="15" VPOS="1076" HPOS="846"/>
                  <String HEIGHT="56"
                          WIDTH="195"
                          VPOS="1076"
                          HPOS="801"
                          CONTENT="similiter"/>
                  <SP HEIGHT="56" WIDTH="15" VPOS="1076" HPOS="996"/>
                  <String HEIGHT="56" WIDTH="90" VPOS="1076" HPOS="951" CONTENT="de"/>
                  <SP HEIGHT="56" WIDTH="15" VPOS="1076" HPOS="1041"/>
                  <String HEIGHT="56"
                          WIDTH="150"
                          VPOS="1076"
                          HPOS="996"
                          CONTENT="aliis."/>
                  <SP HEIGHT="56" WIDTH="15" VPOS="1076" HPOS="1146"/>
                  <String HEIGHT="56"
                          WIDTH="195"
                          VPOS="1076"
                          HPOS="1086"
                          CONTENT="Transmuta"/>
               </TextLine>
               <TextLine ID="r3l48"
                         BASELINE="1185"
                         HEIGHT="61"
                         WIDTH="510"
                         VPOS="1124"
                         HPOS="783">
                  <String HEIGHT="61"
                          WIDTH="102"
                          VPOS="1124"
                          HPOS="768"
                          CONTENT="tio"/>
                  <SP HEIGHT="61" WIDTH="15" VPOS="1124" HPOS="870"/>
                  <String HEIGHT="61"
                          WIDTH="117"
                          VPOS="1124"
                          HPOS="827"
                          CONTENT="vero"/>
                  <SP HEIGHT="61" WIDTH="15" VPOS="1124" HPOS="943"/>
                  <String HEIGHT="61" WIDTH="87" VPOS="1124" HPOS="900" CONTENT="de"/>
                  <SP HEIGHT="61" WIDTH="15" VPOS="1124" HPOS="987"/>
                  <String HEIGHT="61"
                          WIDTH="102"
                          VPOS="1124"
                          HPOS="943"
                          CONTENT="vno"/>
                  <SP HEIGHT="61" WIDTH="15" VPOS="1124" HPOS="1045"/>
                  <String HEIGHT="61"
                          WIDTH="146"
                          VPOS="1124"
                          HPOS="1002"
                          CONTENT="genere"/>
                  <SP HEIGHT="61" WIDTH="15" VPOS="1124" HPOS="1147"/>
                  <String HEIGHT="61" WIDTH="87" VPOS="1124" HPOS="1104" CONTENT="in"/>
                  <SP HEIGHT="61" WIDTH="15" VPOS="1124" HPOS="1191"/>
                  <String HEIGHT="61"
                          WIDTH="131"
                          VPOS="1124"
                          HPOS="1147"
                          CONTENT="aliud"/>
                  <SP HEIGHT="61" WIDTH="15" VPOS="1124" HPOS="1278"/>
                  <String HEIGHT="61"
                          WIDTH="73"
                          VPOS="1124"
                          HPOS="1220"
                          CONTENT="non"/>
               </TextLine>
               <TextLine ID="r3l51"
                         BASELINE="1219"
                         HEIGHT="47"
                         WIDTH="502"
                         VPOS="1172"
                         HPOS="788">
                  <String HEIGHT="47" WIDTH="92" VPOS="1172" HPOS="775" CONTENT="est"/>
                  <SP HEIGHT="47" WIDTH="13" VPOS="1172" HPOS="867"/>
                  <String HEIGHT="47"
                          WIDTH="106"
                          VPOS="1172"
                          HPOS="828"
                          CONTENT="nisi"/>
                  <SP HEIGHT="47" WIDTH="13" VPOS="1172" HPOS="933"/>
                  <String HEIGHT="47" WIDTH="92" VPOS="1172" HPOS="894" CONTENT="per"/>
                  <SP HEIGHT="47" WIDTH="13" VPOS="1172" HPOS="986"/>
                  <String HEIGHT="47"
                          WIDTH="172"
                          VPOS="1172"
                          HPOS="947"
                          CONTENT="accidens,"/>
                  <SP HEIGHT="47" WIDTH="13" VPOS="1172" HPOS="1118"/>
                  <String HEIGHT="47" WIDTH="79" VPOS="1172" HPOS="1079" CONTENT="vt"/>
                  <SP HEIGHT="47" WIDTH="13" VPOS="1172" HPOS="1158"/>
                  <String HEIGHT="47" WIDTH="79" VPOS="1172" HPOS="1118" CONTENT="de"/>
                  <SP HEIGHT="47" WIDTH="13" VPOS="1172" HPOS="1198"/>
                  <String HEIGHT="47"
                          WIDTH="132"
                          VPOS="1172"
                          HPOS="1158"
                          CONTENT="colore"/>
                  <SP HEIGHT="47" WIDTH="13" VPOS="1172" HPOS="1290"/>
                  <String HEIGHT="47" WIDTH="53" VPOS="1172" HPOS="1237" CONTENT="in"/>
               </TextLine>
               <TextLine ID="r3l53"
                         BASELINE="1274"
                         HEIGHT="53"
                         WIDTH="494"
                         VPOS="1221"
                         HPOS="780">
                  <String HEIGHT="53"
                          WIDTH="165"
                          VPOS="1221"
                          HPOS="765"
                          CONTENT="sigura."/>
                  <SP HEIGHT="53" WIDTH="15" VPOS="1221" HPOS="930"/>
                  <String HEIGHT="53"
                          WIDTH="120"
                          VPOS="1221"
                          HPOS="885"
                          CONTENT="ergo"/>
                  <SP HEIGHT="53" WIDTH="15" VPOS="1221" HPOS="1005"/>
                  <String HEIGHT="53" WIDTH="90" VPOS="1221" HPOS="960" CONTENT="de"/>
                  <SP HEIGHT="53" WIDTH="15" VPOS="1221" HPOS="1049"/>
                  <String HEIGHT="53"
                          WIDTH="225"
                          VPOS="1221"
                          HPOS="1005"
                          CONTENT="necessitate"/>
                  <SP HEIGHT="53" WIDTH="15" VPOS="1221" HPOS="1229"/>
                  <String HEIGHT="53"
                          WIDTH="105"
                          VPOS="1221"
                          HPOS="1169"
                          CONTENT="media"/>
               </TextLine>
               <TextLine ID="r3l55"
                         BASELINE="1314"
                         HEIGHT="49"
                         WIDTH="513"
                         VPOS="1265"
                         HPOS="780">
                  <String HEIGHT="49" WIDTH="73" VPOS="1265" HPOS="765" CONTENT="&amp;"/>
                  <SP HEIGHT="49" WIDTH="15" VPOS="1265" HPOS="839"/>
                  <String HEIGHT="49"
                          WIDTH="132"
                          VPOS="1265"
                          HPOS="795"
                          CONTENT="illa,"/>
                  <SP HEIGHT="49" WIDTH="15" VPOS="1265" HPOS="927"/>
                  <String HEIGHT="49"
                          WIDTH="117"
                          VPOS="1265"
                          HPOS="883"
                          CONTENT="quae"/>
                  <SP HEIGHT="49" WIDTH="15" VPOS="1265" HPOS="1000"/>
                  <String HEIGHT="49"
                          WIDTH="147"
                          VPOS="1265"
                          HPOS="956"
                          CONTENT="habent"/>
                  <SP HEIGHT="49" WIDTH="15" VPOS="1265" HPOS="1102"/>
                  <String HEIGHT="49"
                          WIDTH="147"
                          VPOS="1265"
                          HPOS="1058"
                          CONTENT="media,"/>
                  <SP HEIGHT="49" WIDTH="15" VPOS="1265" HPOS="1205"/>
                  <String HEIGHT="49"
                          WIDTH="117"
                          VPOS="1265"
                          HPOS="1161"
                          CONTENT="sunt"/>
                  <SP HEIGHT="49" WIDTH="15" VPOS="1265" HPOS="1278"/>
                  <String HEIGHT="49" WIDTH="88" VPOS="1265" HPOS="1234" CONTENT="in"/>
                  <SP HEIGHT="49" WIDTH="15" VPOS="1265" HPOS="1322"/>
                  <String HEIGHT="49" WIDTH="29" VPOS="1265" HPOS="1264" CONTENT=""/>
               </TextLine>
               <TextLine ID="r3l57"
                         BASELINE="1376"
                         HEIGHT="59"
                         WIDTH="500"
                         VPOS="1317"
                         HPOS="787">
                  <String HEIGHT="59"
                          WIDTH="155"
                          VPOS="1317"
                          HPOS="770"
                          CONTENT="eodem"/>
                  <SP HEIGHT="59" WIDTH="17" VPOS="1317" HPOS="925"/>
                  <String HEIGHT="59"
                          WIDTH="190"
                          VPOS="1317"
                          HPOS="873"
                          CONTENT="genere."/>
                  <SP HEIGHT="59" WIDTH="17" VPOS="1317" HPOS="1063"/>
                  <String HEIGHT="59"
                          WIDTH="121"
                          VPOS="1317"
                          HPOS="1011"
                          CONTENT="Sed"/>
                  <SP HEIGHT="59" WIDTH="17" VPOS="1317" HPOS="1132"/>
                  <String HEIGHT="59"
                          WIDTH="155"
                          VPOS="1317"
                          HPOS="1080"
                          CONTENT="omnia"/>
                  <SP HEIGHT="59" WIDTH="17" VPOS="1317" HPOS="1235"/>
                  <String HEIGHT="59"
                          WIDTH="121"
                          VPOS="1317"
                          HPOS="1166"
                          CONTENT="media"/>
               </TextLine>
               <TextLine ID="r3l59"
                         BASELINE="1419"
                         HEIGHT="55"
                         WIDTH="510"
                         VPOS="1364"
                         HPOS="785">
                  <String HEIGHT="55"
                          WIDTH="128"
                          VPOS="1364"
                          HPOS="769"
                          CONTENT="sunt"/>
                  <SP HEIGHT="55" WIDTH="16" VPOS="1364" HPOS="897"/>
                  <String HEIGHT="55"
                          WIDTH="143"
                          VPOS="1364"
                          HPOS="849"
                          CONTENT="rerum"/>
                  <SP HEIGHT="55" WIDTH="16" VPOS="1364" HPOS="992"/>
                  <String HEIGHT="55"
                          WIDTH="255"
                          VPOS="1364"
                          HPOS="944"
                          CONTENT="oppositarum,"/>
                  <SP HEIGHT="55" WIDTH="16" VPOS="1364" HPOS="1199"/>
                  <String HEIGHT="55"
                          WIDTH="159"
                          VPOS="1364"
                          HPOS="1136"
                          CONTENT="quoniam,"/>
               </TextLine>
               <TextLine ID="r3l61"
                         BASELINE="1465"
                         HEIGHT="56"
                         WIDTH="501"
                         VPOS="1409"
                         HPOS="790">
                  <String HEIGHT="56" WIDTH="91" VPOS="1409" HPOS="775" CONTENT="ex"/>
                  <SP HEIGHT="56" WIDTH="15" VPOS="1409" HPOS="866"/>
                  <String HEIGHT="56"
                          WIDTH="137"
                          VPOS="1409"
                          HPOS="820"
                          CONTENT="istis"/>
                  <SP HEIGHT="56" WIDTH="15" VPOS="1409" HPOS="957"/>
                  <String HEIGHT="56"
                          WIDTH="137"
                          VPOS="1409"
                          HPOS="911"
                          CONTENT="solum"/>
                  <SP HEIGHT="56" WIDTH="15" VPOS="1409" HPOS="1048"/>
                  <String HEIGHT="56"
                          WIDTH="121"
                          VPOS="1409"
                          HPOS="1003"
                          CONTENT="modo"/>
                  <SP HEIGHT="56" WIDTH="15" VPOS="1409" HPOS="1124"/>
                  <String HEIGHT="56"
                          WIDTH="106"
                          VPOS="1409"
                          HPOS="1078"
                          CONTENT="est"/>
                  <SP HEIGHT="56" WIDTH="15" VPOS="1409" HPOS="1185"/>
                  <String HEIGHT="56"
                          WIDTH="167"
                          VPOS="1409"
                          HPOS="1124"
                          CONTENT="transmuta"/>
               </TextLine>
               <TextLine ID="r3l63"
                         BASELINE="1514"
                         HEIGHT="61"
                         WIDTH="498"
                         VPOS="1453"
                         HPOS="787">
                  <String HEIGHT="61" WIDTH="94" VPOS="1453" HPOS="774" CONTENT="tio"/>
                  <SP HEIGHT="61" WIDTH="13" VPOS="1453" HPOS="868"/>
                  <String HEIGHT="61" WIDTH="94" VPOS="1453" HPOS="827" CONTENT="per"/>
                  <SP HEIGHT="61" WIDTH="13" VPOS="1453" HPOS="922"/>
                  <String HEIGHT="61" WIDTH="94" VPOS="1453" HPOS="881" CONTENT="se."/>
                  <SP HEIGHT="61" WIDTH="13" VPOS="1453" HPOS="975"/>
                  <String HEIGHT="61" WIDTH="67" VPOS="1453" HPOS="935" CONTENT="&amp;"/>
                  <SP HEIGHT="61" WIDTH="13" VPOS="1453" HPOS="1002"/>
                  <String HEIGHT="61"
                          WIDTH="108"
                          VPOS="1453"
                          HPOS="962"
                          CONTENT="ideo"/>
                  <SP HEIGHT="61" WIDTH="13" VPOS="1453" HPOS="1070"/>
                  <String HEIGHT="61"
                          WIDTH="202"
                          VPOS="1453"
                          HPOS="1029"
                          CONTENT="impossibile"/>
                  <SP HEIGHT="61" WIDTH="13" VPOS="1453" HPOS="1231"/>
                  <String HEIGHT="61" WIDTH="67" VPOS="1453" HPOS="1191" CONTENT="e"/>
                  <SP HEIGHT="61" WIDTH="13" VPOS="1453" HPOS="1258"/>
                  <String HEIGHT="61"
                          WIDTH="81"
                          VPOS="1453"
                          HPOS="1204"
                          CONTENT="tran"/>
               </TextLine>
               <TextLine ID="r3l66"
                         BASELINE="1562"
                         HEIGHT="58"
                         WIDTH="484"
                         VPOS="1504"
                         HPOS="790">
                  <String HEIGHT="58"
                          WIDTH="147"
                          VPOS="1504"
                          HPOS="775"
                          CONTENT="mutari"/>
                  <SP HEIGHT="58" WIDTH="15" VPOS="1504" HPOS="922"/>
                  <String HEIGHT="58"
                          WIDTH="132"
                          VPOS="1504"
                          HPOS="878"
                          CONTENT="illa,"/>
                  <SP HEIGHT="58" WIDTH="15" VPOS="1504" HPOS="1010"/>
                  <String HEIGHT="58"
                          WIDTH="117"
                          VPOS="1504"
                          HPOS="966"
                          CONTENT="quae"/>
                  <SP HEIGHT="58" WIDTH="15" VPOS="1504" HPOS="1083"/>
                  <String HEIGHT="58"
                          WIDTH="103"
                          VPOS="1504"
                          HPOS="1039"
                          CONTENT="non"/>
                  <SP HEIGHT="58" WIDTH="15" VPOS="1504" HPOS="1142"/>
                  <String HEIGHT="58"
                          WIDTH="191"
                          VPOS="1504"
                          HPOS="1083"
                          CONTENT="opponuntur,"/>
               </TextLine>
               <TextLine ID="r3l68"
                         BASELINE="1610"
                         HEIGHT="61"
                         WIDTH="498"
                         VPOS="1549"
                         HPOS="791">
                  <String HEIGHT="61"
                          WIDTH="129"
                          VPOS="1549"
                          HPOS="775"
                          CONTENT="ergo"/>
                  <SP HEIGHT="61" WIDTH="16" VPOS="1549" HPOS="903"/>
                  <String HEIGHT="61"
                          WIDTH="257"
                          VPOS="1549"
                          HPOS="855"
                          CONTENT="transmutatio"/>
                  <SP HEIGHT="61" WIDTH="16" VPOS="1549" HPOS="1112"/>
                  <String HEIGHT="61" WIDTH="80" VPOS="1549" HPOS="1064" CONTENT="&amp;"/>
                  <SP HEIGHT="61" WIDTH="16" VPOS="1549" HPOS="1144"/>
                  <String HEIGHT="61"
                          WIDTH="112"
                          VPOS="1549"
                          HPOS="1096"
                          CONTENT="non"/>
                  <SP HEIGHT="61" WIDTH="16" VPOS="1549" HPOS="1209"/>
                  <String HEIGHT="61"
                          WIDTH="145"
                          VPOS="1549"
                          HPOS="1144"
                          CONTENT="transmi"/>
               </TextLine>
               <TextLine ID="r3l70"
                         BASELINE="1658"
                         HEIGHT="58"
                         WIDTH="496"
                         VPOS="1600"
                         HPOS="786">
                  <String HEIGHT="58"
                          WIDTH="121"
                          VPOS="1600"
                          HPOS="773"
                          CONTENT="tatio"/>
                  <SP HEIGHT="58" WIDTH="13" VPOS="1600" HPOS="893"/>
                  <String HEIGHT="58"
                          WIDTH="107"
                          VPOS="1600"
                          HPOS="853"
                          CONTENT="erit"/>
                  <SP HEIGHT="58" WIDTH="13" VPOS="1600" HPOS="960"/>
                  <String HEIGHT="58" WIDTH="80" VPOS="1600" HPOS="920" CONTENT="de"/>
                  <SP HEIGHT="58" WIDTH="13" VPOS="1600" HPOS="1000"/>
                  <String HEIGHT="58"
                          WIDTH="188"
                          VPOS="1600"
                          HPOS="960"
                          CONTENT="oppositis."/>
                  <SP HEIGHT="58" WIDTH="13" VPOS="1600" HPOS="1148"/>
                  <String HEIGHT="58" WIDTH="80" VPOS="1600" HPOS="1108" CONTENT="Et"/>
                  <SP HEIGHT="58" WIDTH="13" VPOS="1600" HPOS="1188"/>
                  <String HEIGHT="58"
                          WIDTH="147"
                          VPOS="1600"
                          HPOS="1135"
                          CONTENT="opposito"
                          SUBS_TYPE="HypPart1"
                          SUBS_CONTENT="oppositorum"/>
                  <HYP CONTENT="-"/>
               </TextLine>
               <TextLine ID="r3l72"
                         BASELINE="1698"
                         HEIGHT="49"
                         WIDTH="504"
                         VPOS="1649"
                         HPOS="791">
                  <String HEIGHT="49"
                          WIDTH="110"
                          VPOS="1649"
                          HPOS="775"
                          CONTENT="rum"
                          SUBS_TYPE="HypPart2"
                          SUBS_CONTENT="oppositorum"/>
                  <SP HEIGHT="49" WIDTH="16" VPOS="1649" HPOS="886"/>
                  <String HEIGHT="49"
                          WIDTH="284"
                          VPOS="1649"
                          HPOS="838"
                          CONTENT="contradictoria"/>
                  <SP HEIGHT="49" WIDTH="16" VPOS="1649" HPOS="1122"/>
                  <String HEIGHT="49"
                          WIDTH="110"
                          VPOS="1649"
                          HPOS="1075"
                          CONTENT="non"/>
                  <SP HEIGHT="49" WIDTH="16" VPOS="1649" HPOS="1185"/>
                  <String HEIGHT="49"
                          WIDTH="158"
                          VPOS="1649"
                          HPOS="1138"
                          CONTENT="habent"/>
                  <SP HEIGHT="49" WIDTH="16" VPOS="1649" HPOS="1295"/>
                  <String HEIGHT="49" WIDTH="63" VPOS="1649" HPOS="1232" CONTENT="me"/>
               </TextLine>
               <TextLine ID="r3l74"
                         BASELINE="1746"
                         HEIGHT="50"
                         WIDTH="497"
                         VPOS="1696"
                         HPOS="793">
                  <String HEIGHT="50"
                          WIDTH="149"
                          VPOS="1696"
                          HPOS="776"
                          CONTENT="dium."/>
                  <SP HEIGHT="50" WIDTH="17" VPOS="1696" HPOS="926"/>
                  <String HEIGHT="50"
                          WIDTH="298"
                          VPOS="1696"
                          HPOS="876"
                          CONTENT="Contradictoria"/>
                  <SP HEIGHT="50" WIDTH="17" VPOS="1696" HPOS="1174"/>
                  <String HEIGHT="50"
                          WIDTH="133"
                          VPOS="1696"
                          HPOS="1124"
                          CONTENT="enim"/>
                  <SP HEIGHT="50" WIDTH="17" VPOS="1696" HPOS="1257"/>
                  <String HEIGHT="50"
                          WIDTH="99"
                          VPOS="1696"
                          HPOS="1191"
                          CONTENT="sunt"/>
               </TextLine>
               <TextLine ID="r3l76"
                         BASELINE="1802"
                         HEIGHT="58"
                         WIDTH="500"
                         VPOS="1744"
                         HPOS="788">
                  <String HEIGHT="58"
                          WIDTH="197"
                          VPOS="1744"
                          HPOS="773"
                          CONTENT="opposita,"/>
                  <SP HEIGHT="58" WIDTH="15" VPOS="1744" HPOS="970"/>
                  <String HEIGHT="58"
                          WIDTH="152"
                          VPOS="1744"
                          HPOS="924"
                          CONTENT="quorum"/>
                  <SP HEIGHT="58" WIDTH="15" VPOS="1744" HPOS="1076"/>
                  <String HEIGHT="58"
                          WIDTH="152"
                          VPOS="1744"
                          HPOS="1030"
                          CONTENT="altera"/>
                  <SP HEIGHT="58" WIDTH="15" VPOS="1744" HPOS="1182"/>
                  <String HEIGHT="58"
                          WIDTH="121"
                          VPOS="1744"
                          HPOS="1136"
                          CONTENT="pars"/>
                  <SP HEIGHT="58" WIDTH="15" VPOS="1744" HPOS="1258"/>
                  <String HEIGHT="58"
                          WIDTH="91"
                          VPOS="1744"
                          HPOS="1197"
                          CONTENT="sem"
                          SUBS_TYPE="HypPart1"
                          SUBS_CONTENT="semper"/>
                  <HYP CONTENT="-"/>
               </TextLine>
               <TextLine ID="r3l78"
                         BASELINE="1850"
                         HEIGHT="62"
                         WIDTH="508"
                         VPOS="1788"
                         HPOS="788">
                  <String HEIGHT="62"
                          WIDTH="119"
                          VPOS="1788"
                          HPOS="771"
                          CONTENT="per"
                          SUBS_TYPE="HypPart2"
                          SUBS_CONTENT="semper"/>
                  <SP HEIGHT="62" WIDTH="17" VPOS="1788" HPOS="890"/>
                  <String HEIGHT="62"
                          WIDTH="135"
                          VPOS="1788"
                          HPOS="839"
                          CONTENT="est,"/>
                  <SP HEIGHT="62" WIDTH="17" VPOS="1788" HPOS="974"/>
                  <String HEIGHT="62" WIDTH="85" VPOS="1788" HPOS="923" CONTENT="&amp;"/>
                  <SP HEIGHT="62" WIDTH="17" VPOS="1788" HPOS="1008"/>
                  <String HEIGHT="62"
                          WIDTH="169"
                          VPOS="1788"
                          HPOS="957"
                          CONTENT="nullum"/>
                  <SP HEIGHT="62" WIDTH="17" VPOS="1788" HPOS="1127"/>
                  <String HEIGHT="62"
                          WIDTH="152"
                          VPOS="1788"
                          HPOS="1076"
                          CONTENT="habet"/>
                  <SP HEIGHT="62" WIDTH="17" VPOS="1788" HPOS="1228"/>
                  <String HEIGHT="62"
                          WIDTH="135"
                          VPOS="1788"
                          HPOS="1161"
                          CONTENT="medium"/>
               </TextLine>
            </TextBlock>
         </PrintSpace>
      </Page>
   </Layout>
</alto>
