1475 2066
191 180 148 59 Quod
284 180 111 59 si
340 180 167 59 media
451 180 111 59 in
507 180 167 59 eodem
599 180 130 59 gene-

213 228 86 51 re
256 228 129 51 sunt,
342 228 86 51 vt
384 228 172 51 ostensum
513 228 115 51 est,
585 228 86 51 et
613 228 115 51 contra

212 269 158 45 riorum
323 269 142 45 media
417 269 174 45 necesse
544 269 110 45 est
607 269 126 45 ipsa
670 269 63 45 ex

223 311 93 43 his
276 311 186 43 contrarijs
422 311 159 43 componi.
541 311 93 43 Aut
594 311 106 43 enim
647 311 80 43 erit

217 351 142 43 aliquid
320 351 129 43 geneus
411 351 129 43 eorum,
501 351 90 43 aut
552 351 142 43 nullum.
656 351 77 43 et
681 351 52 43 si

219 398 135 49 genus
309 398 150 49 quidem
414 398 105 49 ita
474 398 135 49 erit,
565 398 90 49 vt
595 398 135 49 aliquid

224 437 107 48 prius
295 437 166 48 contrarijs
425 437 95 48 sit,
485 437 189 48 differentiae
627 437 107 48 priores

212 477 203 45 contrariae
371 477 145 45 erunt,
472 477 116 45 quae
544 477 159 45 faciunt
646 477 72 45 con

214 525 153 51 trarias
325 525 167 51 species,
451 525 153 51 tanquam
562 525 167 51 generis.
673 525 56 51 ex

209 561 155 52 genere
317 561 155 52 nanque
426 561 78 52 &
457 561 233 52 differentia
627 561 93 52 spe-

207 604 121 58 cies
282 604 136 58 sunt.
373 604 91 58 vt
418 604 121 58 puta
494 604 91 58 si
539 604 136 58 album
629 604 75 58 &
645 604 75 58 ni-

209 652 118 42 grum
283 652 191 42 contraria
430 652 132 42 sunt:
518 652 103 42 est
577 652 132 42 autem
650 652 74 42 il-

204 688 113 42 lud
269 688 259 42 segregatiuus
479 688 162 42 eolor,
592 688 113 42 hoc
641 688 81 42 ve-

212 729 96 54 ro
260 729 287 54 congregatiuus:
499 729 112 54 hae
547 729 175 54 differen-

215 772 120 58 tiae
290 772 255 58 congregatiuum
500 772 75 58 &
515 772 210 58 segregatiuum

208 823 178 43 priores,
342 823 133 43 quare
431 823 148 43 priora
534 823 163 43 inuicem
638 823 89 43 con-

211 860 147 39 traria
314 860 133 39 sunt,
403 860 88 39 at
447 860 118 39 vero
521 860 118 39 quae
579 860 133 39 contra-

206 900 96 52 rie
261 900 207 52 differentia
427 900 124 52 sunt,
509 900 124 52 magis
578 900 152 52 contraria

204 941 141 54 sunt.
298 941 172 54 caetera
423 941 172 54 quoqued
548 941 78 54 &
579 941 141 54 media
658 941 63 54 ex

212 989 158 45 genere
323 989 79 45 &
354 989 253 45 differentiis
560 989 158 45 erunt.
655 989 63 45 vt

212 1034 127 41 puta
292 1034 207 41 quicunque
451 1034 175 41 colores
579 1034 143 41 medum
658 1034 64 41 in

202 1077 126 40 ter
274 1077 161 40 album
381 1077 90 40 &
417 1077 179 40 nigrum
543 1077 161 40 sunt,
632 1077 90 40 hos

208 1108 110 48 ops
271 1108 95 48 vt
319 1108 79 48 &
350 1108 95 48 ex
397 1108 158 48 genere
508 1108 189 48 dicantur
634 1108 95 48 (est

210 1152 133 43 autem
299 1152 133 43 genus
388 1152 148 43 color)
491 1152 89 43 et
536 1152 89 43 ex
565 1152 163 43 quibusdam

213 1197 274 48 differentijis,
441 1197 107 48 hae
502 1197 122 48 vero
579 1197 107 48 non
624 1197 107 48 erunt

206 1236 123 50 prima
288 1236 191 50 contraria,
438 1236 109 50 quid
506 1236 82 50 si
547 1236 136 50 secus,
629 1236 95 50 vnun-

217 1276 157 59 quodque
331 1276 100 59 aut
388 1276 142 59 album,
487 1276 100 59 aut
544 1276 142 59 nigrum
629 1276 100 59 erit,

207 1317 118 60 ergo
281 1317 148 60 aliae.
384 1317 148 60 mediae
488 1317 148 60 igitur
576 1317 148 60 primorum

213 1362 243 51 contrariorum
410 1362 106 51 hae
471 1362 152 51 erunt.
577 1362 152 51 primae
668 1362 61 51 ve

216 1413 80 46 ro
256 1413 214 46 differentiae
429 1413 214 46 segregatiuum
603 1413 67 46 &
616 1413 107 46 congre

217 1449 175 55 gatiuu.
345 1449 143 55 Quare
440 1449 127 55 haec
520 1449 159 55 primum
615 1449 96 55 quae

206 1495 160 35 rendum
318 1495 128 35 est,
398 1495 224 35 quaecunque
559 1495 176 35 contraria

203 1532 117 54 non
270 1532 100 54 in
320 1532 184 54 genere,
454 1532 100 54 ex
504 1532 117 54 quo
571 1532 151 54 media
655 1532 67 54 eo

207 1577 133 49 rum.
291 1577 133 49 Quae
374 1577 133 49 enim
457 1577 100 49 in
507 1577 150 49 eodem
591 1577 133 49 genere

207 1614 130 52 sunt,
293 1614 159 52 necesse
409 1614 101 52 est
467 1614 101 52 vt,
525 1614 101 52 aut
582 1614 87 52 ex
611 1614 116 52 incon-

207 1656 181 56 positis
338 1656 164 56 genere
453 1656 263 56 componantur,
650 1656 82 56 aut

206 1698 251 48 incomposita
407 1698 150 48 sint.
507 1698 84 48 &
540 1698 167 48 quidem
641 1698 84 48 con

213 1740 157 49 traria
323 1740 173 49 inuicem
449 1740 251 49 incomposita,
637 1740 79 49 pro

213 1789 153 45 pterea
320 1789 122 45 quod
396 1789 199 45 principia
549 1789 137 45 sunt.
625 1789 107 45 media

206 1829 164 53 vero,
315 1829 127 53 aut
388 1829 182 53 omnia,
515 1829 127 53 aut
569 1829 164 53 nullum.

214 1868 99 54 ex
263 1868 230 54 contrarijs
443 1868 131 54 vero
526 1868 181 54 aliquid
640 1868 99 54 fit.

748 178 152 57 quare
850 178 136 57 erit
934 178 102 57 in
985 178 119 57 hoc
1053 178 288 57 transmutatio,

743 228 128 51 ante
823 228 128 51 quam
903 228 96 51 in
951 228 144 51 illa.
1048 228 176 51 vtroque
1160 228 96 51 enim

743 268 100 56 et
793 268 149 56 magis
893 268 100 56 et
943 268 149 56 minus
1042 268 149 56 erit.
1125 268 133 56 medium

745 309 143 54 igitur
845 309 229 54 contrariorum
1030 309 100 54 hoc
1088 309 129 54 etiam
1159 309 100 54 erit.

744 352 124 54 Ergo
821 352 170 54 caetera
944 352 170 54 quoqued
1068 352 139 54 media
1145 352 124 54 compo-

745 397 117 44 sita
818 397 131 44 sunt.
906 397 88 44 id
950 397 117 44 enim
1023 397 117 44 quod
1096 397 102 44 vno
1139 397 117 44 minus,

742 437 162 55 altero
855 437 146 55 magis
953 437 130 55 est,
1034 437 227 55 compositum
1196 437 65 55 ex

735 478 157 52 illis
839 478 174 52 quodam
961 478 140 52 modo
1049 478 140 52 est,
1118 478 140 52 quorum

739 520 230 58 vnominus,
916 520 177 58 altero
1040 520 159 58 magis
1129 520 124 58 dici-

743 561 113 49 tur
807 561 145 49 esse.
904 561 113 49 Cum
969 561 129 49 vero
1033 561 226 49 contrariorum

742 603 129 47 alia
823 603 162 47 priora
936 603 178 47 eiusdem
1065 603 178 47 generis
1178 603 81 47 non

734 645 158 45 sint,
840 645 158 45 omnia
945 645 158 45 media
1050 645 210 45 profecto
1190 645 70 45 ex

739 688 244 50 contrarijs
930 688 174 50 erunt.
1052 688 157 50 quare
1157 688 87 50 &
1174 688 87 50 om-

745 728 104 50 nia
805 728 208 50 inferiora,
968 728 104 50 tum
1028 728 208 50 contraria,
1177 728 74 50 tum

737 773 149 46 media,
841 773 89 46 ex
886 773 149 46 primis
990 773 208 46 contrarijs
1139 773 119 46 erunt.

792 811 86 69 Si
835 811 143 69 igitur
934 811 128 69 media
1020 811 114 69 sunt
1091 811 86 69 in
1134 811 128 69 eodem
1205 811 57 69 ge

743 861 132 61 nere,
831 861 132 61 sicut
919 861 205 61 declaratum
1081 861 117 61 est,
1154 861 73 61 &
1169 861 88 61 con-

744 908 142 54 traria
843 908 142 54 habent
942 908 142 54 media,
1041 908 156 54 necesse
1155 908 99 54 est
1197 908 57 54 vi

743 956 117 58 sint
816 956 190 58 composita
963 956 88 58 ex
1007 956 132 58 istis
1080 956 175 58 contrarus.

736 1002 175 69 Quoniam
863 1002 111 69 aut
927 1002 191 69 habebunt
1070 1002 175 69 aliquod
1181 1002 80 69 ge-

739 1050 118 55 nus,
813 1050 103 55 aut
872 1050 103 55 non
931 1050 192 55 habebunt.
1079 1050 89 55 si
1108 1050 148 55 habebut,

749 1100 127 61 ergo
828 1100 143 61 erunt
924 1100 190 61 secundum
1067 1100 127 61 hunc
1130 1100 127 61 modum,

744 1145 136 60 quasi
835 1145 167 60 aliquod
956 1145 197 60 recipiens
1107 1145 121 60 ante
1168 1145 91 60 con-

741 1205 180 45 traria,
871 1205 82 45 &
904 1205 147 45 erunt
1002 1205 212 45 contraria
1149 1205 114 45 ante,

745 1241 224 61 differentias,
929 1241 105 61 quae
995 1241 158 61 fecerunt
1101 1241 158 61 contraria.

738 1298 135 56 formae
833 1298 108 56 enim
901 1298 108 56 sunt
968 1298 81 56 ex
1009 1298 135 56 genere
1104 1298 81 56 et
1131 1298 135 56 differe-

737 1340 133 62 tiis,
826 1340 89 62 vt
870 1340 133 62 album
959 1340 89 62 et
1003 1340 148 62 nigrum
1106 1340 118 62 sunt
1165 1340 89 62 con-

743 1388 162 62 traria,
861 1388 88 62 et
905 1388 162 62 alterum
1023 1388 133 62 color
1097 1388 147 62 segregas

747 1436 76 63 &
777 1436 168 63 alterum
899 1436 137 63 color
991 1436 229 63 congregans.
1158 1436 107 63 istae

752 1484 132 62 igitur
844 1484 212 62 differentiae
1017 1484 172 62 segregans
1149 1484 79 62 et
1175 1484 93 62 conm-

743 1533 169 61 gregans
866 1533 123 61 sunt
943 1533 139 61 ante.
1035 1533 123 61 ergo
1112 1533 123 61 ista
1174 1533 92 61 sunt

745 1580 177 56 contraria
881 1580 122 56 ante.
963 1580 95 56 sed
1017 1580 122 56 illa,
1099 1580 109 56 quae
1153 1580 109 56 diffe-

739 1629 124 62 runt
816 1629 185 62 secundum
955 1629 278 62 contrarietate,
1171 1629 93 62 sunt

740 1684 143 60 magis
836 1684 223 60 contraria:
1011 1684 127 60 ergo
1090 1684 143 60 erunt
1170 1684 95 60 ista

745 1725 134 61 media
835 1725 90 61 ex
880 1725 149 61 genere
984 1725 90 61 et
1029 1725 239 61 differentus,
1208 1725 60 61 vt

741 1773 137 62 omnes
832 1773 182 62 colores,
969 1773 106 62 qui
1030 1773 122 62 sunt
1106 1773 137 62 inter
1182 1773 91 62 albu

741 1830 77 53 &
771 1830 170 53 nigrum.
895 1830 170 53 oportet
1019 1830 170 53 igitur,
1142 1830 93 53 vt
1173 1830 93 53 ista

748 1869 181 61 dicantur
884 1869 91 61 ex
929 1869 242 61 differentus,
1126 1869 76 61 &
1141 1869 121 61 geneu
