1475 2066
191 149 94 65 Si
238 149 157 65 igitur
349 149 204 65 scientiae
506 149 110 65 est
569 149 94 65 in
600 149 126 65 nostra

205 197 177 54 natura,
334 197 145 54 mirum
431 197 113 54 est
495 197 113 54 quo
560 197 129 54 modo
624 197 97 54 eua,

202 248 107 51 det
263 248 77 51 a
294 248 138 51 nobis
385 248 184 51 aliquid,
523 248 107 51 cum
584 248 92 51 in
615 248 107 51 nobu-

208 293 112 54 est
272 293 160 54 firmis
384 293 128 54 sima
464 293 256 54 scientiarum.
656 293 64 54 Et

211 351 130 51 etiam
297 351 158 51 quomodo
412 351 144 51 scitur
513 351 115 51 res,
585 351 115 51 quae
643 351 86 51 fit,

207 389 93 53 ex
254 389 155 53 rebus,
363 389 78 53 &
394 389 109 53 quo
456 389 124 53 modo
534 389 124 53 erit
611 389 109 53 hoc
658 389 62 53 ma

200 437 221 66 nifestumus
374 437 221 66 ambiguitas
548 437 127 66 enim
611 437 111 66 acci-

204 484 104 62 dit
264 484 164 62 inistis
383 484 149 62 rebus.
487 484 89 62 Et
532 484 149 62 quidam
621 484 104 62 rixa-

208 533 79 65 ti
247 533 105 65 sunt
313 533 79 65 in
352 533 105 65 hoc,
418 533 118 65 sicut
496 533 79 65 in
536 533 157 65 pedibus,
640 533 79 65 qui-

207 581 104 69 dam
267 581 148 69 igitur
370 581 178 69 dixerunt
504 581 89 69 in
549 581 134 69 sexta
623 581 89 69 lite

204 633 90 59 ra
249 633 210 59 Graecorum,
414 633 90 59 s,
459 633 90 59 a,
504 633 120 59 quae
579 633 105 59 est
624 633 105 59 huius

202 677 179 61 formae,
332 677 130 61 quod
413 677 114 61 est
479 677 212 61 composita
625 677 98 61 exc,

190 740 87 38 &
224 740 139 38 D.,&
311 740 104 38 A:
363 740 87 38 &
398 740 139 38 alii
484 740 225 38 dixerunt,
640 740 87 38 im-

201 772 86 63 mo
244 772 100 63 est
301 772 143 63 litera
401 772 100 63 per
459 772 100 63 se,
516 772 100 63 non
559 772 172 63 exliteris,

199 820 149 62 notis.
303 820 89 62 Et
348 820 134 62 etiam
438 820 149 62 illud,
542 820 119 62 quod
617 820 104 62 est
661 820 60 62 ex

196 869 231 62 habentibus
377 869 181 62 sensum,
509 869 181 62 quomodo
624 869 99 62 sci-

198 921 99 57 tur
254 921 71 57 a
283 921 156 57 carenti
396 921 156 57 sensutr
509 921 113 57 ista
580 921 113 57 enim
636 921 85 57 sunt

197 964 151 67 semper
302 964 181 67 elementa
438 964 136 67 cuius
528 964 151 67 libet,
619 964 105 67 quem-

196 1013 182 61 admodum
329 1013 149 61 voces
429 1013 232 61 compositae
611 1013 149 61 fiunt

204 1061 89 61 ex
249 1061 193 61 elementis
397 1061 119 61 sibi
457 1061 148 61 propris.

247 1117 74 59 Si
284 1117 124 59 igitur
370 1117 161 59 scientia,
494 1117 87 59 &c.
543 1117 74 59 i.
581 1117 99 59 quod
630 1117 99 59 dicere

206 1166 145 48 formas
307 1166 116 48 esse
379 1166 188 48 contingit
524 1166 87 48 ex
568 1166 101 48 eo,
626 1166 87 48 vt
655 1166 72 48 om-

214 1200 90 42 nes
266 1200 168 42 scientiae
395 1200 103 42 sint
459 1200 116 42 notae
536 1200 64 42 a
562 1200 116 42 nobis
640 1200 77 42 in
665 1200 52 42 na

208 1239 120 51 tura,.
292 1239 133 51 quoniam
389 1239 72 51 si
425 1239 84 51 hic
473 1239 96 51 sunt
533 1239 133 51 formae,
630 1239 72 51 ad
654 1239 72 51 quas

204 1277 186 50 intellectus
353 1277 149 50 aspicit,
464 1277 112 50 sicut
539 1277 124 50 sensus
613 1277 112 50 aspicit

199 1316 89 47 ad
244 1316 222 47 sensibilia:
422 1316 74 47 &
451 1316 237 47 comprehensio
629 1316 104 47 sensi

207 1357 148 48 bilium
311 1357 103 48 est
370 1357 192 48 naturalis
517 1357 89 48 in
562 1357 148 48 nobis,
650 1357 74 48 cum

204 1404 105 46 non
264 1404 211 46 acquiritur
430 1404 90 46 ex
475 1404 211 46 cognitione
626 1404 105 46 ante-

211 1433 156 42 cedenti:
328 1433 143 42 necesse
432 1433 91 42 est
484 1433 78 42 vt
523 1433 182 42 intellecta
653 1433 78 42 sint

201 1475 190 39 naturalia
348 1475 88 39 in
392 1475 146 39 nobis:
494 1475 102 39 non
552 1475 88 39 vt
596 1475 161 39 quaedam

202 1517 116 37 sint
275 1517 203 37 naturalia,
435 1517 160 37 quaedam
551 1517 131 37 autem
623 1517 102 37 acce-

202 1551 113 54 pta
266 1551 113 54 per
331 1551 225 54 doctrinam.
508 1551 129 54 D.d.
588 1551 97 54 Et
620 1551 113 54 etiam

209 1596 85 38 quo
257 1596 97 38 modo
318 1596 121 38 scitur
403 1596 97 38 res,
463 1596 85 38 &c.
512 1596 73 38 i.
548 1596 61 38 &
572 1596 145 38 secundum
669 1596 61 38 hoc

204 1624 200 50 deberemus
357 1624 138 50 scire
449 1624 215 50 aequaliter
618 1624 123 50 rem,
680 1624 46 50 &

205 1668 155 39 causam
313 1668 139 39 eius,
406 1668 77 39 &
437 1668 108 39 non
499 1668 170 39 deberet
607 1668 124 39 cadere

199 1709 206 38 dubitatio,
361 1709 88 38 in
405 1709 147 38 causis
508 1709 132 38 inter
581 1709 147 38 homines,

200 1751 180 43 proportio
338 1751 110 43 enim
407 1751 235 43 intellectorum
601 1751 124 43 esset
670 1751 55 43 si

203 1785 106 41 cut
263 1785 197 41 proportio
415 1785 242 41 sensibilium.
612 1785 121 41 D.d.
672 1785 61 41 Et

207 1826 129 48 quidam
297 1826 129 48 rixati
387 1826 103 48 sunt
451 1826 77 48 in
490 1826 103 48 hoc,
554 1826 90 48 &c.
606 1826 77 48 i.
644 1826 77 48 &,
670 1826 64 48 si

744 149 86 57 ita
793 149 123 57 esset,
879 149 86 57 non
928 149 172 57 litigarent
1064 149 135 57 homines
1162 149 74 57 in
1187 149 74 57 ele-

739 193 151 41 mentis
844 193 181 41 multarum
980 193 151 41 rerum,
1085 193 136 41 sicut
1161 193 105 41 acci-

744 233 101 40 dit
801 233 216 40 Grammaticis
974 233 101 40 sui
1031 233 187 40 temporis,
1175 233 86 40 vt
1204 233 57 40 ri

745 268 108 39 xati
813 268 108 39 sunt
881 268 81 39 de
921 268 135 39 litera
1016 268 81 39 a,
1056 268 122 39 vtrum
1137 268 95 39 sit
1178 268 81 39 com-

740 310 153 48 posita,
852 310 84 48 an
893 310 167 48 simplex.
1019 310 112 48 D.d.
1089 310 84 48 Et
1131 310 126 48 etiam
1200 310 56 48 il

744 347 117 49 lud,
817 347 117 49 quod
891 347 102 49 est
949 347 88 49 ex
993 347 205 49 habentibus
1139 347 117 49 sensum

747 384 74 49 &c.
790 384 63 49 i.
821 384 53 49 &
842 384 137 49 contingit
948 384 84 49 huic
1000 384 148 49 positioni,
1116 384 127 49 scilicet
1201 384 63 49 quod

744 423 147 43 formae
847 423 221 43 intellectae
1024 423 118 43 sunt
1083 423 176 43 comprehen-

736 461 88 53 sae
787 461 88 53 per
837 461 88 53 se,
887 461 113 53 sicut
962 461 188 53 sensibilia,
1113 461 100 53 quae
1175 461 88 53 non
1213 461 50 53 in

743 499 140 55 digent
841 499 84 55 in
883 499 196 55 acquirendo
1037 499 98 55 eas
1093 499 140 55 sensu.
1191 499 70 55 &
1205 499 56 55 fi

740 539 92 40 ita
792 539 131 40 esset,
884 539 105 40 tunc
949 539 131 40 sciret
1041 539 144 40 naturas
1132 539 131 40 sensibi-

743 580 127 40 lium,
828 580 99 40 qui
884 580 127 40 habet
969 580 198 40 laesionem.
1124 580 85 40 in
1152 580 113 40 instru

743 618 152 40 mentis
849 618 183 40 sensuum,
986 618 122 40 adeo
1062 618 91 40 vt
1093 618 167 40 naturali-

738 659 99 53 ter
794 659 141 53 caecus
893 659 211 53 cognosceret
1062 659 155 53 naturas
1160 659 99 53 cole-

732 696 124 43 rum,
810 696 78 43 &
841 696 233 43 naturaliter
1028 696 155 43 surdus
1121 696 124 43 vocum.

759 734 107 46 D.d.
826 734 107 46 ista
892 734 107 46 enim
959 734 120 46 sunt.
1040 734 134 46 semper
1120 734 147 46 elementa,

743 774 92 53 &c.
795 774 78 53 i.
834 774 65 53 &
861 774 183 53 contingit,
1004 774 78 53 si
1044 774 157 53 cognitio
1148 774 118 53 istarum

744 813 172 37 formarum
873 813 144 37 fuerit
974 813 187 37 naturalis
1117 813 86 37 in
1146 813 115 37 nobis,

740 860 96 43 vt
788 860 241 43 cognitiones
981 860 161 43 omnium
1093 860 145 43 rerum
1174 860 96 43 sint

744 893 181 45 naturales
883 893 83 45 in
925 893 139 45 nobis,
1022 893 153 45 propter
1133 893 97 45 hoc
1175 893 83 45 quod

742 933 134 45 istae
832 933 149 45 formae
936 933 120 45 sunt
1011 933 179 45 elementa
1131 933 134 45 propria

736 968 171 43 omnium
855 968 188 43 entium,
992 968 154 43 sicut
1094 968 154 43 omnes
1180 968 85 43 vo-

745 1008 96 42 ces
800 1008 123 42 fiunt
882 1008 82 42 ex
923 1008 177 42 elementis
1059 1008 177 42 proprijs.
1196 1008 68 42 &
1209 1008 55 42 in

742 1052 139 38 tendit
839 1052 125 38 quod,
923 1052 97 38 cum
978 1052 139 38 formae
1076 1052 111 38 sint
1131 1052 139 38 elementa

746 1085 153 50 omnium
853 1085 153 50 entium
960 1085 168 50 propria
1082 1085 122 50 eis,
1143 1085 122 50 contin

750 1125 87 53 get
799 1125 74 53 vt
836 1125 87 53 non
886 1125 161 53 indigeant
1009 1125 74 53 in
1046 1125 173 53 cognitione
1170 1125 99 53 sensu-

791 1164 124 54 Quod
869 1164 156 54 igitur
978 1164 156 54 illas,
1087 1164 124 54 quae
1165 1164 93 54 in
1196 1164 62 54 na

741 1205 196 46 turalibus
892 1205 151 46 dictae
997 1205 136 46 sunt,
1088 1205 151 46 causas
1178 1205 91 46 cun-

739 1247 116 53 cti
806 1247 198 53 quaerere
954 1247 231 53 videantur,
1136 1247 83 53 &
1152 1247 116 53 prae-

739 1285 108 45 ter
800 1285 139 45 illas
893 1285 154 45 nullam
1000 1285 139 45 aliam
1093 1285 154 45 dicere
1185 1285 77 45 ha-

743 1332 165 38 beamus,
863 1332 90 38 ex
908 1332 150 38 illis,
1013 1332 120 38 quae
1087 1332 135 38 dicta
1162 1332 105 38 sunt,

743 1373 133 49 prius
832 1373 148 49 patet.
936 1373 104 49 sed
995 1373 104 49 eas
1054 1373 163 49 obscure
1158 1373 104 49 dixe-

739 1413 175 45 runt.
855 1413 195 45 quodam
992 1413 156 45 modo
1089 1413 156 45 enim
1167 1413 97 45 om-

741 1454 111 44 nes
805 1454 159 44 dictae
916 1454 127 44 sunt
995 1454 159 44 prius,
1090 1454 175 44 quodammo-

740 1500 104 46 do
792 1500 190 46 minime.
930 1500 259 46 Falbutienti
1137 1500 138 46 enim
1206 1500 69 46 af

746 1540 195 55 similata
892 1540 130 55 fuit
974 1540 147 55 prima
1055 1540 212 55 Philosophia

738 1580 94 54 de
785 1580 188 54 omnibus,
926 1580 172 54 tanquam
1052 1580 94 54 in
1083 1580 188 54 principiis

744 1625 133 41 noua
811 1625 183 41 existens,

795 1669 175 65 Quoniam
923 1669 143 65 autem
1018 1669 159 65 illud,
1130 1669 127 65 quod
1193 1669 80 65 di-

744 1716 124 62 ctum
821 1716 124 62 fuit
899 1716 93 62 de
945 1716 155 62 causis
1038 1716 217 62 naturalibus,

742 1772 221 55 perscrutati
919 1772 118 55 sunt
993 1772 88 55 de
1037 1772 88 55 eo
1081 1772 133 55 omnes
1155 1772 118 55 consy-

736 1818 194 64 derates,
881 1818 81 64 &
914 1818 129 64 quod
994 1818 113 64 nos
1059 1818 113 64 non
1107 1818 162 64 iduximu,
