1475 2066
175 172 80 54 &
207 172 129 54 vnam
288 172 161 54 causam
400 172 241 54 extrinsecam
593 172 97 54 ab
625 172 97 54 eis,

219 229 221 58 manifestum
393 229 111 58 est
456 229 95 58 ex
504 229 237 58 praedictis.
678 229 63 58 Et

224 273 158 67 dignum
335 273 127 67 est,
414 273 127 67 quod
493 273 143 67 prima
573 273 158 67 philoso-

219 320 124 69 pnia
296 320 248 69 perscrutetur
498 320 93 69 de
544 320 171 69 omnibus
653 320 78 69 re-

226 378 116 47 bus.
298 378 160 47 cotinet
414 378 116 47 enim
487 378 131 47 omnia
559 378 174 47 principia.

220 420 80 62 &
252 420 97 62 ea
300 420 129 62 quae
381 420 129 62 sunt
445 420 129 62 prima.

209 485 152 53 Quod
304 485 171 53 autem
418 485 152 53 quod
514 485 133 53 nos
571 485 171 53 diximus

216 529 96 41 in
264 529 145 41 modis
361 529 193 41 causarum
505 529 241 41 naturalium,
682 529 64 41 di

229 565 123 46 ctum
305 565 107 46 est
367 565 92 46 ab
412 565 199 46 Antiquis,
550 565 184 46 manifestum

228 614 80 37 est
273 614 69 37 ex
308 614 160 37 praedictis
434 614 69 37 ab
468 614 92 37 eis.
525 614 69 37 Et
560 614 149 37 similiter
663 614 80 37 mani-

223 652 131 38 festum
315 652 105 38 est,
380 652 105 38 quod
446 652 92 38 nos
498 652 92 38 non
551 652 170 38 addidimus
668 652 66 38 cau

224 684 110 52 sam
287 684 94 52 in
334 684 141 52 modis
428 684 204 52 causarum,
584 684 125 52 quas
647 684 94 52 Anti

232 725 227 58 quidixerunt.
416 725 85 58 Et
459 725 142 58 innuit
558 725 114 58 quod
615 725 128 58 Antiqui

233 759 154 53 ciuerunt
348 759 141 53 quatuor
451 759 128 53 causas
540 759 77 53 in
579 759 90 53 suo
617 759 128 53 tempore.

225 805 75 36 &
255 805 120 36 hoc,
330 805 120 36 quod
405 805 135 36 dicit
495 805 90 36 de
540 805 180 36 Antiquis
660 805 75 36 ma-

228 837 141 45 nifestum
334 837 94 45 est,
393 837 94 45 quod
451 837 94 45 ipsi
510 837 188 45 concesserunt
651 837 94 45 causam

224 884 227 46 materialem
402 884 81 46 &
435 884 195 46 formalem
581 884 81 46 &
597 884 146 46 agentem

222 916 73 47 &
252 916 175 47 finalem,
383 916 102 47 aut
441 916 102 47 non
499 916 175 47 videntur
616 916 131 47 concede

236 957 67 48 re
269 957 67 48 ex
303 957 89 48 eis,
358 957 89 48 quae
414 957 133 48 narrauit
514 957 67 48 de
547 957 100 48 illis
614 957 67 48 in
647 957 78 48 hoc
680 957 56 48 tra

223 997 132 47 ctatu.
315 997 92 47 sed
368 997 158 47 possumus
487 997 132 47 dicere
579 997 79 47 in
618 997 92 47 hoc
658 997 79 47 quod

233 1034 91 43 qui
285 1034 156 43 concedit
402 1034 130 43 causam
493 1034 156 43 agentem,
609 1034 117 43 debet
674 1034 65 43 con

234 1071 125 57 cedere
321 1071 150 57 finalem.
434 1071 113 57 agens
509 1071 100 57 enim
571 1071 88 57 non
621 1071 88 57 est
659 1071 88 57 agens

228 1114 95 41 nisi
287 1114 130 41 propter
382 1114 142 41 aliquid.
489 1114 59 41 &
512 1114 71 41 vt
548 1114 130 41 innuere
642 1114 83 41 per
678 1114 59 41 hoc

224 1153 193 41 Socrantem
372 1153 74 41 &
402 1153 193 41 Plutonem.
550 1153 133 41 Dicit
639 1153 133 41 autem

232 1191 69 43 in
266 1191 92 43 alio
323 1191 92 43 loco
380 1191 92 43 quod
438 1191 69 43 in
472 1191 126 43 tempore
563 1191 137 43 Socratis
655 1191 80 43 perce

240 1229 122 44 erunt
322 1229 149 44 homines
430 1229 136 44 causam
525 1229 163 44 finalem:
647 1229 68 44 &
661 1229 81 44 ideo

229 1268 202 53 incoeperunt
390 1268 135 53 regere
484 1268 188 53 ciuitates.
632 1268 67 53 &
646 1268 94 53 inten

236 1308 79 39 dit
281 1308 135 39 secundum
382 1308 90 39 quod
439 1308 124 39 opinati
529 1308 124 39 fuerunt
619 1308 68 39 in
653 1308 90 39 fine
698 1308 45 39 ho

203 1349 143 44 minis.
303 1349 114 44 D.d.
374 1349 86 44 Et
417 1349 143 44 dignum
517 1349 114 44 est,
589 1349 114 44 quod
646 1349 100 44 prima

226 1384 224 53 Philosophia,
408 1384 98 53 &c.
464 1384 84 53 i.
506 1384 70 53 &
534 1384 140 53 dignum
632 1384 112 53 est,
688 1384 56 53 vt

219 1424 150 43 apparet
328 1424 82 43 ex
369 1424 123 43 istis
451 1424 136 43 rebus,
546 1424 109 43 quod
601 1424 136 43 Philoso,

230 1470 108 46 phia
297 1470 202 46 persrutatur
458 1470 81 46 de
499 1470 202 46 principiis,
660 1470 67 46 &
674 1470 67 46 ma-

233 1502 110 53 xime
302 1502 82 53 de
343 1502 110 53 his,
411 1502 110 53 quae
480 1502 110 53 sunt
548 1502 123 53 prima
630 1502 82 53 in
658 1502 82 53 esse

225 1541 86 53 &
242 1541 223 53 cognitione.

258 1597 124 45 Nam
329 1597 89 45 &
365 1597 248 45 Empedocles
560 1597 106 45 os
613 1597 124 45 ait
666 1597 71 45 ef

217 1641 102 49 se
268 1641 204 49 ratione.
421 1641 119 49 Hoc
490 1641 153 49 autem
592 1641 119 49 est
643 1641 102 49 quod

218 1676 123 48 quid
295 1676 123 48 erat
372 1676 139 48 esse:
464 1676 77 48 &
495 1676 108 48 rei
541 1676 201 48 substantia.

226 1725 86 38 At
269 1725 114 38 vero
340 1725 185 38 similiter
482 1725 157 38 necesse
596 1725 100 38 est
639 1725 100 38 etiam

222 1765 172 38 carnis,
347 1765 266 38 caeterorumque
551 1765 188 38 singulorum

219 1802 116 48 esse
292 1802 189 48 rationem,
437 1802 102 48 aut
495 1802 131 48 nihil
582 1802 131 48 esse.
655 1802 87 48 pro-

217 1844 125 54 pter
296 1844 110 54 hoc
358 1844 125 54 enim
437 1844 78 54 &
468 1844 141 54 caro,
562 1844 78 54 &
593 1844 110 54 os,
640 1844 94 54 cae

746 180 251 54 terorumque
943 180 269 54 vnumquodque
1158 180 143 54 est,
1247 180 90 54 &
1265 180 54 54 E

744 229 125 47 non
815 229 196 47 propter
958 229 231 47 materiam,
1136 229 142 47 quam
1207 229 71 47 il

745 269 104 52 le
797 269 173 52 ignem,
918 269 191 52 terram,
1057 269 156 52 aquam
1161 269 87 52 &
1178 269 87 52 ae-

754 309 106 46 rem
814 309 121 46 ait.
890 309 106 46 sed
951 309 76 46 &
981 309 121 46 his,
1057 309 152 46 altero
1148 309 121 46 dicen-

755 349 103 46 te,
814 349 205 46 necessario
975 349 234 46 consensisset
1151 349 117 46 profe-

751 393 135 42 cto,
835 393 152 42 clare
937 393 152 42 tamen
1038 393 118 42 non
1105 393 169 42 dixit.
1207 393 67 42 De

747 434 121 52 his
816 434 173 52 igitur
937 434 86 52 &
971 434 155 52 antea
1058 434 207 52 manifestum

758 477 118 49 est.
832 477 206 49 quodcunque
994 477 132 49 autem
1082 477 88 49 de
1126 477 103 49 his
1170 477 103 49 quis-

758 525 132 42 piam
840 525 264 42 dubitauerit,
1055 525 165 42 rursus
1154 525 116 42 repe-

760 567 142 35 tamus,
859 567 185 35 fortassis
1001 567 142 35 etenim
1101 567 85 35 ex
1143 567 99 35 eis
1186 567 85 35 ali-

751 603 139 47 quid
838 603 244 47 facultatis
1029 603 244 47 habebimus,
1203 603 70 47 ad

747 645 183 45 futuras
864 645 250 45 dubitationes.

806 684 87 62 Et
850 684 117 62 quia
923 684 204 62 Empedocles
1083 684 146 62 dixit,
1186 684 117 62 quod

757 741 185 53 definitio
899 741 100 53 est
956 741 100 53 os,
1013 741 71 53 &
1041 741 100 53 est
1098 741 142 53 illud,
1198 741 100 53 per

754 781 116 61 quod
827 781 102 61 res
885 781 102 61 est
943 781 102 61 id,
1001 781 116 61 quod
1074 781 102 61 est
1118 781 145 61 substan-

750 823 103 67 tia
809 823 118 67 rei,
883 823 177 67 secundum
1016 823 118 67 hunc
1089 823 133 67 modum
1178 823 118 67 eris

759 877 148 62 etiam
857 877 131 62 caro
939 877 246 62 necessaria,
1136 877 82 62 &
1152 877 115 62 vnum-

756 924 177 63 quodque,
889 924 177 63 aliorum,
1022 924 103 63 aut
1080 924 147 63 nullum
1184 924 118 63 eori

759 972 145 55 erit.
855 972 80 55 &
887 972 129 55 ideo
968 972 145 55 caro,
1064 972 80 55 &
1096 972 112 55 os,
1161 972 80 55 &
1177 972 96 55 vnum

761 1021 169 61 quodque,
888 1021 197 61 caeterorum
1043 1021 99 61 non
1099 1021 99 61 est
1141 1021 127 61 propter

756 1065 205 65 materiam,
914 1065 126 65 quam
993 1065 126 65 ille
1071 1065 158 65 dicit,
1182 1065 126 65 quod

757 1117 112 61 est
821 1117 160 61 terra,
933 1117 144 61 ignis
1029 1117 80 61 &
1061 1117 144 61 aqua,
1157 1117 80 61 &
1173 1117 96 61 aer-

756 1164 78 57 &
788 1164 109 57 non
850 1164 141 57 ponit
944 1164 156 57 causam
1053 1164 94 57 in
1100 1164 125 57 hoc,
1178 1164 125 57 quod

758 1211 119 63 dicit
837 1211 119 63 istas
916 1211 105 63 res,
982 1211 92 63 sed
1035 1211 145 63 cogetur
1140 1211 79 63 vt
1167 1211 105 63 dicat,

758 1260 120 62 alia.
838 1260 93 62 sed
891 1260 80 62 no
931 1260 120 62 dixit
1011 1260 120 62 illud
1091 1260 147 62 aperte,
1198 1260 107 62 quod

759 1308 153 61 dixit.
866 1308 92 61 Et
911 1308 214 61 declaratum
1079 1308 107 61 est
1141 1308 137 61 prius
1217 1308 61 61 de

760 1353 125 49 istis
844 1353 139 49 rebus,
941 1353 70 49 &
969 1353 84 49 de
1011 1353 111 49 suis
1080 1353 195 49 similibus.
1219 1353 56 49 et

758 1402 113 48 nos
822 1402 226 48 reuertemur
1000 1402 129 48 post
1081 1402 97 48 ad
1113 1402 162 48 dicendum

760 1451 88 66 in
804 1451 161 66 omnibus
922 1451 250 66 quaestionibus
1113 1451 161 66 contingen

756 1497 131 57 tibus
844 1497 87 57 in
887 1497 116 57 eis,
960 1497 116 57 nunc
1032 1497 131 57 autem
1105 1497 174 57 incipiedum

760 1546 100 59 est
817 1546 86 59 in
860 1546 157 59 dicendo
974 1546 157 59 aliquid
1088 1546 86 59 de
1116 1546 157 59 quaestio-

760 1589 125 69 nibus
843 1589 235 69 cotingentibus
1037 1589 83 69 in
1078 1589 125 69 aliis
1161 1589 138 69 ribus,

801 1652 117 51 Quia
875 1652 161 51 Antiqui
992 1652 190 51 loquentes
1138 1652 88 51 de
1167 1652 103 51 rebus

759 1693 201 37 naturalibus
919 1693 134 37 locuti
1013 1693 107 37 sunt
1080 1693 80 37 in
1121 1693 134 37 maiori
1201 1693 67 37 par

754 1728 89 50 te
799 1728 89 50 de
843 1728 177 50 materia,
976 1728 74 50 &
1005 1728 103 50 non
1064 1728 89 50 de
1109 1728 133 50 forma
1182 1728 89 50 pro-

759 1772 121 46 pria
835 1772 136 46 rebus
926 1772 212 46 mobilibus,
1092 1772 121 46 nisi
1153 1772 121 46 Empedo

766 1803 106 60 qui
826 1803 152 60 innuit
933 1803 152 60 causam
1039 1803 197 60 formalem,
1190 1803 76 60 &
1205 1803 76 60 non

757 1845 118 53 dixit
836 1845 92 53 eam
888 1845 144 53 aperte,
993 1845 92 53 sed
1045 1845 118 53 tamen
1124 1845 144 53 apparet
1215 1845 66 53 de
