1475 2066
178 149 191 37 oportet
317 149 104 37 vt
369 149 261 37 aliquatenus
560 149 157 37 inuicem

188 182 254 52 intelligant,
394 182 111 52 hoc
458 182 127 52 enim
537 182 111 52 non
584 182 127 52 facto,

197 228 109 46 quo
260 228 125 46 modo
338 228 125 46 erit
416 228 109 46 eis
479 228 172 46 inuicem
588 228 125 46 sermo-

189 269 122 45 nis
258 269 297 45 communicatior
503 269 192 45 Oportet
626 269 87 45 igi

191 308 136 45 tur
268 308 214 45 nominum
424 308 291 45 vnumquodque
637 308 78 45 no

188 348 114 54 tum
253 348 146 54 esse,
350 348 81 54 &
383 348 179 54 aliquid
497 348 211 54 significare

193 392 104 57 nec
253 392 149 57 multa,
357 392 104 57 sed
416 392 134 57 vnum,
506 392 119 57 quod
580 392 89 57 si
610 392 104 57 plura

196 434 234 54 significet,
384 434 234 54 manifestare
571 434 94 54 ad
617 434 125 54 quod

188 481 161 50 eorem
296 481 161 50 nomen
403 481 161 50 fert.
511 481 126 50 Qui
565 481 143 50 igitur

192 519 130 51 dicit
278 519 115 51 esse
350 519 101 51 hoc
408 519 72 51 &
437 519 101 51 non
495 519 115 51 esse
567 519 115 51 hoc,
624 519 87 51 quod

188 565 157 53 omnino
298 565 125 53 esse
376 565 157 53 dicit,
486 565 110 53 non
549 565 157 53 dicit.
643 565 78 53 qua

195 601 92 50 re
241 601 107 50 id,
302 601 122 50 quod
378 601 137 50 nomen
470 601 229 50 significat,
638 601 76 50 id.

188 645 142 45 ipsum
283 645 111 45 non
346 645 237 45 signisicare
536 645 158 45 dicit.
631 645 79 45 hoc

190 685 130 51 autem
276 685 217 51 impossibile
450 685 116 51 est.
523 685 116 51 vnde
595 685 145 51 siqui¬

199 732 102 39 dem
258 732 203 39 significat
417 732 174 39 aliquid,
548 732 102 39 hoc
592 732 116 39 scili-

191 769 106 49 cet
251 769 121 49 esse
327 769 121 49 hoc,
402 769 226 49 impossibile
583 769 106 49 est
629 769 75 49 con

193 813 278 46 tradictionem
419 813 104 46 de
471 813 156 46 eodem
558 813 156 46 verifi-

194 855 130 51 cari.
280 855 130 51 Item,
367 855 87 51 si
410 855 130 51 nomen
497 855 159 51 aliquid
598 855 115 51 signi-

188 896 157 51 ficat,
298 896 78 51 &
329 896 110 51 hoc
392 896 251 51 verificatur,
580 896 141 51 oportet

190 941 107 45 hoc
251 941 214 45 necessario
419 941 138 45 esse.
511 941 122 45 quod
588 941 122 45 vero
649 941 61 45 ne

192 980 172 47 cessario
321 980 101 47 est
378 980 101 47 non
436 980 187 47 contingit
580 980 115 47 tunc
637 980 72 47 non

195 1021 137 53 esse.
286 1021 197 53 oppositas
438 1021 121 53 ergo
514 1021 106 53 non
574 1021 106 53 est
620 1021 91 53 poss

195 1063 130 51 bile
276 1063 227 51 locutiones
454 1063 97 51 de
503 1063 146 51 eodem
584 1063 130 51 verifi

197 1104 135 50 eari.
287 1104 135 50 Item,
377 1104 90 50 si
422 1104 135 50 nihil
512 1104 135 50 magis
587 1104 135 50 affirma

195 1152 120 51 tio.
270 1152 120 51 quam
344 1152 164 51 negatio
464 1152 239 51 verificatur,
643 1152 75 51 qui

196 1196 146 47 dicit
293 1196 195 47 hominem,
440 1196 114 47 vel
505 1196 114 47 non
553 1196 163 47 hominem,

192 1245 145 37 nihil
289 1245 145 37 magis
385 1245 145 37 verum
482 1245 161 37 dicet.
579 1245 145 37 attamen

193 1285 148 45 videri
297 1285 162 45 potest,
415 1285 118 45 quod
489 1285 89 45 si
533 1285 162 45 hominem
651 1285 103 45 non

192 1320 143 42 equum
287 1320 127 42 esse
367 1320 159 42 dicat,
478 1320 111 42 aut
541 1320 159 42 magis,
637 1320 79 42 aut

194 1360 99 57 non
250 1360 127 57 minus
335 1360 127 57 verum
419 1360 155 57 dicere,
532 1360 113 57 quam
602 1360 85 57 si
645 1360 99 57 non

195 1404 188 46 hominem.
337 1404 126 46 vnde
415 1404 126 46 est,
493 1404 94 46 si
540 1404 157 46 eundem
635 1404 78 46 dif

187 1445 112 49 cit
251 1445 144 49 equum
347 1445 144 49 esse,
443 1445 144 49 verum
539 1445 160 49 dicet.
635 1445 80 49 op-

189 1486 147 52 positas
295 1486 107 52 enim
362 1486 173 52 similiter
495 1486 107 52 erit
562 1486 120 52 veras
629 1486 93 52 esse.

197 1533 158 48 accidit
312 1533 144 48 igitur
413 1533 158 48 eundem.
528 1533 72 48 &
557 1533 173 48 hominem,
672 1533 43 48 &

183 1572 153 47 equum
285 1572 153 47 esse,
387 1572 119 47 aut
455 1572 238 47 caeterorum
625 1572 85 47 ani

182 1615 157 52 malium
292 1615 188 52 aliquod.
433 1615 141 52 Horum
528 1615 141 52 sanem
606 1615 110 52 nulla

188 1668 111 38 est
252 1668 239 38 simpliciter
443 1668 270 38 demonstratio:
649 1668 64 38 ve

181 1698 119 52 rum
249 1698 102 52 ad
300 1698 136 52 eum,
385 1698 119 52 qui
453 1698 136 52 haec
537 1698 170 52 ponit,
639 1698 68 52 de

181 1742 212 43 monstratio
348 1742 121 43 est.
424 1742 152 43 Facile
530 1742 137 43 autem
621 1742 76 43 &
636 1742 76 43 ips

185 1784 134 42 sum
261 1784 267 42 Heraclitum
471 1784 229 42 quispiam
624 1784 95 42 hoc

180 1829 145 53 modo
270 1829 271 53 interrogans
487 1829 235 53 concedere
650 1829 90 53 co

724 133 145 57 geret
821 133 177 57 nunquam
950 133 210 57 possibile
1111 133 129 57 esse
1175 133 81 57 op-

729 181 170 48 positas
852 181 216 48 locutiones
1022 181 93 48 de
1069 181 139 48 eodem
1146 181 108 48 veri-

731 227 187 48 ficari,
867 227 136 48 nunc
952 227 153 48 vero,
1053 227 119 48 cum
1104 227 153 48 seipsum

738 268 158 50 quidnam
853 268 172 50 diceret,
982 268 101 50 non
1039 268 244 50 intelligeret,

734 309 140 45 hanc
821 309 227 45 opinionem
995 309 192 45 habuit.
1117 309 140 45 Omnino

731 349 119 60 autem
810 349 79 60 si
850 349 106 60 hoc,
916 349 106 60 quod
982 349 79 60 ab
1021 349 79 60 eo
1061 349 158 60 dicitur.
1167 349 92 60 verum

732 392 125 50 est,
810 392 109 50 nec
873 392 109 50 hoc
935 392 140 50 ipsum
1029 392 140 50 verum
1123 392 140 50 erit,
1201 392 62 50 se

726 436 159 58 inquam,
841 436 115 58 quod
913 436 187 58 conringit
1057 436 115 58 idem
1115 436 144 58 secundum

735 477 133 57 vnum
819 477 83 57 &
852 477 133 57 idem
935 477 167 57 tempus
1052 477 150 57 esse.
1135 477 117 57 Quem-

723 519 201 43 admodum
869 519 146 43 enim
960 519 91 43 &
997 519 164 43 ipsis
1088 519 164 43 diuisis

728 565 133 49 nihil
817 565 133 49 magis
906 565 222 49 affirmatio,
1084 565 119 49 quam
1143 565 104 49 nega-

732 602 114 48 tio
797 602 261 48 verificatur,
1009 602 147 48 eodem
1106 602 130 48 modo
1172 602 81 48 si-

730 644 113 46 mul
794 644 194 46 vtroque,
940 644 97 46 ac
988 644 210 46 complexo,
1150 644 97 46 ac
1182 644 81 46 si-

729 683 112 56 vna
793 683 176 56 quaedam
921 683 224 56 affirmatio
1097 683 160 56 esset,
1193 683 64 56 ni

729 730 135 40 hil,
813 730 152 40 magis
915 730 202 40 negatio,
1066 730 135 40 quam
1134 730 118 40 totum

722 772 194 52 tanquam
864 772 106 52 in
917 772 282 52 affirmatione
1128 772 124 52 posi-

729 816 108 42 tum
790 816 278 42 verificabitur.
1022 816 139 42 Item,
1114 816 93 42 si
1145 816 108 42 nihil

729 861 109 45 est
792 861 124 45 vere
869 861 202 45 asferere,
1024 861 93 45 id
1071 861 140 45 etiam
1148 861 109 45 ipsum

730 894 165 46 falsum
845 894 132 46 erit
927 894 181 46 dicere,
1043 894 214 46 assertionem

735 937 146 47 nullam
838 937 131 47 veram
925 937 131 47 esse.
1013 937 117 47 quod
1086 937 88 47 si
1115 937 146 47 aliquid,

729 980 120 46 sit,
804 980 179 46 soluetur
938 980 194 46 profecto,
1088 980 120 46 quod
1162 980 90 46 ab
1192 980 60 46 il

726 1021 116 59 lis
793 1021 199 59 dicitur,
942 1021 116 59 qui
1008 1021 99 59 ad
1041 1021 216 59 huiuscemodi

726 1068 181 46 instant,
861 1068 75 46 &
892 1068 105 46 qui
952 1068 196 46 totaliter
1102 1068 136 46 ipsum
1178 1068 75 46 di-

733 1109 192 45 sputare
854 1109 192 45 perimunt.

735 1163 189 47 Nedarguitur
887 1163 164 47 Protagore
1013 1163 126 47 opinio
1102 1163 126 47 falsa,
1177 1163 76 47 asse

766 1213 137 41 rentis
862 1213 123 41 omne,
944 1213 109 41 quod
1012 1213 164 41 opinamur
1121 1213 96 41 verum

814 1245 103 44 esse:
882 1245 195 44 assignaturque
1031 1245 149 44 deceptionis

848 1284 129 52 ipsius
938 1284 129 52 causa.
1029 1284 103 52 Cap.
1093 1284 65 52 A

757 1324 149 46 Imile
857 1324 149 46 autem
956 1324 166 46 dictis
1072 1324 116 46 est
1138 1324 83 46 &
1155 1324 99 46 quod

804 1365 82 53 a
836 1365 214 53 Protagora
1001 1365 165 53 dictum
1116 1365 132 53 est.
1199 1365 82 53 &

736 1397 97 61 NA
784 1397 129 61 ille
865 1397 161 61 nanque
977 1397 161 61 omnium
1090 1397 145 61 rerum
1171 1397 80 61 men

729 1450 143 40 suram
825 1450 175 40 hominem
952 1450 159 40 aiebat
1064 1450 143 40 esse:
1143 1450 112 40 nihil

734 1491 142 48 aliud
829 1491 174 48 dicens,
956 1491 127 48 nisi
1035 1491 127 48 quod
1114 1491 111 48 id,
1161 1491 95 48 quod

745 1534 186 45 vnicuique
888 1534 171 45 apparet,
1016 1534 100 45 hoc
1073 1534 129 45 etiam
1145 1534 114 45 indubi

737 1572 122 46 tato
813 1572 138 46 esse.
905 1572 107 46 hoc
966 1572 138 46 autem
1058 1572 168 46 posito,
1165 1572 92 46 idem

734 1614 173 45 accidit
860 1614 142 45 esse,
954 1614 79 45 &
986 1614 110 45 non
1049 1614 142 45 esse,
1143 1614 79 45 &
1159 1614 110 45 malum

734 1661 79 45 &
766 1661 142 45 bonum
860 1661 142 45 esse,
954 1661 79 45 &
986 1661 189 45 caetera,
1127 1661 126 45 quae
1206 1661 94 45 se

734 1698 165 48 cundum
849 1698 214 48 oppositas
1014 1698 231 48 locutiones
1179 1698 82 48 di-

730 1744 158 55 cuntur:
844 1744 186 55 propterea
988 1744 115 55 quod
1059 1744 186 55 plerunque
1188 1744 72 55 his

713 1827 243 48 contrarium
903 1827 139 48 esse
990 1827 156 48 bonu:
1094 1827 121 48 men
1146 1827 121 48 suram

731 1786 170 57 quidem
850 1786 119 57 hoc
918 1786 204 57 apparet,
1070 1786 153 57 istis
1155 1786 102 57 vero
