1475 2066
214 136 247 60 vnunquodque
411 136 197 60 terminus
559 136 165 60 quidam
658 136 82 60 est

229 181 199 45 Infinitum
382 181 123 45 vero
459 181 107 45 non
520 181 123 45 idem
597 181 92 45 in
628 181 107 45 magni

227 222 153 52 tudine,
338 222 125 52 motu,
422 222 70 52 &
450 222 167 52 tempore,
575 222 153 52 tanquam
672 222 70 52 vna

237 263 168 51 quaedam
359 263 168 51 natura,
481 263 107 51 sed
542 263 138 51 ipsum
619 263 122 51 poste-

231 316 101 43 rius
295 316 139 43 secudum
396 316 114 43 prius
472 316 152 43 dicitur.
585 316 114 43 velut
649 316 88 43 motus

224 349 164 46 secundum
348 349 233 46 magnitudinem,
539 349 123 46 super
622 349 110 46 quam
676 349 69 46 fit

224 395 158 48 motus,
335 395 110 48 aut
398 395 221 48 alteratio,
571 395 110 48 aut
619 395 126 48 augmen

230 435 138 40 tatio:
327 435 138 40 tempus
423 435 110 40 vero
492 435 151 40 propter
588 435 110 40 motum.

236 493 196 46 Distinguitur
395 493 110 46 motus
468 493 86 46 per
517 493 73 46 se
554 493 61 46 a
578 493 98 46 motu
639 493 86 46 per
676 493 61 46 ac-

262 525 149 48 cidens,
371 525 68 48 &
398 525 163 48 secundam
520 525 149 48 partem.
629 525 108 48 Quot
683 525 54 48 mo

265 565 91 38 dis
317 565 144 38 aliquid
422 565 78 38 in
461 565 118 38 aliud
539 565 131 38 mutari
617 565 118 38 dicatur

263 605 77 41 in
302 605 115 41 quot,
378 605 64 41 &
404 605 128 41 quibus
494 605 231 41 praedicamentis
673 605 64 41 sit

267 635 131 47 motus.
359 635 210 47 Immobileitem
529 635 105 47 quot
595 635 144 47 dicatur
687 635 52 47 mo

265 680 147 52 dis.
356 680 147 52 Cap.
430 680 55 52 2

251 721 346 62 vMTansmutatur
536 721 163 62 vero
617 721 122 62 quod

326 773 280 37 transmutatur.
556 773 115 37 hoc
605 773 132 37 quidem

332 810 143 40 secundum
439 810 155 40 accidens,
558 810 119 40 veluti
642 810 83 40 cum
677 810 60 40 di-

227 853 141 38 cimus
321 853 173 38 musicum
447 853 204 38 ambulare:
604 853 141 38 illud
682 853 63 38 ve

232 889 91 50 ro,
284 889 78 50 eo
323 889 104 50 quod
389 889 104 50 eius
454 889 157 50 quippiam
571 889 157 50 mutetur,
676 889 65 50 sim

228 940 146 46 pliciter
337 940 134 46 dicitur
435 940 134 46 mutari,
532 940 73 46 vt
569 940 97 46 quae
617 940 122 46 secundum

225 974 162 52 partem
338 974 210 52 dicuntur.
500 974 178 52 sanatur
613 974 129 52 nanque

238 1017 125 58 corpus,
329 1017 125 58 quoniam
420 1017 125 58 oculus.
511 1017 80 58 Est
557 1017 160 58 praeterea,
671 1017 68 58 quod

228 1061 110 45 per
291 1061 94 45 se
338 1061 157 45 primum
448 1061 188 45 mouetur,
589 1061 78 45 &
621 1061 110 45 hoc
668 1061 78 45 est

227 1109 102 46 per
286 1109 87 46 se
329 1109 160 46 mobile.
446 1109 102 46 Est
504 1109 116 46 item
577 1109 87 46 de
606 1109 131 46 mouente

222 1142 172 52 quoquid
347 1142 141 52 eodem
441 1142 141 52 modo.
535 1142 141 52 mouet
613 1142 125 52 nanque

228 1186 188 49 quoddam
364 1186 119 49 per
433 1186 222 49 accidens,
586 1186 154 49 quoddam

234 1229 166 55 secundum
359 1229 152 55 partem,
470 1229 152 55 quoddam
581 1229 97 55 per
636 1229 97 55 se.
678 1229 69 55 Est

231 1268 170 47 rursus
350 1268 204 47 aliquid,
504 1268 136 47 quod
589 1268 153 47 primo
674 1268 68 47 mo

230 1309 128 46 uet:
310 1309 80 46 &
342 1309 112 46 est
406 1309 192 46 aliquid,
551 1309 128 46 quod
615 1309 128 46 mouet.

235 1356 110 38 ltem
304 1356 152 38 tempus,
414 1356 83 38 in
456 1356 110 38 quo,
525 1356 83 38 ac
566 1356 179 38 praeterea
690 1356 55 38 ex

227 1397 135 44 quo,
312 1397 169 44 demum,
430 1397 85 44 &
464 1397 102 44 ad
515 1397 152 44 quod.
600 1397 135 44 formas

228 1444 122 46 vero,
310 1444 230 46 passionesque,
499 1444 81 46 ac
540 1444 135 46 locus,
635 1444 81 46 ad
662 1444 81 46 quae

229 1485 204 37 mouentur
382 1485 153 37 mota,
484 1485 102 37 ea
534 1485 170 37 inmota
636 1485 102 37 sunt

225 1520 153 42 veluti
332 1520 184 42 scientia
470 1520 77 42 &
500 1520 153 42 calor.
607 1520 107 42 est
653 1520 92 42 vero

229 1570 149 32 motus,
334 1570 105 32 non
393 1570 209 32 caliditas,
558 1570 105 32 sed
603 1570 134 32 calefa-

227 1604 135 46 ctio.
317 1604 165 46 Mutatio
437 1604 135 46 autem
527 1604 105 46 non
587 1604 105 46 per
632 1604 105 46 acci-

229 1644 120 48 dens
304 1644 120 48 haud
380 1644 166 48 quaquam
500 1644 90 48 in
545 1644 166 48 omnibus
651 1644 90 48 est,

223 1691 92 39 sed
275 1691 79 39 in
315 1691 184 39 contrarijs
460 1691 79 39 ac
499 1691 145 39 medijs,
604 1691 118 39 atque
670 1691 79 39 estm

228 1729 88 42 in
272 1729 280 42 contradictione,
508 1729 133 42 cuius
597 1729 103 42 rei
641 1729 103 42 fides

230 1771 94 39 in
277 1771 219 39 inductione
449 1771 125 39 est.
527 1771 172 39 Mutatur
637 1771 109 39 autem

229 1813 125 48 quod
308 1813 188 48 mutatur,
449 1813 110 48 aut
511 1813 94 48 ex
558 1813 188 48 subiecto
683 1813 63 48 in

758 131 212 55 subiectum,
925 131 106 55 aut
985 131 91 55 ex
1031 131 106 55 non
1092 131 182 55 subiecto
1228 131 91 55 in

753 180 105 54 non
813 180 211 54 subiectum,
979 180 105 54 aut
1039 180 90 54 ex
1084 180 181 54 subiecto
1205 180 60 54 in

748 222 117 49 non
815 222 233 49 subiectum,
998 222 117 49 aut
1065 222 100 49 ex
1115 222 117 49 non
1165 222 100 49 sub-

755 264 136 42 iecto
845 264 91 42 in
891 264 211 42 subiectum.
1057 264 106 42 Aio
1117 264 136 42 autem
1193 264 75 42 sub

750 309 172 50 iectum,
876 309 125 50 quod
954 309 251 50 affirmatione
1142 309 125 50 expla-

749 349 152 53 natur.
855 349 136 53 Quare
946 349 167 53 necesse
1067 349 106 53 est
1128 349 121 53 tres
1188 349 76 53 mu-

757 396 181 38 tationes
893 396 136 38 esse.
984 396 121 38 illa
1059 396 136 38 enim,
1150 396 121 38 quae
1211 396 60 38 ex

746 432 118 50 non
814 432 202 50 subiecto
965 432 101 50 in
1016 432 118 50 non
1067 432 202 50 subiectum,

759 476 115 42 non
824 476 115 42 est
890 476 198 42 mutatio,
1038 476 115 42 nec
1104 476 132 42 enim
1170 476 99 42 con-

754 517 150 58 traria,
863 517 123 58 neque
945 517 218 58 contradictio
1122 517 109 58 est,
1176 517 82 58 quia

756 557 128 53 neque
841 557 200 53 oppositio.
998 557 157 53 Mutatio
1112 557 143 53 igitur
1198 557 71 53 ex-

757 599 86 45 non
806 599 148 45 subiecto
917 599 74 45 in
953 599 160 45 subiectum
1076 599 148 45 secundum
1175 599 98 45 cmmun-

750 645 230 45 tradictionem,
940 645 176 45 generatio
1075 645 108 45 est:
1142 645 108 45 quae
1196 645 68 45 qui

755 692 103 43 dem
814 692 221 43 simpliciter
991 692 177 43 simplex,
1123 692 118 43 quae
1182 692 74 43 ve-

758 733 92 45 ro
804 733 199 45 cuiusdam,
957 733 184 45 quaedam.
1095 733 92 45 at
1141 733 123 45 quae
1202 733 61 45 de

749 765 182 45 subiecto
885 765 91 45 in
931 765 106 45 non
991 765 212 45 subiectum,
1143 765 121 45 corru-

759 813 125 45 ptio:
842 813 111 45 quae
912 813 208 45 simpliciter
1078 813 167 45 simplex,
1190 813 69 45 qua

754 861 178 41 cuiusdam,
891 861 164 41 quaedam.
1014 861 82 41 Si
1055 861 137 41 itaque
1151 861 96 41 non
1192 861 68 41 ens

752 893 242 45 multifariam
946 893 194 45 dicitur,
1091 893 81 45 &
1124 893 113 45 nec
1172 893 97 45 quod

750 933 171 45 secundum
878 933 256 45 compositionem,
1091 933 100 45 aut
1134 933 128 45 diuisio

758 981 117 40 nem,
831 981 160 40 dicitur
948 981 146 40 moueri
1050 981 204 40 contingit,
1196 981 73 40 neo

750 1018 119 49 item
825 1018 119 49 quod
899 1018 164 49 secudum
1019 1018 209 49 potentiam,
1183 1018 119 49 quod

758 1060 185 46 oppositum
900 1060 99 46 est
957 1060 114 46 enim
1028 1060 156 46 quidem,
1141 1060 114 46 quod
1198 1060 71 46 sim

752 1109 187 41 pliciter
893 1109 109 41 est
955 1109 125 41 (non
1033 1109 140 41 album
1126 1109 125 41 enim
1188 1109 78 41 aut

754 1141 120 45 non
822 1141 154 45 bonum
925 1141 222 45 contingit
1079 1141 188 45 nihilomi-

757 1183 92 44 nus
809 1183 158 44 secundum
928 1183 158 44 accidens
1046 1183 144 44 moueri.
1151 1183 105 44 esse
1203 1183 66 44 nam

765 1225 109 53 que
828 1225 125 53 homo
906 1225 156 53 potest
1015 1225 109 53 non
1078 1225 156 53 album)
1171 1225 94 53 quid

759 1269 125 53 vero
837 1269 234 53 simpliciter
1024 1269 109 53 non
1087 1269 125 53 hoc,
1165 1269 93 53 id
1196 1269 62 53 ne

759 1308 186 51 quaquam.
898 1308 108 51 nam
960 1308 232 51 impossibile
1145 1308 108 51 est
1192 1308 77 51 non

757 1357 106 45 ens
817 1357 166 45 moueri.
938 1357 91 45 si
984 1357 151 45 igitur
1090 1357 121 45 hoc,
1165 1357 76 45 &
1180 1357 91 45 gene

755 1404 213 38 rantionem
919 1404 148 38 motum
1017 1404 148 38 esse.
1115 1404 115 38 sit
1165 1404 98 38 enim

754 1436 106 44 non
815 1436 121 44 ens,
890 1436 106 44 nam
951 1436 121 44 etsi
1027 1436 152 44 maxime
1118 1436 152 44 secundum

759 1477 193 46 accidens
904 1477 129 46 fit,
984 1477 177 46 attamen
1113 1477 145 46 verum
1194 1477 80 46 est

756 1516 138 54 dicere
853 1516 83 54 de
894 1516 96 54 eo,
949 1516 124 54 quiod
1031 1516 206 54 simpliciter
1183 1516 83 54 fit,

754 1565 141 38 quod
843 1565 124 38 est
913 1565 124 38 non
984 1565 141 38 ens.
1072 1565 159 38 Eodem
1160 1565 106 38 modo

757 1605 162 50 igitur
870 1605 81 50 &
902 1605 226 50 quiescere.
1080 1605 129 50 Haec
1145 1605 129 50 itaque

763 1652 144 46 omnia
859 1652 192 46 accidunt
1003 1652 192 46 absurda,
1147 1652 96 46 si
1179 1652 96 46 quio

758 1689 129 46 quid
838 1689 193 46 mouetur,
983 1689 97 46 in
1032 1689 129 46 loco
1112 1689 129 46 est,
1193 1689 113 46 non

761 1725 97 46 ens
817 1725 111 46 vero
886 1725 83 46 in
927 1725 111 46 loco
997 1725 97 46 non
1052 1725 111 46 est:
1122 1725 125 46 esset
1191 1725 83 46 enim

759 1773 196 49 vsquam.
902 1773 125 49 Nec
973 1773 231 49 corruptio
1133 1773 142 49 igitur

753 1821 186 38 motus,
884 1821 223 38 siquidem
1051 1821 167 38 motui
1144 1821 130 38 motus
