1475 2066
297 171 303 31 rMAEHH2AM

209 197 191 59 Secundum
352 197 159 59 geneus
464 197 191 59 depromit
607 197 80 59 &
623 197 96 59 pro-

215 245 171 37 sequitur
343 245 171 37 quicquid
471 245 85 37 in
514 245 100 37 hac
571 245 114 37 arte
628 245 85 37 com-

218 285 238 38 praehenditur:
414 285 168 38 quocirca
541 285 126 38 primo
625 285 84 38 in
653 285 70 38 duo

217 317 114 52 hanc
288 317 128 52 artem
374 317 185 52 proscindi
516 317 157 52 voluit,
616 317 114 52 quorum

216 357 114 53 vnum
287 357 171 53 exprimit
415 357 142 53 partem
515 357 185 53 logicalem
643 357 85 53 huic

211 395 109 45 arti
279 395 176 45 propriam,
415 395 149 45 alterum
523 395 95 45 ea,
578 395 136 45 quorum
659 395 68 45 hic

215 441 168 41 scientiam
344 441 155 41 petimus:
460 441 64 41 &
486 441 90 41 sic
538 441 103 41 duae
589 441 142 41 ampliores

215 473 107 41 sunt
282 473 148 41 partes,
389 473 134 41 quarum
483 473 94 41 vna
537 473 134 41 rursus
631 473 81 41 in
657 473 54 41 ar

209 516 140 48 ctiores
311 516 165 48 scinditur
438 516 127 48 partes
527 516 114 48 tres,
604 516 102 48 vnde
654 516 64 48 qua

213 557 97 37 tuor
274 557 109 37 huius
346 557 158 37 scientiae
468 557 158 37 portiones
577 557 146 37 resultant.

246 589 114 51 Quam
317 589 114 51 vero
389 589 86 51 in
431 589 100 51 hoc
489 589 171 51 praesens
603 589 114 51 indage

215 635 107 42 aliis
286 635 130 42 artibus
381 635 178 42 praefertur,
523 635 95 42 quod
583 635 95 42 ipsa
630 635 95 42 suimet

215 676 178 42 principia
353 676 178 42 porrigit,
490 676 110 42 ideo
558 676 96 42 vbi
613 676 96 42 hoc
654 676 69 42 ip-

217 702 81 55 sum
264 702 163 55 peragitur,
392 702 105 55 quasi
462 702 116 55 quinta
543 702 105 55 huius
601 702 128 55 scientiae

195 741 137 45 portio
291 741 191 45 excipitur.
441 741 164 45 Insuper,
564 741 82 45 ex
605 741 96 45 quo
646 741 82 45 haec

213 787 138 39 scientia
317 787 115 39 partes
398 787 104 39 entis
467 787 173 39 consyderat,
606 787 81 39 vna
640 787 81 39 autem

204 820 154 54 partium
316 820 98 54 est
372 820 126 54 ipsum
456 820 98 54 ens
497 820 224 54 intelligibile-

205 861 181 51 opportunum
347 861 103 51 erat
411 861 77 51 de
450 861 116 51 huius
528 861 142 51 generis
618 861 103 51 entium

204 898 171 52 principiis
338 898 171 52 speculari,
472 898 61 52 &
496 898 122 52 falsis
582 898 110 52 circa
643 898 73 52 haec

209 935 234 54 cogitationibus
404 935 182 54 resistere.
546 935 130 54 Arist.
624 935 91 54 igitu

207 972 81 57 in
248 972 162 57 singulis
370 972 95 57 his
424 972 176 57 generibus
546 972 162 57 consyderan

211 1014 91 51 do,
263 1014 182 51 exactiorem
406 1014 91 51 qui
458 1014 117 51 fieri
537 1014 130 51 potuit
615 1014 104 51 doctri

203 1060 91 46 nae
255 1060 143 46 ordinem
359 1060 169 46 exercuit:
488 1060 91 46 ita
540 1060 104 46 quod
605 1060 78 46 in
631 1060 91 46 prima

205 1092 159 51 dictione
324 1092 172 51 designata
456 1092 92 51 per
509 1092 145 51 literam
601 1092 119 51 Alephli

207 1134 154 50 minorem
319 1134 196 50 commemorat
473 1134 154 50 quantum
571 1134 140 50 difficul

207 1165 102 53 tatis,
278 1165 193 53 facilitatisques
441 1165 81 53 haec
492 1165 122 53 scientia
583 1165 143 53 contineat,
685 1165 41 53 as

204 1207 122 54 feres
286 1207 95 54 id,
340 1207 109 54 quod
408 1207 150 54 singuli
517 1207 150 54 hominum
626 1207 82 54 in
653 1207 68 54 hac

201 1252 141 47 scientia
307 1252 152 47 referunt,
424 1252 129 47 tametsi
518 1252 141 47 pusillum
612 1252 105 47 quoddam

204 1288 98 40 fit,
265 1288 196 40 nihilominus,
424 1288 86 40 cum
473 1288 110 40 omnia
546 1288 134 40 illorum
631 1288 86 40 dicta

202 1327 81 44 in
243 1327 149 44 cumulum
351 1327 149 44 redacta
460 1327 162 44 fuerint,
582 1327 108 44 erit
636 1327 81 44 quid

195 1365 221 55 colligitur
369 1365 206 55 quantitas
527 1365 127 55 haud
591 1365 127 55 modica

218 1404 107 51 Cuque
289 1404 71 51 ad
325 1404 107 51 huius
396 1404 154 51 scientiae
515 1404 143 51 opificen
610 1404 107 51 spectes

204 1440 242 55 consyderationem
408 1440 153 55 causarum
522 1440 178 55 attingere,
649 1440 64 55 si-

203 1481 127 53 quidem
292 1481 115 53 harum
369 1481 127 53 gratia
458 1481 140 53 caetera
560 1481 115 53 entia
624 1481 89 53 prose

198 1525 149 41 quimur,
307 1525 109 41 ideo
375 1525 68 41 &
402 1525 109 41 ipse
470 1525 81 41 in
510 1525 122 41 eadem
578 1525 136 41 dictione

198 1558 174 48 sermonem
329 1558 174 48 terminat
460 1558 87 48 ad
504 1558 160 48 causas,
605 1558 102 48 poste

197 1599 243 50 eomemorauerit
397 1599 157 50 formas.
512 1599 157 50 denique
612 1599 100 50 finem

197 1638 111 44 facit
271 1638 74 44 in
308 1638 172 44 enuntiando
443 1638 148 44 potiores
554 1638 99 44 caus
603 1638 111 44 errorum

200 1676 198 54 contingentium
364 1676 70 54 in
399 1676 222 54 speculabilibus,
574 1676 140 54 praesertim

198 1716 102 51 circa
265 1716 158 51 principia,
390 1716 113 51 quales
469 1716 135 51 scilicet
570 1716 124 51 errorum
649 1716 68 51 cau-

195 1757 101 37 sae
252 1757 115 37 sunt
324 1757 144 37 falsae
425 1757 158 37 hominum
526 1757 187 37 existimatio

195 1797 95 45 nes
250 1797 216 45 pullulantes,
425 1797 108 45 quas
493 1797 108 45 inde
560 1797 81 45 in
587 1797 122 45 specule

196 1831 145 44 bilibus
301 1831 106 44 ipsi
368 1831 106 44 fide
434 1831 198 44 accipiendas
579 1831 132 44 statuunt

825 173 292 41 MAM22MN

738 205 163 45 Secundum
861 205 109 45 vero
929 205 95 45 est
984 205 163 45 scientia
1106 205 109 45 rei,
1174 205 109 45 quae

735 244 80 38 ab
775 244 106 38 illa
841 244 106 38 arte
907 244 199 38 continetur:
1066 244 172 38 diuiditur
1186 244 66 38 er-

745 284 78 47 go
784 284 104 47 haec
849 284 157 47 scientia
967 284 117 47 primo
1045 284 170 47 bifariam,
1163 284 91 47 neni-

737 320 98 50 pe
786 320 98 50 in
834 320 130 50 eius
916 320 195 50 proprium
1062 320 179 50 dicendi
1176 320 81 50 mo-

740 357 124 49 dum,
817 357 78 49 &
848 357 93 49 in
895 357 155 49 partem
1003 357 93 49 in
1050 357 93 49 se
1081 357 171 49 continen-

745 397 97 49 tem
801 397 125 49 huius
883 397 180 49 scientiae
1022 397 208 49 propositum.
1174 397 83 49 sunt

742 444 128 46 ergo
822 444 128 46 duae
902 444 160 46 magnae
1013 444 176 46 partes,
1125 444 128 46 quarum

740 482 92 41 vna
792 482 78 41 in
831 482 105 41 tres
897 482 183 41 diuiditur,
1041 482 65 41 &
1067 482 92 41 sic
1119 482 118 41 erunt
1185 482 65 41 par

741 516 97 38 tes
796 516 124 38 huius
879 516 179 38 scientiae
1017 516 166 38 quatuor,

784 548 105 51 Sed,
849 548 105 51 quia
915 548 105 51 haec
980 548 157 51 scientia
1098 548 131 51 quoque
1176 548 79 51 stu-

734 589 97 52 det
790 589 194 52 respondere
942 589 139 52 contra
1040 589 194 52 auferentes
1179 589 69 52 spe

736 628 212 51 culationem,
906 628 71 51 &
934 628 170 51 negantes
1061 628 113 51 eius
1118 628 127 51 princi-

739 675 103 41 pia,
804 675 103 41 ideo
868 675 103 41 haec
933 675 103 41 pars
998 675 116 41 erit,
1075 675 129 41 veluti
1153 675 103 41 quinta

746 709 105 44 pars
812 709 118 44 eius.
890 709 92 44 Et,
943 709 105 44 quia
1009 709 144 44 tractat
1114 709 79 44 de
1140 709 105 44 parti-

741 747 108 39 bus
802 747 170 39 entium,
926 747 154 39 quorum
1034 747 108 39 vna
1096 747 124 39 eius
1157 747 93 39 pars

740 789 91 44 est
792 789 78 44 de
831 789 143 44 entibus
935 789 221 44 rationalibus,
1116 789 104 44 ideo
1168 789 91 44 opor-

737 819 117 51 tuit
811 819 103 51 eam
869 819 176 51 tractare
1001 819 132 51 etiam
1090 819 88 51 de
1119 819 132 51 princi-

734 860 125 53 piis
813 860 141 53 huius
907 860 172 53 generis
1032 860 172 53 entium,
1157 860 78 53 &
1173 860 78 53 de-

740 889 141 49 struere
843 889 128 49 falsas
933 889 193 49 sententias,
1087 889 103 49 quae
1151 889 77 49 de
1190 889 90 49 eo,

738 936 130 42 dictae
829 936 117 42 sunt.
907 936 91 42 Et,
959 936 104 42 quia
1025 936 195 42 Aristoteles
1168 936 78 42 tra-

733 976 153 42 ctauit
840 976 92 42 de
885 976 107 42 his
947 976 214 42 generibus,
1115 976 92 42 in
1145 976 107 42 eorum

732 1013 163 46 doctrina
855 1013 136 46 elegit
950 1013 149 46 ordinem
1058 1013 163 46 caeteris
1167 1013 81 46 prae

738 1052 221 54 stantiorem.
915 1052 74 54 &
944 1052 176 54 incoepit
1077 1052 74 54 a
1106 1052 132 54 primo
1179 1052 74 54 li-

729 1092 120 46 bro,
804 1092 105 46 cui
864 1092 165 46 titulus
984 1092 105 46 est
1045 1092 75 46 A
1075 1092 165 46 paruum,
1180 1092 75 46 vbi

737 1132 199 42 notificauit
896 1132 132 42 quanta
988 1132 93 42 sit
1041 1132 212 42 difficultas,
1213 1132 66 42 &

739 1173 165 46 facilitas,
869 1173 94 46 quae
928 1173 71 46 in
963 1173 82 46 hac
1010 1173 141 46 scientia
1116 1173 165 46 reperitur:

740 1207 66 56 &
766 1207 106 56 quod
833 1207 93 56 id,
886 1207 106 56 quod
952 1207 80 56 ex
992 1207 80 56 ea
1032 1207 159 56 cognitum
1151 1207 106 56 est,
1217 1207 66 56 &

736 1248 88 42 si
780 1248 133 42 parum
869 1248 118 42 sit,
943 1248 133 42 tamen
1031 1248 88 42 si
1060 1248 192 42 accumuletur

730 1292 148 37 totum,
834 1292 118 37 erit
908 1292 104 37 res
967 1292 177 37 alicuius
1085 1292 148 37 momenti-

780 1327 89 50 Et
825 1327 104 50 cum
884 1327 224 50 profesfores
1063 1327 134 50 huius
1138 1327 119 50 scien-

736 1364 116 59 tiae
808 1364 173 59 cogantur
938 1364 159 59 credere
1039 1364 217 59 conteniplatio

732 1405 104 37 nem
792 1405 89 37 dc
836 1405 149 37 causis
940 1405 119 37 esse
1015 1405 179 37 finitam,
1149 1405 104 37 cum
1193 1405 60 37 de

730 1444 159 51 entibus
845 1444 115 51 hae,
917 1444 260 51 inuestigentur,
1133 1444 115 51 ideo
1205 1444 87 51 in

733 1481 108 53 illo
800 1481 121 53 libro
881 1481 162 53 probauit
1002 1481 108 53 post
1056 1481 202 53 praefationem,

733 1518 204 57 praedictam
894 1518 146 57 causas
996 1518 117 57 esse
1069 1518 175 57 finitas.
1185 1518 73 57 mox

732 1557 88 45 in
776 1557 132 45 calce
864 1557 117 45 eius
937 1557 219 45 concludendo
1098 1557 161 45 notifica-

734 1598 98 46 uit
790 1598 112 46 quae
860 1598 98 46 nam
916 1598 98 46 sit
972 1598 182 46 potissima
1099 1598 154 46 causarum,

732 1639 93 39 ob
778 1639 124 39 quam
855 1639 185 39 accidunt
994 1639 170 39 ertores
1118 1639 93 39 in
1149 1639 108 39 rebus

732 1677 261 51 speculabilibus,
952 1677 69 51 &
980 1677 193 51 praesertim
1131 1677 83 51 in
1159 1677 96 51 ipsis

730 1719 161 42 causis:
848 1719 73 42 &
877 1719 103 42 est
936 1719 191 42 videlicet
1082 1719 117 42 ipsa
1141 1719 117 42 educa-

725 1755 103 52 tio
784 1755 88 52 in
828 1755 147 52 falsis
931 1755 221 52 opinionibus
1093 1755 162 52 impositis

733 1805 121 29 eis,
808 1805 91 29 ac
854 1805 91 29 si
899 1805 151 29 essent
1005 1805 151 29 veluti
1110 1805 106 29 lex
1155 1805 106 29 rerum

714 1833 251 57 speculabilium.
