1475 2066
296 164 315 39 rMAE22HAE

205 197 160 51 Cumque
317 197 256 51 consyderatio
525 197 96 51 de
573 197 160 51 causis
669 197 64 51 ex

214 243 167 40 postulet
339 243 208 40 praenoscere
506 243 111 40 quot
575 243 111 40 sint
631 243 97 40 prima

225 274 145 57 illarum
331 274 145 57 genera,
436 274 132 57 quidue
529 274 79 57 de
568 274 93 57 eis
608 274 119 57 tradunt

217 313 159 51 priores,
336 313 106 51 ideo
402 313 80 51 in
442 313 172 51 dictione,
575 313 93 51 cui
615 313 119 51 ascribi

221 363 104 42 tur
281 363 134 42 lstra
370 363 134 42 Aleph
460 363 149 42 maior,
549 363 179 42 commemorat

219 397 121 45 quid
294 397 91 45 de
340 397 151 45 causis
445 397 166 45 quatuor
551 397 181 45 cognouerit

223 437 214 48 Antiquitas:
394 437 214 48 ostenditque
564 437 128 48 harum
636 437 85 48 gene

225 471 70 54 ra
260 471 93 54 esse
318 471 139 54 quaruor,
423 471 139 54 asserens
527 471 105 54 quod,
597 471 70 54 si
620 471 105 54 perspe-

222 510 86 43 cta
271 510 135 43 fuerint
369 510 135 43 aliorum
468 510 111 43 dicta
542 510 74 43 de
578 510 135 43 causis,
665 510 62 43 iun

220 547 182 46 dicabitur
360 547 126 46 eadem
444 547 112 46 ipsa
514 547 154 46 quatuor
612 547 112 46 causa-

215 590 103 51 rum
274 590 148 51 genera
378 590 177 51 innuere.
511 590 148 51 Deinde
599 590 133 51 illorum

226 628 147 46 rationes
336 628 74 46 de
373 628 110 46 rerum
447 628 184 46 naturalium,
582 628 147 46 diuinarun-

223 663 96 42 que
278 663 138 42 causis
375 663 152 42 affert,
485 663 69 42 &
513 663 124 42 earum
581 663 152 42 nonnullas

222 701 166 47 destruit,
350 701 179 47 praesertim
491 701 153 47 illorum,
606 701 90 47 qui
644 701 77 47 tra-

224 741 107 46 ctant
295 741 130 46 diuina,
390 741 83 46 non
438 741 107 46 autem
509 741 83 46 qui
556 741 142 46 tractant
651 741 71 46 natu

218 788 129 36 ralia,
309 788 129 36 quorum
399 788 181 36 confutatio
542 788 142 36 attinet
645 788 78 36 ad
671 788 52 36 no

219 819 131 54 gotium
311 819 79 54 de
350 819 144 54 Natura.
455 819 105 54 quos
521 819 118 54 autem
600 819 79 54 ex
626 819 92 54 illi-

215 860 186 47 redarguit
358 860 114 47 sunt
429 860 100 47 qui
486 860 186 47 principia
615 860 114 47 ponunt

217 898 141 40 entia
311 898 235 40 mathematica
499 898 78 40 &
530 898 188 40 numeros,
656 898 78 40 nec

219 936 129 42 ipsos
305 936 143 42 quidem
405 936 201 42 tractantes
563 936 143 42 diuina
649 936 86 42 ada-

222 972 132 53 mussim
314 972 92 53 ibi
367 972 171 53 refellit,
499 972 92 53 sed
552 972 79 53 ex
591 972 132 53 parte.
670 972 53 53 re

222 1011 121 56 liquum
306 1011 109 56 autem
379 1011 205 56 redargutionis
548 1011 133 56 complet
644 1011 72 56 in
669 1011 60 56 di-

220 1054 156 47 ctionibus
340 1054 132 47 duabus,
436 1054 96 47 quae
496 1054 96 47 hanc
556 1054 108 47 ipsam
616 1054 108 47 sequum,

215 1097 112 41 tur,
285 1097 196 41 descriptis
439 1097 98 41 per
494 1097 154 41 literam
606 1097 140 41 Lamed,
690 1097 42 41 &

219 1127 122 45 Mem.
295 1127 122 45 Qnam
372 1127 122 45 vero
448 1127 183 45 cuiusque
570 1127 153 45 examinis

224 1169 133 42 scientiam
326 1169 123 42 perfecte
418 1169 153 42 assequemur,
540 1169 102 42 quando
612 1169 92 42 primo
663 1169 51 42 sci

216 1208 167 50 uerimus,
342 1208 195 50 probabiles
495 1208 181 50 sermones,
634 1208 98 50 qui
690 1208 70 50 &

218 1249 155 42 astruunt,
337 1249 60 42 &
361 1249 167 42 destruunt,
492 1249 72 42 eo
528 1249 95 42 quod
588 1249 95 42 nisi
636 1249 95 42 praedu

220 1284 114 41 bitatum
302 1284 72 41 sit
344 1284 62 41 de
375 1284 72 41 re,
416 1284 145 41 nequaquam,
530 1284 104 41 quitum
603 1284 62 41 de
623 1284 104 41 scientia

221 1326 81 49 rei
268 1326 92 49 post
325 1326 92 49 eius
383 1326 173 49 ignorantiam
521 1326 173 49 attingitur,
648 1326 69 49 quam

216 1365 82 45 tum
263 1365 70 45 vt
298 1365 70 45 de
333 1365 105 45 eadem
404 1365 164 45 praescitum
533 1365 117 45 fuerit
603 1365 117 45 difudica

217 1405 79 38 ri
256 1405 159 38 poterit,
376 1405 225 38 idcircoiustum
561 1405 106 38 erat
627 1405 79 38 in
654 1405 79 38 ordi

219 1439 83 43 ne
261 1439 181 43 doctrinae
400 1439 153 43 seorsum
511 1439 181 43 dictionem
637 1439 83 43 face

218 1478 87 54 re,
267 1478 87 54 qua
317 1478 112 54 primo
391 1478 136 54 topicis
490 1478 174 54 raoiocinii
614 1478 112 54 singula

221 1517 95 45 huius
285 1517 137 45 scientiae
391 1517 127 45 quaesita
486 1517 180 45 examinaretur:
623 1517 106 45 residuum

223 1557 96 45 vero
283 1557 72 45 in
319 1557 108 45 aliis
392 1557 108 45 huius
464 1557 108 45 libri
536 1557 181 45 dictionibus
669 1557 60 45 ab-

219 1596 151 56 soluere.
332 1596 88 56 hoc
383 1596 126 56 itaque
470 1596 126 56 agitur
558 1596 75 56 in
596 1596 126 56 Tertia
671 1596 63 56 hui

223 1636 88 42 ius
273 1636 113 42 libri
348 1636 150 42 dictione
460 1636 163 42 descripta
585 1636 88 42 per
623 1636 113 42 literam

222 1672 115 42 beth.
299 1672 167 42 Condecens
427 1672 115 42 autem
504 1672 103 42 erat
568 1672 103 42 hanc
619 1672 103 42 dictio

221 1709 80 46 nem
266 1709 171 46 posteriorem
403 1709 91 46 esse
461 1709 137 46 dictione
564 1709 114 46 prima,
644 1709 57 46 &
655 1709 80 46 senta

220 1754 56 48 &
242 1754 123 48 priorem
331 1754 100 48 aliis
398 1754 178 48 dictionibus,
543 1754 89 48 quae
599 1754 78 48 eam
632 1754 89 48 sequum

216 1788 93 55 tur,
275 1788 93 55 quia
333 1788 70 55 in
368 1788 117 55 duabus
449 1788 175 55 dictionibus
589 1788 117 55 primis
659 1788 70 55 etia

217 1828 135 54 topice
312 1828 149 54 tractat
421 1828 95 54 hic
475 1828 203 54 daricausas,
637 1828 68 54 &
651 1828 81 54 nul

855 170 172 35 MA
913 170 229 35 M22EME

783 204 104 39 Sed,
848 204 104 39 quia
913 204 207 39 consyderatio
1081 204 78 39 de
1120 204 129 39 causis
1197 204 65 39 co-

746 237 100 55 git
803 237 214 55 consyderare
974 237 114 55 quot
1046 237 114 55 sint
1117 237 129 55 earum
1189 237 57 55 ge

741 281 101 50 nera
805 281 127 50 prima,
893 281 63 50 &
919 281 101 50 quod
982 281 76 50 de
1020 281 89 50 hoc
1071 281 152 50 dixerint
1172 281 89 50 prio-

746 316 90 50 res
797 316 102 50 ante
861 316 115 50 Aris.
938 316 102 50 ideo
1002 316 154 50 incoepit
1117 316 77 50 in
1156 316 77 50 a.
1181 316 77 50 liba

744 364 95 43 cui
799 364 149 43 titulus
907 364 95 43 est
961 364 68 43 A
988 364 149 43 magnum,
1096 364 189 43 notificare

751 404 113 45 quid
821 404 183 45 attigerit
963 404 155 45 Antiqui
1076 404 85 45 de
1104 404 155 45 generibus

745 437 119 46 cansrum
832 437 140 46 primarum:
939 437 65 46 &,
972 437 108 46 probat
1047 437 76 46 ibi
1090 437 76 46 eas
1134 437 86 46 esse
1187 437 97 46 quae

743 471 117 43 tuor,
821 471 65 43 &
847 471 117 43 ondit
925 471 104 43 quod
990 471 91 43 id,
1041 471 104 43 quod
1106 471 156 43 dixerunt
1210 471 52 43 de

743 510 133 44 causis,
840 510 73 44 si
876 510 109 44 recte
949 510 206 44 consyderetur,
1118 510 85 44 non
1154 510 97 44 trans-

746 556 166 44 greditur
870 556 152 44 quatuor
981 556 152 44 causas.
1091 556 97 44 Mox
1147 556 138 44 affert

744 588 170 52 opiniones
875 588 78 52 de
914 588 131 52 causis
1006 588 144 52 entium:
1110 588 65 52 &
1123 588 131 52 praeser-

746 626 105 41 tim
806 626 196 41 Diuinorum
957 626 271 41 Philosophorum,
1183 626 105 41 non

747 671 102 34 autem
815 671 170 34 Naturalium:
950 671 79 34 nam
996 671 68 34 de
1030 671 79 34 his
1075 671 79 34 iam
1120 671 68 34 in
1143 671 113 34 scientia

752 701 169 43 Naturali
879 701 239 43 determinauit.
1076 701 70 43 &
1104 701 99 43 itj
1146 701 113 43 quidem

749 740 99 54 sunt
811 740 112 54 illi,
885 740 87 54 qui
935 740 124 54 dicunt
1021 740 161 54 principia
1145 740 99 54 esse
1195 740 62 54 ma-

744 788 273 30 thematicalia,
969 788 80 30 &
1001 788 193 30 numeros.
1129 788 129 30 contra

743 819 92 53 hoc
796 819 119 53 tamen
875 819 225 53 aliquantisper
1060 819 132 53 arguit
1139 819 119 53 contra-

746 860 93 46 eos
799 860 80 46 in
839 860 93 46 hoc
892 860 133 46 libro,
985 860 67 46 &
1012 860 160 46 distulit
1119 860 146 46 complemon

745 897 99 40 tum
801 897 169 40 sermonis
928 897 141 40 contra
1027 897 99 40 eos
1084 897 85 40 ad
1126 897 113 40 duos
1182 897 71 40 li-

745 935 131 51 bros,
833 935 102 51 qui
891 935 116 51 sunt
964 935 116 51 post
1036 935 204 51 Duodecimum
1182 935 87 51 (cu-

744 975 86 43 ius
793 975 135 43 Titulus
891 975 86 43 est
940 975 110 43 stera
1014 975 74 43 e)
1050 975 61 43 &
1075 975 98 43 sunt
1124 975 135 43 Fertiusa-

740 1013 180 55 decimus
871 1013 131 55 (qui
953 1013 115 55 est
1018 1013 82 55 M
1051 1013 82 55 &
1067 1013 197 55 Quartusde-

743 1052 137 50 cimus
834 1052 122 50 (qui
910 1052 107 50 est
956 1052 61 50 M.

787 1092 119 51 Verum,
871 1092 96 51 quia
930 1092 96 51 omne
990 1092 155 51 quaesitum
1110 1092 131 51 scibile
1193 1092 72 51 per-

743 1129 114 41 fecte
819 1129 190 41 acquiritur,
971 1129 76 41 si
1009 1129 101 41 quis
1060 1129 202 41 praenotificaue

748 1170 88 44 rit
799 1170 152 44 rationes
913 1170 164 44 topicales
1039 1170 202 44 affirmantes,
1191 1170 63 44 vel

746 1206 195 45 destruenres:
904 1206 85 45 nam
953 1206 73 45 si
990 1206 98 45 quis
1051 1206 85 45 non
1099 1206 159 45 dubitatet
1209 1206 49 45 de

749 1252 123 38 aliqua
835 1252 86 38 re,
884 1252 86 38 non
933 1252 123 38 posset
1019 1252 110 38 scire
1092 1252 135 38 quantum
1178 1252 74 38 fue-

746 1284 90 52 rit
797 1284 167 52 assecutus
926 1284 77 52 de
964 1284 141 52 notitia
1067 1284 103 52 eius
1131 1284 103 52 post
1182 1284 77 52 eius

744 1325 201 50 ignorantiam,
908 1325 113 50 neque
983 1325 138 50 quantum
1083 1325 100 50 erat
1146 1325 100 50 sibi
1196 1325 63 50 oc-

750 1362 117 52 cultum
832 1362 70 52 de
867 1362 128 52 notitia
960 1362 82 52 rei
1007 1362 128 52 antequa
1100 1362 117 52 sciret
1182 1362 93 52 eam:

746 1403 102 39 ideo
810 1403 140 39 putauit
912 1403 115 39 nihil
989 1403 204 39 praestantius
1155 1403 77 39 in
1180 1403 77 39 modo

747 1442 163 51 doctrinae,
875 1442 81 51 qua
922 1442 151 51 declarare
1038 1442 198 51 speculationes
1189 1442 70 51 quae

746 1476 124 55 sitorum
836 1476 102 55 huius
904 1476 158 55 scientiae,
1028 1476 56 55 &
1051 1476 169 55 inuestigare
1175 1476 90 55 ratio-

746 1516 120 54 nibus
825 1516 146 54 topicis
932 1516 66 54 &
958 1516 213 54 probabilibus
1131 1516 80 54 de
1158 1516 106 54 singu-

749 1559 82 47 lis
796 1559 141 47 quasitis
902 1559 94 47 eius
961 1559 141 47 seorsum,
1067 1559 59 47 &
1090 1559 141 47 separata
1184 1559 71 47 tra-

743 1596 176 49 ctatione.
879 1596 95 49 mox
933 1596 149 49 incipit
1042 1596 109 49 post
1110 1596 95 49 hoc
1164 1596 81 49 in
1191 1596 68 49 re-

747 1633 130 41 liquis
838 1633 130 41 libris
929 1633 117 41 huius
1007 1633 130 41 operis
1098 1633 143 41 soluere
1189 1633 65 41 du-

748 1673 90 42 bia,
804 1673 90 42 quae
860 1673 135 42 accidunt
961 1673 67 42 in
995 1673 79 42 hac
1040 1673 146 42 scientia:
1152 1673 56 42 &
1174 1673 67 42 id
1197 1673 67 42 egis

743 1715 86 39 in
786 1715 143 39 tertio
886 1715 129 39 libro
972 1715 129 39 huius
1058 1715 143 39 operis
1144 1715 115 39 (cuius

752 1748 126 40 titulus
843 1748 80 40 est
889 1748 114 40 litera
968 1748 91 40 per.
1025 1748 68 40 Is
1060 1748 103 40 autem
1128 1748 126 40 tertius
1208 1748 57 40 de-

752 1788 93 49 bet
805 1788 120 49 sequi
885 1788 147 49 primum,
992 1788 67 49 &
1019 1788 120 49 sedm,
1099 1788 67 49 &
1112 1788 147 49 praecede-

747 1829 80 53 re
787 1829 174 53 reliquos.
921 1829 161 53 sequitur
1041 1829 121 53 autem
1122 1829 107 53 post
1175 1829 94 53 duos.
