1475 2066
341 163 122 39 r
389 163 146 39 BA
438 163 195 39 E222AE

224 196 170 52 Cumque:
347 196 247 52 explanauerit
547 196 108 52 ens
609 196 108 52 per
655 196 93 52 acci

235 237 122 45 dens,
317 237 68 45 &
344 237 95 45 ens
398 237 81 45 in
438 237 122 45 anima
519 237 108 45 esse
587 237 122 45 entia
654 237 95 45 imper

227 272 127 42 fecta,
316 272 63 42 &
341 272 101 42 quod
405 272 165 42 scrutandi
532 272 152 42 intentio
646 272 89 42 est
684 272 63 42 de-

230 322 125 32 ente
308 322 125 32 vero
386 322 140 32 extra
480 322 156 32 animam
573 322 172 32 existente

235 353 98 49 mox
291 353 84 49 ad
333 353 126 49 huius
416 353 126 49 entis
500 353 139 49 examen
584 353 167 49 accingitur

233 393 100 43 Et,
290 393 114 43 quia
361 393 128 43 huius
446 393 128 43 entis
531 393 199 43 principium
688 393 100 43 est

229 429 218 42 substantia,
404 429 116 42 ideo
476 429 160 42 conatur
578 429 174 42 ostendere,

234 469 105 43 quae
300 469 105 43 sint
365 469 171 43 principia
497 469 211 43 substantiae,
668 469 66 43 &
681 469 66 43 pri

238 517 80 41 mo
278 517 80 41 de
318 517 188 41 principiis
465 517 214 41 substantiae,
640 517 107 41 quae
693 517 54 41 ge

234 545 200 41 nerationem
391 545 285 41 corruptionemque:
619 545 128 41 patitur

228 582 173 52 docendo
354 582 141 52 horum
448 582 267 52 principiaesse
652 582 94 52 maum

233 620 69 46 &
261 620 153 46 formam:
372 620 139 46 formam
469 620 125 46 autem
553 620 111 46 esse
608 620 139 46 substan-

234 668 111 37 tiam
303 668 97 37 via
359 668 222 37 definitionis
539 668 180 37 patefieri
664 668 83 37 cen-

235 700 116 51 suit,
312 700 181 51 videlicet,
454 700 103 51 quia
519 700 155 51 apparuit
622 700 129 51 sensibsi

225 740 110 46 lium
294 740 221 46 definitiones
473 740 152 46 inuuere
584 740 96 46 id,
639 740 110 46 quod
694 740 55 46 ip

237 780 112 44 sorum
311 780 187 44 sensibilium
460 780 174 44 substantia
597 780 100 44 est.
659 780 87 44 cum
697 780 62 44 igi

236 815 97 43 tur
292 815 125 43 ipsae
375 815 139 43 eaedem
472 815 222 43 definitiones
639 815 111 43 formas

233 858 198 40 insinuent,
388 858 212 40 conuincitur
557 858 71 40 &
586 858 141 40 formas
670 858 85 40 esse

233 901 218 37 substantiam:
411 901 164 37 quodque:
534 901 191 37 eiuscemodi
670 901 82 37 for-

236 933 108 43 mae,
303 933 67 43 &
330 933 94 43 id,
384 933 121 43 cuius
465 933 94 43 hae
518 933 135 43 formae
613 933 121 43 sunt,
680 933 81 43 vnum

243 972 69 38 &
271 972 111 38 idem
340 972 181 38 existunt,
479 972 69 38 &
507 972 111 38 quod
576 972 167 38 secundum
688 972 69 38 hoc

243 1013 98 38 non
299 1013 126 38 erunt
383 1013 196 38 accidentia
537 1013 210 38 substantia,
691 1013 70 38 nec

243 1046 110 52 opus
312 1046 110 52 esse
381 1046 178 52 separatas
518 1046 151 52 formas,
628 1046 110 52 quae
682 1046 69 52 sub

237 1084 157 46 stantiae
355 1084 105 46 sint
420 1084 210 46 sensibilium,
591 1084 131 46 quaeue
669 1084 92 46 scien

238 1125 122 54 tiam
314 1125 137 54 rerum
405 1125 197 54 conferant
557 1125 213 54 effingere.

237 1166 186 51 Ostendit
376 1166 171 51 insuper
500 1166 217 51 eiuscemodi
655 1166 93 51 gene

245 1204 142 51 rabiles
348 1204 219 51 corruptibiles
529 1204 116 51 quaes
593 1204 168 51 substantias

237 1244 157 45 generari
355 1244 66 45 a
381 1244 183 45 substantia
525 1244 210 45 corruptibili
682 1244 66 45 si-

239 1282 81 48 bi
279 1282 135 48 specie
373 1282 67 48 &
400 1282 135 48 genere
494 1282 162 48 vniuoca,
615 1282 108 48 quae
683 1282 67 48 &
696 1282 54 48 re

234 1319 156 48 generas
347 1319 113 48 est,
418 1319 128 48 atque
503 1319 213 48 corrumpens:
659 1319 99 48 ipsum

241 1367 114 46 vero
312 1367 199 46 generabile
468 1367 71 46 &
497 1367 228 46 corruptibile
668 1367 85 46 con-

246 1397 137 49 pactum
342 1397 109 49 esse
410 1397 82 49 ex
451 1397 150 49 materia
561 1397 68 49 &
588 1397 137 49 forma:
670 1397 82 49 for-

242 1444 94 43 mas
295 1444 121 43 autem
376 1444 94 43 nec
430 1444 215 43 generationi,
605 1444 94 43 nec
645 1444 108 43 corru-

248 1476 120 46 ptioni
332 1476 96 46 esse
392 1476 156 46 obnoxias,
512 1476 96 46 nisi
572 1476 144 46 secundum
668 1476 84 46 acci-

238 1513 127 42 dens.
323 1513 99 42 quo
379 1513 226 42 conuincitur,
563 1513 113 42 quod
620 1513 141 42 Platonis

242 1555 155 51 formae,
355 1555 155 51 tametsi
467 1555 211 51 extiterint,
636 1555 85 51 ad
664 1555 85 51 gene

247 1589 158 54 rationem
365 1589 119 54 tamen
445 1589 132 54 nullam
537 1589 171 54 praestent
656 1589 105 54 opem.-

243 1629 173 45 Ostendit
372 1629 187 45 praeterea
516 1629 216 45 vniuersalia
689 1629 101 45 non

245 1671 107 45 esse
311 1671 200 45 substantias
471 1671 187 45 existentes
618 1671 120 45 extra
684 1671 67 45 ani

245 1712 107 47 mam,
312 1712 121 47 ficet
392 1712 80 47 de
432 1712 201 47 substantiis
580 1712 174 47 significent

237 1745 152 41 formas
343 1745 122 41 vero
419 1745 122 41 esse
495 1745 243 41 substantias,
678 1745 76 41 non

241 1786 125 53 quod
320 1786 203 53 compactae
476 1786 125 53 sint
554 1786 94 53 ex
585 1786 172 53 elemento,

246 1824 101 43 sed
303 1824 144 43 tertia
404 1824 202 43 substantia
563 1824 202 43 censentur.
722 1824 72 43 &

847 163 309 32 MAM22M2

811 197 99 53 Et,
867 197 99 53 qui
924 197 70 53 a
952 197 99 53 non
1008 197 155 53 latebat
1121 197 99 53 cum
1177 197 99 53 ens
1220 197 70 53 per

763 240 192 35 accidens,
911 240 74 35 &
941 240 104 35 ens
1000 240 89 35 in
1044 240 133 35 mente
1133 240 133 35 inter
1207 240 89 35 sese

771 276 124 47 opponi,
861 276 56 47 &
883 276 90 47 quod
940 276 90 47 haec
996 276 135 47 scientia
1097 276 135 47 intendit
1188 276 101 47 inuesti

767 317 107 47 gare
833 317 80 47 de
874 317 107 47 vero
940 317 120 47 ente,
1021 317 107 47 quod
1087 317 94 47 est
1141 317 120 47 extra
1208 317 80 47 ani-

773 349 116 45 mam,
846 349 116 45 ideo
919 349 174 45 incoepit
1050 349 116 45 post
1122 349 102 45 hoc
1180 349 131 45 inqui

766 390 110 49 rere
835 390 83 49 de
877 390 97 49 hoc
932 390 124 49 ente.
1015 390 110 49 Sed,
1084 390 110 49 quia
1139 390 152 49 substatia

770 436 95 44 est
825 436 189 44 principium
973 436 122 44 huius
1054 436 135 44 entis,
1149 436 108 44 ideo
1203 436 81 44 inco

768 468 94 52 pit
821 468 216 52 inuestigare,
997 468 108 52 quae
1064 468 94 52 nam
1118 468 108 52 sint
1172 468 121 52 princi-

767 504 90 53 pia
818 504 205 53 substantiae,
985 504 64 53 &
1011 504 90 53 sic
1062 504 141 53 incipit
1165 504 115 53 primo
1229 504 64 53 tra

770 542 120 44 ctare
849 542 80 44 de
889 542 186 44 principiis
1036 542 199 44 substantiae
1182 542 106 44 genera

775 581 112 52 bilis
849 581 62 52 &
874 581 224 52 corruptibilis,
1061 581 62 52 &
1086 581 149 52 probauit
1197 581 75 52 ea
1222 581 75 52 esse

774 620 133 38 formam
867 620 67 38 &
894 620 173 38 materiam:
1027 620 67 38 &
1053 620 80 38 ti
1093 620 133 38 adidit
1186 620 107 38 viam
1240 620 53 38 ad

772 661 159 37 sciendum,
894 661 98 37 quod
955 661 122 37 formae
1041 661 98 37 sint
1102 661 183 37 substantiae
1236 661 61 37 ex-

770 695 104 53 ipsis
840 695 220 53 definitionibus,
1025 695 81 53 hoc
1071 695 81 53 est
1117 695 104 53 quod,
1187 695 81 53 cum
1222 695 69 53 ipse

773 734 168 49 probauerit
905 734 96 49 quod
965 734 192 49 definitiones
1122 734 144 49 indicent
1218 734 72 49 ali-

772 772 112 53 quid
842 772 238 53 substantiarum
1038 772 224 53 sensibilium,
1205 772 84 53 quod

772 812 84 54 est
820 812 131 54 illarum
915 812 179 54 substantia,
1058 812 60 54 &
1082 812 95 54 quod
1130 812 167 54 significant,

781 851 133 47 formas,
877 851 157 47 concludit
998 851 72 47 ex
1034 851 96 47 hoc,
1094 851 96 47 quod
1154 851 108 47 ipsae
1215 851 72 47 for-

780 887 86 53 mae
829 887 98 53 sunt
890 887 197 53 substantiae,
1050 887 62 53 &
1075 887 98 53 quod
1136 887 123 53 ipsae,
1223 887 62 53 &
1235 887 49 53 id

779 926 106 49 cuius
850 926 94 49 sunt
909 926 129 49 formae,
1003 926 94 49 sunt
1062 926 94 49 idem
1120 926 71 49 in
1156 926 82 49 se,
1203 926 59 49 &
1214 926 71 49 quod

778 967 136 50 propter
876 967 86 50 hoc
926 967 173 50 accidentia
1061 967 86 50 non
1110 967 99 50 sunt
1160 967 123 50 substan-

773 1013 105 44 tia,
839 1013 66 44 &
865 1013 105 44 quod
930 1013 92 44 non
983 1013 144 44 oportet
1088 1013 92 44 pro
1127 1013 158 44 cognitiom-

776 1052 128 39 rerum
861 1052 143 39 ponere
961 1052 143 39 formas
1061 1052 200 39 separatas,
1203 1052 86 39 quae

780 1081 80 48 non
825 1081 91 48 sint
882 1081 114 48 formae
961 1081 170 48 sensibiles,
1098 1081 125 48 quoniam
1189 1081 80 48 id,
1223 1081 68 48 quod

771 1124 186 50 significat
917 1124 173 50 definitio
1050 1124 133 50 rerum,
1143 1124 106 50 sunt
1196 1124 93 50 ipsae

768 1158 107 44 res.
834 1158 186 44 Ostenditur
981 1158 120 44 etiam
1061 1158 107 44 hanc
1114 1158 173 44 substantiam

775 1198 227 53 generabilem
957 1198 76 53 &
987 1198 258 53 corruptibilem
1184 1198 106 53 gigni

774 1236 84 54 ex
816 1236 195 54 substantia
969 1236 195 54 generabili
1122 1236 70 54 &
1136 1236 153 54 corrupti-

778 1279 99 51 bili
840 1279 99 51 sibi
901 1279 124 51 simili
988 1279 124 51 specie
1075 1279 62 51 &
1099 1279 136 51 genere:
1198 1279 62 51 &
1211 1279 74 51 quod

775 1316 206 50 generabile
937 1316 74 50 &
967 1316 236 50 corruptibile
1158 1316 103 50 est
1203 1316 88 50 quid

772 1353 186 58 aggregatum
918 1353 80 58 ex
958 1353 120 58 forma
1038 1353 67 58 &
1065 1353 107 58 mam:
1131 1353 67 58 &
1158 1353 107 58 quod
1211 1353 80 58 for-

774 1394 101 53 mae
831 1394 101 53 non
889 1394 115 53 sunt
960 1394 216 53 generabiles
1133 1394 72 53 &
1147 1394 144 53 corrupti

772 1430 116 54 biles,
854 1430 93 54 nisi
912 1430 81 54 per
958 1430 151 54 accidens:
1074 1430 58 54 &
1098 1430 93 54 quod
1156 1430 128 54 propter
1237 1430 58 54 hoc

768 1476 119 38 ideae:
851 1476 154 38 Platonis,
970 1476 71 38 si
1006 1476 178 38 reperiuntur
1148 1476 71 38 in
1184 1476 83 38 re,
1232 1476 83 38 non

772 1510 112 52 sunt
842 1510 210 52 necessariae
1010 1510 84 52 ad
1053 1510 238 52 generationem.
1249 1510 70 52 &

769 1555 174 46 intelligo
902 1555 94 46 per
956 1555 120 46 ideas
1036 1555 120 46 illas
1116 1555 134 46 formas
1196 1555 94 46 sepa-

774 1596 128 42 ratas,
864 1596 103 42 quas
928 1596 116 42 ponit
1005 1596 128 42 Plato.
1095 1596 167 42 Praeterea
1211 1596 77 42 pro-

780 1628 71 45 bat
820 1628 101 45 Arist.
891 1628 81 45 quod
942 1628 152 45 vniversalia
1064 1628 71 45 non
1104 1628 81 45 sunt
1145 1628 142 45 substantiae,

778 1672 113 46 extra
854 1672 126 46 animam
942 1672 188 46 existentes,
1093 1672 113 46 licet
1155 1672 126 46 signifi-

779 1704 94 53 cent
838 1704 189 53 substantias:
992 1704 106 53 etiam
1063 1704 142 53 dicimus,
1169 1704 94 53 quod
1216 1704 71 53 for-

776 1742 99 53 mae
832 1742 113 53 sunt
903 1742 226 53 substantiae,
1086 1742 99 53 non
1143 1742 113 53 quia
1199 1742 85 53 sint

776 1781 186 46 elementum,
922 1781 119 46 neque
1001 1781 106 46 quia
1068 1781 159 46 constent
1187 1781 80 46 ex
1213 1781 80 46 ele-

775 1821 130 46 mento,
866 1821 91 46 sed
918 1821 104 46 quia
983 1821 104 46 sint
1047 1821 182 46 substantia
1177 1821 104 46 tertia
