1475 2066
166 148 196 54 A
244 148 275 54 EEr
401 148 235 54 or
480 148 235 54 p2rs

201 220 464 46 ME*Aprixsic
541 220 155 46 oVM

278 286 313 36 22EEEE22

275 372 149 38 cum
360 372 192 38 Auer.
467 372 171 38 Commen

289 452 260 39 SVMMAE
445 452 182 39 E2DE2

211 488 114 42 sicbtum
293 488 93 42 Prima
356 488 104 42 agitur
428 488 62 42 de
459 488 145 42 substantia
563 488 124 42 Sensibili-

201 523 77 39 In
240 523 142 39 Secunda
343 523 77 39 de
381 523 180 39 substantia
510 523 142 39 Immobili.

206 554 69 41 in
240 554 81 41 Ter
286 554 81 41 tia
332 554 69 41 de
367 554 138 41 Vniuersi
459 554 127 41 bonitate,

234 620 410 39 SVMMAEDM2MEE

200 661 73 46 De
236 661 171 46 substantia
371 661 208 46 speculationem
542 661 98 46 esse
591 661 122 46 oportere

242 697 79 49 ex
281 697 184 49 Antiquorum
426 697 118 49 etiam
492 697 184 49 opinionibus,

385 740 172 46 Cap.
471 740 65 46 2

402 812 232 47 Deculatio
580 812 107 47 de
616 812 107 47 sub-

404 852 173 54 stantia
530 852 125 54 est.
593 852 125 54 siqui-

411 900 117 47 dem
461 900 251 47 substantiarum

414 940 204 55 principia,
575 940 73 55 &
590 940 131 55 causae

383 989 240 45 quaeruntur.

259 1021 231 64 Consyderatio
446 1021 145 64 quidem
548 1021 87 64 de
576 1021 145 64 substan-

193 1076 94 63 tia
246 1076 108 63 est.
314 1076 162 63 quaesita
435 1076 108 63 enim
503 1076 108 63 sunt
570 1076 135 63 causae
665 1076 67 63 &

194 1117 190 62 principia
326 1117 205 62 substantiae.

371 1189 110 55 lxit
440 1189 193 55 Alexander.
591 1189 110 55 Quia
646 1189 69 55 sua

377 1231 158 40 intentio
496 1231 79 40 in
535 1231 92 40 hac
588 1231 106 40 arte
641 1231 79 40 fuit

374 1269 109 54 loqui
446 1269 72 54 de
483 1269 97 54 ente
543 1269 72 54 in
579 1269 72 54 eo
615 1269 97 54 quod
664 1269 60 54 est

369 1308 110 50 ens,
438 1308 69 50 &
466 1308 83 50 de
507 1308 138 50 causis
603 1308 69 50 &
617 1308 96 50 prin-

206 1356 146 37 cipiis
308 1356 131 37 eius,
396 1356 102 37 cum
454 1356 131 37 prima
527 1356 189 37 Philosophia

207 1389 80 37 de
247 1389 119 37 istis
326 1389 133 37 duobus
419 1389 199 37 consyderet,
578 1389 66 37 &
605 1389 93 37 iam
645 1389 66 37 de-

204 1428 139 38 claratum
309 1428 93 38 est,
367 1428 93 38 quod
424 1428 162 38 substantia
540 1428 174 38 principaliter

207 1461 92 45 est
259 1461 105 45 ens,
325 1461 65 45 &
351 1461 92 45 est
403 1461 118 45 causa
482 1461 196 45 caeterorum,
625 1461 92 45 incoe

209 1501 93 49 pit
262 1501 79 49 in
301 1501 93 49 hoc
354 1501 159 49 tractatu
474 1501 159 49 quaerere
593 1501 79 49 de
619 1501 93 49 prin-

206 1539 122 54 cipiis
291 1539 122 54 entis,
376 1539 97 54 quod
437 1539 85 54 est
486 1539 183 54 substantia.
632 1539 73 54 Et
656 1539 61 54 di-

199 1581 109 37 xit:
267 1581 82 37 Et
308 1581 163 37 intendit
431 1581 95 37 per
485 1581 109 37 hoc,
554 1581 109 37 quod
608 1581 109 37 dixit:

189 1613 204 50 consyderatio
355 1613 89 50 est
406 1613 76 50 de
444 1613 178 50 substantia
584 1613 64 50 ,
609 1613 76 50 i.
635 1613 76 50 quod

200 1656 228 49 cunsyderatio
385 1656 85 49 in
427 1656 100 49 hoc
484 1656 171 49 tractatu
612 1656 100 49 est
655 1656 57 49 de

209 1694 187 52 substantia,
358 1694 75 52 i.
395 1694 75 52 de
433 1694 174 52 principiis
570 1694 112 52 eius.
644 1694 75 52 Et
669 1694 50 52 po

204 1732 99 52 test
266 1732 174 52 intelligi,
402 1732 99 52 quod
464 1732 198 52 consyderatio
625 1732 74 52 in
650 1732 62 52 hac

207 1772 158 51 scientia
326 1772 224 51 principaliter
510 1772 92 51 est
563 1772 79 51 de
589 1772 119 51 substan

200 1808 98 51 tia,
261 1808 61 51 &
286 1808 74 51 de
323 1808 172 51 principiis
458 1808 111 51 eius:
532 1808 86 51 sed
581 1808 123 51 melius
655 1808 61 51 est

745 133 137 53 dicere,
844 133 100 53 quod
906 133 149 53 incoepit
1018 133 162 53 tractatum
1143 133 112 53 istum
1205 133 62 53 cum

732 175 170 51 intentione
866 175 109 51 eius.
939 175 73 51 Et
975 175 146 51 secundum
1085 175 85 51 hoc
1121 175 146 51 intelligen

734 217 102 49 dum
793 217 102 49 est
851 217 233 49 substantiam.
1040 217 219 49 generabilem
1215 217 73 49 &

730 254 213 50 corruptibilem,
908 254 59 50 &
932 254 154 50 aeternam,
1050 254 59 50 &
1074 254 95 50 quod
1133 254 83 50 sua
1169 254 83 50 inten

732 292 90 47 tio
783 292 77 47 in
822 292 90 47 hoc
873 292 154 47 tractatu
989 292 218 47 principaliter
1168 292 90 47 est
1207 292 51 47 lo

732 329 90 43 qui
783 329 77 43 de
822 329 179 43 principiis
963 329 192 43 substantiae
1116 329 166 43 aeternae:

738 372 72 39 de
774 372 168 39 principiis
906 372 108 39 autem
978 372 180 39 substantiae
1111 372 144 39 sensibilis

736 405 219 53 generabilis
912 405 73 53 &
941 405 248 53 corruptibilis
1131 405 131 53 locutus

743 445 95 47 est
798 445 82 47 in
839 445 163 47 tractatu
961 445 163 47 Secundo,
1084 445 68 47 &
1111 445 150 47 Tertio.
1206 445 41 47 &

736 483 92 47 est
789 483 185 47 declaratum
934 483 92 47 est
987 483 79 47 in
1026 483 211 47 Naturalibus,
1185 483 66 47 sed

731 524 129 38 alio
811 524 145 38 modo.
908 524 258 38 Consyderatio
1117 524 129 38 enim
1182 524 64 38 de

732 565 167 45 principiis
863 565 107 45 eius,
935 565 71 45 in
970 565 71 45 eo
1006 565 95 45 quod
1065 565 83 45 est
1101 565 155 45 substantia,

735 605 109 45 alia
803 605 95 45 est
858 605 68 45 a
885 605 245 45 consyderatione
1090 605 82 45 de
1130 605 109 45 eis,
1185 605 68 45 in-

736 639 153 44 quantum
847 639 111 44 sunt
917 639 139 44 causae
1001 639 251 44 transmutationis.

733 678 76 51 &
763 678 122 51 ideo
840 678 183 51 incoepit
977 678 137 51 primo
1053 678 199 51 consyderare

713 719 87 52 de
757 719 204 52 principiis
917 719 204 52 substaniae
1063 719 204 52 generabilis,

729 765 74 41 &
759 765 267 41 corruptibilis,
982 765 74 41 &
1011 765 149 41 facere
1100 765 149 41 rememora

733 796 136 39 tionem
828 796 81 39 de
869 796 109 39 hoc,
937 796 109 39 quod
1005 796 190 39 declaratum
1154 796 95 39 est
1195 796 54 39 in

735 837 214 37 Naturalibus,
908 837 67 37 &
935 837 80 37 in
975 837 160 37 tractatu
1082 837 160 37 praecedent

736 875 129 40 hunc.
822 875 86 40 Et
865 875 115 40 ideo
937 875 115 40 iste
1009 875 187 40 tractatus
1138 875 101 40 videt

733 912 120 42 diuidi
817 912 72 42 in
853 912 84 42 duo
902 912 145 42 scilicet
1010 912 72 42 in
1034 912 205 42 consyderationem

735 958 78 48 de
774 958 183 48 principiis
918 958 209 48 substantiae.
1075 958 170 48 generabilis

735 992 65 51 &
761 992 235 51 corruptibilis,
957 992 65 51 &
970 992 144 51 aeternae.

769 1044 183 63 Etenim,
903 1044 100 63 si
952 1044 100 63 vt
1002 1044 150 63 totum
1086 1044 166 63 aliquid,

732 1100 210 46 vniuersum
893 1100 129 46 est,
974 1100 226 46 substantia
1136 1100 113 46 prima

725 1132 120 54 pars
800 1132 120 54 est.
874 1132 75 54 &
904 1132 90 54 si
949 1132 90 54 ex
994 1132 239 54 consequenti,
1173 1132 75 54 hoc

737 1174 144 49 quoque
837 1174 115 49 modo
910 1174 144 49 primum
1010 1174 101 49 est
1054 1174 187 49 substantia,

733 1220 169 38 deinde
852 1220 169 38 quale,
970 1220 169 38 postea
1072 1220 169 38 quantum,

776 1261 194 62 Quoniam,
921 1261 97 62 si
970 1261 113 62 hoc
1035 1261 146 62 totum
1116 1261 129 62 fuerit

730 1305 133 63 quasi
819 1305 163 63 aliquod
937 1305 207 63 vniuersum,
1085 1305 148 63 substan-

731 1357 99 62 tia
787 1357 99 62 est
844 1357 113 62 pars
914 1357 141 62 primi.
1013 1357 71 62 &
1041 1357 85 62 si
1084 1357 99 62 est
1126 1357 113 62 secun-

726 1404 106 58 dum
787 1404 122 58 quod
863 1404 167 58 aliquid
984 1404 228 58 consequitur
1152 1404 91 58 ali-

726 1448 115 58 quid
798 1448 216 58 successiue,
970 1448 115 58 tunc
1042 1448 130 58 etiam
1114 1448 130 58 substan

725 1500 102 54 tia
784 1500 102 54 hoc
842 1500 117 54 modo
915 1500 102 54 est
974 1500 146 54 prima,
1076 1500 73 54 &
1105 1500 117 54 post
1164 1500 73 54 hoc

731 1547 173 56 quale,
852 1547 86 56 &
869 1547 173 56 quantum.

772 1618 128 51 Dixit
857 1618 157 51 Alexan.
971 1618 171 51 Intendit
1100 1618 100 51 per
1142 1618 100 51 totum

737 1654 98 52 ens.
798 1654 61 52 &
823 1654 110 52 quasi
896 1654 123 52 dicat,
982 1654 147 52 diximus,
1092 1654 98 52 quod
1141 1654 98 52 consy-

726 1693 160 53 deratio
842 1693 102 53 est
900 1693 87 53 de
943 1693 218 53 substantia.
1103 1693 131 53 quoniam

734 1732 74 38 si
771 1732 136 38 aliquis
870 1732 124 38 fuerit
956 1732 161 38 opinatus,
1079 1732 99 38 quod
1141 1732 86 38 ens
1178 1732 62 38 est

736 1772 128 39 quasi
821 1772 113 39 vnum
892 1772 184 39 vniuersum
1033 1772 198 39 continuum,
1175 1772 71 39 cre

734 1821 118 30 dendum
817 1821 94 30 est,
875 1821 94 30 quod
934 1821 165 30 substantia
1064 1821 82 30 est
1111 1821 94 30 pars
1158 1821 82 30 primi
