1475 2066
199 148 167 55 Diuiditur
328 148 180 55 substantia
470 148 77 55 in
508 148 180 55 sensibilem
650 148 64 55 &
663 148 64 55 im-

229 189 144 46 mobilem:
337 189 132 46 illaque
433 189 72 46 in
469 189 192 46 sempiternam,
624 189 60 46 &
636 189 60 46 con

248 227 176 48 raptibilem.
389 227 94 48 Item
448 227 164 48 ostenditur
577 227 70 48 in
600 227 94 48 sensi-

271 271 139 44 bilibus
373 271 177 44 substantus
512 271 152 44 materiam
614 271 63 44 ne-

292 305 148 42 cessariam
406 305 103 42 esse:
474 305 126 42 triaque
554 305 103 42 ipsarum

314 343 108 54 esse
382 343 190 54 principia.
531 343 108 54 Cap.
585 343 41 54 2

288 380 40 22 ern

320 381 116 45 brum
393 381 218 45 substantiae
567 381 116 45 tres
625 381 102 45 sunt,

328 423 101 48 Vna
385 423 216 48 sensibilis:
558 423 130 48 cuius
630 423 87 48 quae

322 468 117 54 dam
389 468 252 54 sempiterna,
574 468 151 54 quaedam

214 517 287 37 corruptibilis,
453 517 127 37 quam
533 517 143 37 omnes
612 517 112 37 conce

216 549 137 56 dunt,
307 549 152 56 veluti
414 549 183 56 plantae,
550 549 76 56 &
566 549 167 56 animalia.

210 593 240 41 Sempiterna
398 593 154 41 vero,
501 593 154 41 cuius
587 593 137 41 elemen

217 630 96 51 ta,
272 630 109 51 siue
340 630 123 51 vnum,
422 630 109 51 siue
490 630 123 51 multa
572 630 123 51 sint,
640 630 96 51 acci-

206 677 124 53 pere
283 677 170 53 necesse
406 677 124 53 est.
484 677 124 53 Alia
546 677 185 53 immobilis,

203 717 119 55 quam
277 717 148 55 aliqui
381 717 222 55 separabilem
559 717 133 55 aiunt
633 717 89 55 esse

211 757 158 54 quidam
322 757 95 54 in
369 757 110 54 duo
432 757 236 54 diuidentes,
605 757 126 54 quidam

204 804 109 38 in
258 804 145 38 vnam
349 804 218 38 ponentes
512 804 200 38 naturam
639 804 91 38 tam

208 844 165 55 formas
323 844 132 55 quam
405 844 264 55 mathematica,
603 844 132 55 quidam

207 884 103 46 ex
258 884 121 46 his
327 884 259 46 mathematica
517 884 138 46 solum.

249 925 226 61 Substantiae
430 925 105 61 aut
490 925 121 61 sunt
565 925 136 61 tres.
641 925 90 61 Qua-

207 972 110 63 rum
270 972 110 63 vna
333 972 110 63 est
396 972 236 63 sensibilis.
585 972 79 63 &
600 972 126 63 istius

203 1021 181 61 quaedam
334 1021 115 61 est
400 1021 197 61 aeterna,
548 1021 82 61 &
581 1021 181 61 quaedam

215 1069 248 62 corruptibilis,
422 1069 110 62 quam
490 1069 124 62 omnes
559 1069 165 62 concedunt,

222 1116 86 55 vt
265 1116 172 55 plantae,
393 1116 71 55 &
422 1116 186 55 animalia.
565 1116 129 55 cuius
636 1116 86 55 ele-

204 1164 123 54 menta
286 1164 150 54 necesse
396 1164 96 54 est
450 1164 178 54 accipere,
587 1164 96 54 aut
628 1164 96 54 vnum,

207 1212 119 56 aut
275 1212 170 56 plura.
394 1212 136 56 Alia
479 1212 153 56 autem
580 1212 119 56 est
631 1212 102 56 immo

201 1261 151 67 bilis.
307 1261 76 67 &
337 1261 121 67 ideo
413 1261 151 67 dicunt
519 1261 167 67 quidam,
640 1261 121 67 quod

197 1309 104 62 est
256 1309 208 62 abstracta,
420 1309 74 62 &
449 1309 148 62 quidam
553 1309 133 62 eorum
627 1309 104 62 diui-

199 1357 133 63 dunt
283 1357 117 63 eam
349 1357 100 63 in
399 1357 133 63 duo,
483 1357 83 63 &
516 1357 167 63 quidam
616 1357 117 63 eorim

200 1410 202 56 posuerunt
356 1410 155 56 formas
464 1410 248 56 mathematicas
666 1410 93 56 in

204 1457 164 49 eadem
313 1457 201 49 natura,
459 1457 91 49 &
496 1457 183 49 quidam
605 1457 128 49 mathe

202 1505 174 50 maticas
329 1505 158 50 tantum
439 1505 95 50 ex
471 1505 126 50 istis.

253 1549 120 55 Dicit,
337 1549 96 55 quod
397 1549 180 55 substantiae
541 1549 96 55 sunt
601 1549 108 55 tres,
661 1549 72 55 sen-

212 1589 146 42 sibilis,
322 1589 61 42 &
346 1589 207 42 insensibilis.
517 1589 171 42 sensibilis
638 1589 98 42 autem,

216 1630 155 44 diuiditur
335 1630 72 44 in
371 1630 95 44 duo,
431 1630 72 44 in
467 1630 179 44 substantiam
598 1630 131 44 aeternam,

216 1668 108 52 quod
283 1668 94 52 est
337 1668 135 52 corpus
431 1668 162 52 quintum,
552 1668 67 52 &
579 1668 81 52 in
606 1668 121 52 substan

204 1709 126 54 tiam
283 1709 236 54 generabilem
472 1709 79 54 &
487 1709 236 54 corruptibilem

212 1752 106 37 quam
278 1752 106 37 omes
344 1752 186 37 concedunt,
490 1752 80 37 vt
530 1752 146 37 plantae
636 1752 66 37 &
649 1752 80 37 ani-

212 1788 142 38 malia.
311 1788 71 38 &
340 1788 142 38 dixit:
439 1788 128 38 cuius
524 1788 170 38 elementa
638 1788 99 38 neces

205 1832 76 43 se
243 1832 88 43 est
294 1832 164 43 accipere.
420 1832 139 43 Alexam.
521 1832 114 43 dixit
597 1832 114 43 super
660 1832 76 43 hoc,

748 141 114 56 quod
819 141 99 56 non
876 141 99 56 est
932 141 227 56 intelligenda
1117 141 85 56 ex
1159 141 99 56 hoc
1202 141 85 56 subs

745 184 155 42 stantia
857 184 211 42 generabilis
1026 184 70 42 &
1040 184 225 42 corruptibilis,

745 229 98 46 sed
801 229 168 46 vtraque:
927 229 210 46 generabilis
1096 229 70 46 &
1124 229 98 46 non
1166 229 98 46 gene-

746 260 159 46 rabilis.
865 260 80 46 Et
905 260 146 46 Aleran.
1011 260 133 46 dixit,
1091 260 172 46 demonstrtia

743 301 76 44 re
781 301 102 44 enim
845 301 178 44 principia.
985 301 140 44 entium,
1086 301 102 44 quae
1137 301 127 44 sintpest

748 340 123 51 primi:
834 340 184 51 Philosophi:
981 340 61 51 &
1005 340 98 51 quod
1067 340 110 51 istis
1140 340 123 51 veitur
1214 340 49 51 Na

750 382 155 44 turalis,
867 382 91 44 est
918 382 91 44 qui
970 382 65 44 a
996 382 91 44 non
1048 382 155 44 declarat
1164 382 91 44 ea,
1203 382 65 44 sed

747 428 120 38 quia
822 428 135 38 ponit
912 428 105 38 ea.
972 428 210 38 Substantia
1136 428 120 38 enim
1196 428 75 38 im-

744 462 156 42 mobilis
857 462 99 42 est
914 462 198 42 principium
1070 462 71 42 &
1098 462 128 42 causa
1169 462 99 42 rerum

745 497 226 49 naturalium,
926 497 90 49 de
971 497 105 49 quo
1031 497 120 49 modo
1091 497 181 49 loquitutr,

744 536 233 51 principaliter:
938 536 104 51 illa
1003 536 117 51 autem
1081 536 104 51 alia
1133 536 142 51 principia

751 574 101 44 sunt
815 574 126 44 tantum
903 574 177 44 Naturalis,
1042 574 76 44 i.
1080 574 76 44 ad
1105 574 164 44 declarandum

747 614 116 52 quae
820 614 131 52 sunt.
907 614 131 52 dixit
995 614 73 52 &
1024 614 116 52 hoc,
1096 614 116 52 quod
1155 614 116 52 dixiti

753 652 149 57 postquam
864 652 112 57 dixit
938 652 186 57 substantiam
1087 652 173 57 sensibilem
1211 652 62 57 ge-

748 700 169 38 nerabilem
878 700 65 38 &
904 700 234 38 corruptibilem.
1100 700 156 38 scilicet
1204 700 65 38 cum

745 733 134 37 dixit,
839 733 121 37 cuius
919 733 161 37 elementa
1040 733 148 37 necesse
1148 733 94 37 est
1188 733 81 37 acci

747 775 115 43 pere.
824 775 89 43 ita
875 775 166 43 inuenitur
1002 775 77 43 in
1041 775 89 43 vna
1092 775 179 43 scriptura.
1232 775 64 43 &

743 812 117 39 expo
816 812 117 39 est,
889 812 131 39 sicut
977 812 175 39 diximus.
1108 812 87 39 Et
1151 812 87 39 in
1181 812 87 39 alia

748 848 161 42 scriptura
872 848 161 42 inuenitur
996 848 99 42 sic:
1058 848 74 42 Et
1095 848 87 42 hoc
1145 848 87 42 est
1182 848 87 42 aeter

745 887 111 44 num,
815 887 125 44 cuius
898 887 167 44 elementa
1023 887 153 44 necesse
1134 887 97 44 est
1176 887 97 44 acci-

746 927 112 47 pere,
820 927 87 47 &c.
870 927 75 47 D.
907 927 137 47 Alexan.
1007 927 62 47 &
1032 927 112 47 expos
1106 927 87 47 est
1144 927 124 47 secundum

753 963 110 47 hanc
822 963 166 47 literam,
946 963 69 47 &
974 963 152 47 necesse
1085 963 97 47 est
1126 963 138 47 accipere

751 1006 179 50 principia,
892 1006 64 50 &
917 1006 153 50 elementa
1032 1006 192 50 substantiae
1173 1006 102 50 aeter-

750 1045 106 45 nae.
816 1045 119 45 Causa
896 1045 106 45 enim
962 1045 133 45 prima,
1055 1045 80 45 de
1095 1045 93 45 qua
1148 1045 80 45 in
1174 1045 93 45 hague

748 1085 110 37 arte
817 1085 178 37 loquimur,
954 1085 96 37 est
1009 1085 123 37 causa
1091 1085 69 37 &
1105 1085 164 37 principium

745 1120 132 42 corpis
837 1120 158 42 diuinim.
956 1120 66 42 &
982 1120 132 42 dixit.
1075 1120 92 42 sed
1128 1120 119 42 prima
1194 1120 79 42 seri

747 1168 99 43 ptura
813 1168 77 43 est
857 1168 121 43 melior:
945 1168 121 43 quoniam
1033 1168 77 43 iam
1077 1168 121 43 posuit,
1165 1168 88 43 quod
1209 1168 55 43 sua

754 1197 153 45 intentio
869 1197 89 45 est
920 1197 115 45 loqui
997 1197 77 45 de
1035 1197 166 45 elementis
1150 1197 115 45 sensibi

750 1237 87 45 lis
799 1237 200 45 substantiae,
962 1237 75 45 in
999 1237 87 45 qua
1049 1237 100 45 sunt
1112 1237 87 45 res
1149 1237 125 45 generabi

755 1277 74 54 les
797 1277 105 54 etiam:
870 1277 53 54 &
891 1277 84 54 ipse
944 1277 74 54 ita
986 1277 116 54 faciet,
1070 1277 116 54 quoniam
1143 1277 126 54 pertransi-

752 1317 91 45 bit
804 1317 78 45 de
843 1317 234 45 consideratione
1039 1317 78 45 in
1078 1317 117 45 istis
1156 1317 117 45 rebus
1221 1317 52 45 ad

741 1356 156 46 formas
850 1356 218 46 abstractas
1022 1356 125 46 Haec
1100 1356 125 46 sunt
1162 1356 109 46 verba

748 1405 154 37 Alexan.
860 1405 98 37 Sed
916 1405 140 37 habent
1014 1405 168 37 quidnem.
1140 1405 98 37 Cus
1182 1405 84 37 enim

750 1437 121 50 dixit,
834 1437 97 50 quod
895 1437 181 50 demonstrare
1040 1437 157 50 principia
1148 1437 109 50 entiaem

749 1477 100 37 est
806 1477 128 37 primi
891 1477 199 37 Philosophi
1048 1477 100 37 non
1090 1477 171 37 naturalis,

744 1516 64 48 &
770 1516 103 48 quod
834 1516 116 48 Nalis
911 1516 116 48 ponit
989 1516 77 48 ea
1027 1516 180 48 positione,
1169 1516 90 48 &c.
1208 1516 51 48 i.

751 1552 181 49 intendebat,
896 1552 96 49 quod
956 1552 157 49 principia
1076 1552 133 49 entium,
1173 1552 72 49 de
1197 1552 72 49 qui-

748 1593 102 41 bus
807 1593 219 41 Philosophus
982 1593 219 41 consyderat,
1156 1593 73 41 &
1186 1593 117 41 quae

747 1627 131 54 Nalis
835 1627 175 54 concedit
966 1627 131 54 esse,
1053 1627 117 54 sunt
1112 1627 160 54 principia

751 1669 180 49 substantiae
895 1669 168 49 sensibilis
1027 1669 156 49 aeternae,
1147 1669 96 49 quae
1195 1669 84 49 sunt,

744 1709 101 49 supa
808 1709 178 49 abstracta,
947 1709 63 49 &
973 1709 101 49 quod
1036 1709 178 49 principia,
1176 1709 76 49 de
1201 1709 76 49 qui-

747 1749 99 38 bus
803 1749 198 38 consyderat
959 1749 198 38 Naturalis,
1100 1749 169 38 declarando

745 1788 80 38 ea
785 1788 121 38 esse,
865 1788 107 38 sunt
932 1788 174 38 principia
1066 1788 201 38 generabilis
1227 1788 67 38 &

752 1823 248 44 corruptibilis,
959 1823 110 44 erit
1028 1823 124 44 sermo
1111 1823 96 44 non
1152 1823 124 44 rectus.
