1475 2066
186 156 219 47 Substantia
359 156 125 47 enim
437 156 172 47 aeterna
547 156 172 47 declarata

202 199 97 49 est
258 199 195 49 innamlibus
411 199 84 49 in
453 199 111 49 fine
522 199 139 49 Octaui
606 199 111 49 Physi.

202 245 118 38 sicut
281 245 171 38 declarara
412 245 105 38 sunt
478 245 171 38 princtpia
596 245 118 38 substan

203 281 102 41 tiae
267 281 190 41 generabilis
419 281 63 41 &
444 281 216 41 corruptibilis
622 281 76 41 in
648 281 63 41 Pr-

197 317 88 54 mo
241 317 146 54 istius
343 317 146 54 libri.
446 317 102 54 Quo
504 317 117 54 modo
577 317 146 54 igitur
665 317 58 54 di

202 356 118 46 citur,
285 356 95 46 quod
344 356 154 46 naturalis
463 356 107 46 ponit
534 356 95 46 hanc
581 356 130 46 positione

208 396 78 37 cum
252 396 167 37 impossibile
386 396 78 37 sit
431 396 67 37 vt
465 396 156 37 declaretur
587 396 89 37 nisi
643 396 67 37 in
665 396 45 37 na

199 436 179 38 turalibus:
340 436 64 38 &
366 436 141 38 quomodo
468 436 90 38 est
519 436 128 38 rectum
596 436 115 38 dicere,

207 477 100 50 quod
270 477 163 50 Naturalis
396 477 88 50 non
446 477 151 50 declarat
559 477 100 50 nisi
609 477 113 50 princi-

199 512 100 45 pia
256 512 213 45 substantiae
426 512 213 45 generabilis
597 512 71 45 &
611 512 100 45 corru

209 550 181 52 ptibilis,
348 550 97 52 cum
404 550 97 52 non
459 550 125 52 solum
542 550 111 52 modo
598 550 111 52 consy-

205 590 122 44 deret
287 590 81 44 de
327 590 190 44 substantia
477 590 190 44 generabili
626 590 68 44 &
639 590 68 44 cor

201 631 186 43 ruptibili,
347 631 93 43 sed
400 631 120 43 etiam
480 631 80 43 de
520 631 93 43 non
560 631 160 43 generabili

204 669 70 49 &
232 669 98 49 non
288 669 251 49 corruptibilius
497 669 195 49 consyderat
636 669 84 49 enim

199 709 87 50 de
243 709 116 50 ente
316 709 145 50 mobili
417 709 116 50 siue
490 709 203 50 generabili
635 709 87 50 siue

206 750 95 36 non,
266 750 143 36 secundum
373 750 119 36 igitur
457 750 95 36 hunc
516 750 179 36 intellectum
647 750 72 36 iste

199 788 121 46 sermo
279 788 94 46 est
333 788 147 46 falsus.
440 788 80 46 Si
480 788 134 46 igitur
574 788 147 46 aliquis
667 788 54 46 di

206 825 115 52 xerit:
287 825 92 52 quod
345 825 115 52 dictum
426 825 81 52 est
472 825 69 52 in
507 825 127 52 Logica,
599 825 92 52 quod
645 825 81 52 nulla

217 862 131 52 cientia
313 862 120 52 habet,
396 862 131 52 probare
492 862 84 52 sua
540 862 167 52 principia:
659 862 60 52 sed

208 906 161 34 subiectum
331 906 161 34 scientiae
455 906 161 34 Naturalis
579 906 87 34 est
616 906 99 34 corpus

207 943 144 43 mobile,
311 943 65 43 &
337 943 104 43 eius
403 943 183 43 principium
546 943 91 43 est
585 943 131 43 substan-

205 980 92 49 tia
257 980 183 49 abstracta.
401 980 157 49 Dicemus,
519 980 105 49 quod
584 980 92 49 hoc
623 980 92 49 verum

203 1021 104 49 est.
268 1021 91 49 sed
320 1021 129 49 illud,
410 1021 104 49 quod
475 1021 129 49 dictum
566 1021 91 49 est
617 1021 78 49 in
643 1021 78 49 Logi

201 1062 90 51 ca,
253 1062 90 51 est
304 1062 103 51 quod
368 1062 116 51 nulla
445 1062 154 51 facultas
561 1062 116 51 habet
625 1062 90 51 proba

201 1095 59 56 re
231 1095 68 56 sua
270 1095 137 56 principia.
377 1095 117 56 scilicet
465 1095 107 56 propter
543 1095 88 56 quid,
601 1095 107 56 quoniam
669 1095 49 56 hoc

198 1135 100 51 non
255 1135 115 51 fit,
327 1135 115 51 nisi
398 1135 100 51 per
455 1135 186 51 principia
584 1135 129 51 illorum

210 1177 227 43 principiorum,
397 1177 67 43 &
423 1177 93 43 per
477 1177 174 43 principia
597 1177 120 43 princi-

213 1214 121 54 iorum
293 1214 162 54 generis,
415 1214 94 54 cum
469 1214 108 54 illa
536 1214 175 54 principia
657 1214 54 54 ha

209 1253 139 52 buerint
311 1253 177 52 principia.
450 1253 101 52 Sunt
513 1253 127 52 igitur
589 1253 127 52 alterius

203 1293 148 54 generis
310 1293 189 54 necessario
459 1293 189 54 superioris
607 1293 121 54 illo.
675 1293 40 54 I

202 1329 71 48 ie
238 1329 95 48 enim
297 1329 83 48 qui
345 1329 166 48 consyderat
475 1329 71 48 de
511 1329 107 48 illis
570 1329 143 48 principiis

199 1368 131 54 habet
287 1368 218 54 consyderare
461 1368 87 54 de
505 1368 116 54 hoc.
577 1368 73 54 &
606 1368 87 54 io
635 1368 73 54 fa-

196 1408 139 42 cultas
294 1408 167 42 inferior
419 1408 97 42 non
474 1408 125 42 habet
544 1408 167 42 consydera:

201 1445 74 53 re
238 1445 160 53 principia
361 1445 86 53 sui
410 1445 135 53 generis
508 1445 148 53 secundum
607 1445 98 53 simpli

194 1484 70 43 cem
234 1484 199 43 demonstrationem:
403 1484 119 43 secundum
492 1484 80 43 vero
532 1484 179 43 demonstrationes,

198 1529 99 46 quae
259 1529 148 46 vocantur
370 1529 123 46 signa,
456 1529 160 46 possibile
580 1529 99 46 est.
641 1529 62 46 &
653 1529 62 46 ido

200 1572 181 38 principia
339 1572 167 38 subiecti
465 1572 181 38 Naturalis
604 1572 98 38 non
646 1572 56 38 de

195 1600 212 42 monstrantur
364 1600 113 42 nisi
435 1600 99 42 per
491 1600 99 42 res
534 1600 183 42 posteriores

198 1639 75 43 in
235 1639 150 43 scientia
347 1639 162 43 Naturali.
472 1639 75 43 Et
509 1639 100 43 ideo
559 1639 150 43 impossibi-

189 1680 87 41 le
233 1680 102 41 est
291 1680 189 41 declarare
437 1680 160 41 aliquid
538 1680 175 41 abstractum

203 1725 104 37 esse,
273 1725 92 37 nisi
330 1725 69 37 ex
365 1725 104 37 motu.
434 1725 58 37 &
457 1725 104 37 omnes
526 1725 104 37 viae,
596 1725 92 37 quae
642 1725 69 37 repu

196 1756 138 51 tantur
293 1756 111 51 esse
362 1756 166 51 ducentes
487 1756 83 51 ad
528 1756 138 51 primum
611 1756 83 51 moto

199 1805 89 42 rem
250 1805 101 42 esse
313 1805 139 42 praeter
415 1805 101 42 viam
478 1805 114 42 motus
541 1805 165 42 aequaliter.

195 1836 101 47 sunt
258 1836 239 47 insufficientes.
460 1836 75 47 &,
497 1836 75 47 si
535 1836 126 47 essent
610 1836 101 47 verae,

729 157 159 53 essent
840 157 206 53 numeratae
999 157 159 53 iprima
1094 157 175 53 Philoso-

734 198 122 47 phia.
816 198 122 47 prima
897 198 108 47 enim
964 198 176 47 principia
1086 198 162 47 impossibi-

738 238 76 44 le
776 238 88 44 est
827 238 76 44 vt
864 238 227 44 demonstrentur.
1053 238 101 44 Iste
1116 238 101 44 enim
1167 238 88 44 sermo

732 279 144 55 Aleran
832 279 101 55 non
890 279 101 55 est
948 279 245 55 intelligendus
1135 279 115 55 secun-

737 327 94 43 dum
790 327 107 43 suum
857 327 175 43 intentum.
992 327 81 43 Et
1032 327 94 43 tam
1086 327 121 43 Auic.
1153 327 94 43 repu-

737 357 130 45 tauit
823 357 116 45 hunc
896 357 174 45 sermonem
1026 357 116 45 esse
1098 357 130 45 verum
1171 357 72 45 scs

736 397 105 46 quod
801 397 131 46 nulla.
893 397 157 46 facultas
1011 397 118 46 habet
1090 397 144 46 probare
1181 397 66 46 sua

736 437 195 49 principia.
889 437 83 49 Et
931 437 125 49 Auic.
1014 437 97 49 hoc
1070 437 167 49 absolute
1181 437 56 49 di

734 485 105 30 xit,
799 485 105 30 quod
865 485 131 30 primus
957 485 197 30 Philosophus
1114 485 118 30 habet
1179 485 66 30 de-

732 513 142 41 clarare
835 513 116 41 prima
912 513 167 41 principia
1041 513 180 41 sensibilis
1170 513 77 41 sub-

737 553 155 51 stantiae
853 553 103 51 siue
918 553 168 51 aeternae,
1047 553 103 51 siue
1111 553 103 51 non:
1176 553 64 51 &
1189 553 64 51 Na-

737 591 147 43 turalis
843 591 120 43 ponit
923 591 173 43 positione
1056 591 147 43 naturam
1150 591 93 43 esse:

732 629 79 53 &
764 629 126 53 quod
843 629 158 53 primus
953 629 236 53 Philosophus
1126 629 126 53 demon-

734 672 107 42 strat
805 672 83 42 eam
853 672 107 42 esse,
924 672 71 42 et
959 672 83 42 non
1006 672 142 42 distixit
1113 672 107 42 inter
1172 672 71 42 duas

740 708 181 52 substantias.
887 708 68 52 Si
921 708 113 52 igitur
1000 708 125 52 aliquis
1091 708 136 52 dixerit,
1181 708 57 52 qui

731 749 223 48 Philosophus
909 749 208 48 consyderat
1073 749 89 48 de
1102 749 134 48 princi-

736 789 96 50 piis
796 789 120 50 entis,
880 789 72 50 in
916 789 72 50 eo
952 789 96 50 quod
1013 789 84 50 est
1061 789 96 50 ens:
1121 789 96 50 ergo
1169 789 72 50 con-

731 824 142 50 syderat
835 824 78 50 de
873 824 181 50 principiis
1016 824 194 50 substantiae
1158 824 91 50 sicut

738 864 127 42 dictum
827 864 102 42 fuit
891 864 76 42 in
929 864 165 42 principio
1056 864 127 42 istius
1133 864 114 42 tracta-

729 906 105 40 tus:
795 906 66 40 &
821 906 171 40 principia
953 906 198 40 substantiae
1111 906 105 40 sunt
1164 906 79 40 prin

731 941 120 52 cipia
811 941 174 52 naturalis
945 941 174 52 subiecti.
1078 941 147 52 Diuinus
1172 941 67 52 igi

731 981 95 45 tur
786 981 122 45 habet
867 981 149 45 probare
975 981 176 45 principia
1096 981 149 45 naturalis

725 1027 190 42 subiecti:
871 1027 73 42 &
900 1027 190 42 Naturalis
1046 1027 146 42 ponere
1148 1027 88 42 ea
1178 1027 58 42 po

734 1061 149 37 sitione.
845 1061 74 37 Et
882 1061 136 37 dicemus
982 1061 87 37 nos
1031 1061 136 37 quidem,
1130 1061 99 37 quod
1180 1061 62 37 Phi

732 1100 163 39 losophus
855 1100 163 39 inquirit
977 1100 109 39 quae
1044 1100 109 39 sunt
1099 1100 149 39 principia

735 1135 163 43 substantiae
866 1135 130 43 secundum
963 1135 87 43 quod
1018 1135 174 43 substantiae,
1159 1135 54 43 &
1170 1135 76 43 decla

735 1176 103 42 rant,
803 1176 92 42 quod
860 1176 160 42 substantia
986 1176 149 42 abstracta
1101 1176 80 42 est
1135 1176 103 42 princi-

740 1214 113 48 pium
811 1214 213 48 substantiae
981 1214 198 48 naturalis:
1137 1214 99 48 sed
1179 1214 71 48 hoc

733 1259 160 42 ponendo
850 1259 160 42 accepit
966 1259 102 42 pro
1025 1259 204 42 constanti,
1170 1259 73 42 hoc

739 1295 107 45 quod
805 1295 187 45 declaratum
952 1295 93 45 est
1005 1295 80 45 in
1045 1295 200 45 naturalibus
1192 1295 53 45 de

738 1332 189 45 principiis
886 1332 202 45 substantiae
1048 1332 202 45 generabilis
1210 1332 67 45 &

735 1373 193 37 corruptibilis
893 1373 136 37 scilicet
996 1373 91 37 quod
1052 1373 159 37 declaratum
1177 1373 79 37 est
1211 1373 34 37 i

735 1405 98 50 primo
800 1405 98 50 Phisi
865 1405 130 50 scilicet
963 1405 87 50 quod
1017 1405 76 50 est
1061 1405 152 50 compositum
1180 1405 65 50 ex
1202 1405 43 50 ma

728 1445 125 52 teria
811 1445 69 52 &
839 1445 139 52 forma:
936 1445 69 52 &
964 1445 111 52 quod
1033 1445 194 52 declaratum
1186 1445 97 52 est

738 1484 65 51 in
771 1484 109 51 Octauo
847 1484 131 51 scilicet
945 1484 87 51 quod
999 1484 76 51 est
1043 1484 152 51 compositum
1163 1484 65 51 ex
1185 1484 54 51 ma-

738 1525 114 50 teria
815 1525 64 50 &
840 1525 127 50 forma:
929 1525 64 50 &
954 1525 102 50 quod
1018 1525 178 50 declaratum
1158 1525 89 50 est
1196 1525 51 50 in

737 1565 111 37 Octauo
815 1565 133 37 scilicet
914 1565 89 37 quod
970 1565 111 37 mouens
1047 1565 133 37 aeternam
1136 1565 100 37 substan

727 1610 108 32 tiam
794 1610 94 32 est
848 1610 189 32 abstractum
996 1610 67 32 a
1023 1610 162 32 materia.
1145 1610 94 32 D.
1185 1610 54 32 de

735 1640 160 42 clarauit,
858 1640 98 42 quod
919 1640 160 42 principia
1042 1640 184 42 substantiae
1177 1640 74 42 gene

729 1680 69 42 r
757 1680 137 42 abilis
853 1680 69 42 &
880 1680 233 42 corrupuibilis
1073 1680 110 42 sunt
1127 1680 124 42 substan

733 1720 92 50 tiae
790 1720 138 50 istorum,
894 1720 58 50 &
917 1720 92 50 quod
974 1720 173 50 substantiae
1112 1720 127 50 istorum
1193 1720 58 50 non

733 1756 72 38 sunt
778 1756 143 38 vniversalia,
894 1756 81 38 neque
948 1756 81 38 vnum,
1001 1756 45 38 &
1019 1756 152 38 vniversaliter
1145 1756 81 38 neque
1189 1756 54 38 for-

727 1801 112 38 mae,
797 1801 127 38 neque
882 1801 225 38 mathematica.
1064 1801 84 38 *&
1106 1801 112 38 hoc,
1163 1801 84 38 quod

728 1835 191 39 declarauit
878 1835 82 39 in
919 1835 163 39 tractatu
1041 1835 82 39 a.
1082 1835 68 39 &
1110 1835 82 39 8.
1137 1835 95 39 decla
