1475 2066
200 156 85 54 rat
248 156 109 54 etiam
321 156 73 54 in
357 156 85 54 hoc
406 156 157 54 tractatu,
526 156 97 54 quod
575 156 145 54 principium

206 198 130 56 primae
297 198 195 56 substantiae
453 198 182 56 abstractae
596 198 117 56 etiam
661 198 65 56 est

213 239 200 50 substantia,
373 239 67 50 &
400 239 134 50 forma,
493 239 67 50 &
520 239 134 50 finis,
613 239 67 50 &
640 239 107 50 quod

207 278 133 44 mouet
296 278 162 44 vtroque
414 278 133 44 modo.
502 278 74 44 &
531 278 103 44 hoc
576 278 147 44 intendit

206 321 122 47 primo
288 321 176 47 declarare
423 321 81 47 in
464 321 95 47 hoc
518 321 176 47 tractatu.
653 321 95 47 Sed

205 356 134 55 quia
289 356 151 55 modus
390 356 269 55 consyderandi
608 356 101 55 in
642 356 84 55 hac

206 396 144 38 scientia
314 396 84 38 est
362 396 72 38 de
398 396 168 38 principiis
531 396 192 38 substantiae,
675 396 48 38 in

203 432 76 42 eo
241 432 101 42 quod
304 432 88 42 est
355 432 189 42 substantia,
506 432 101 42 siue
570 432 139 42 aeterna
658 432 63 42 si-

213 475 78 47 ne
252 475 105 47 non,
318 475 157 47 incoepit
435 475 170 47 declarare
566 475 78 47 in
605 475 92 47 hoc
645 475 78 47 tra-

208 512 111 42 ctatu
282 512 74 42 de
319 512 172 42 principiis
454 512 185 42 substantiae
602 512 86 42 non
639 512 86 42 aeter

207 550 102 45 ne,
266 550 73 45 &
295 550 132 45 fecit
383 550 263 45 rememorationem
602 550 88 45 de
631 550 88 45 hoc,

207 590 115 41 quod
278 590 201 41 declaratum
436 590 100 41 est
494 590 86 41 ex
537 590 100 41 eis
594 590 86 41 in
623 590 100 41 natu-

209 630 159 38 ralibus,
328 630 66 38 &
354 630 79 38 in
394 630 238 38 praecedentibus
579 630 132 38 tractati

209 667 122 39 bus.
285 667 152 39 Deinde
391 667 122 39 post
467 667 106 39 hoc
528 667 182 39 incoepit
649 667 61 39 de

213 711 145 36 clarare
318 711 171 36 principia
450 711 158 36 aeternae
555 711 158 36 substantia

216 744 64 55 &
242 744 128 55 posuit
332 744 115 55 etiam
408 744 103 55 hoc,
473 744 103 55 quod
537 744 179 55 declaratum
665 744 64 55 est

205 780 91 54 in
250 780 243 54 naturalibus,
448 780 76 54 &
478 780 243 54 consyderauit
660 780 61 54 de

208 821 82 52 eis
255 821 222 52 consyderatione,
442 821 129 52 propria
536 821 94 52 huic
582 821 129 52 scientiae

211 861 77 51 v.
250 861 77 51 g.
288 861 103 51 quod
352 861 90 51 est
404 861 180 51 substantia
545 861 64 51 &
571 861 116 51 prima
635 861 77 51 for-

202 900 95 38 ma,
257 900 68 38 &
284 900 109 38 quod
352 900 95 38 est
406 900 190 38 principium
556 900 68 38 &
583 900 136 38 finis.
665 900 54 38 D.

209 938 208 39 consyderat
373 938 89 39 de
417 938 104 39 hac
477 938 208 39 substantia
626 938 89 39 immo

210 973 120 45 bili,
289 973 120 45 vtrum
369 973 93 45 sit
422 973 106 45 vna,
489 973 93 45 aut
542 973 146 45 plures,
648 973 66 45 &
662 973 66 45 si-

208 1013 157 48 plures
318 1013 141 48 vtrum
413 1013 220 48 reducantur
585 1013 94 48 ad
617 1013 94 48 vnum

208 1052 79 50 &
240 1052 110 50 quo
303 1052 126 50 modo
381 1052 220 50 ordinantur
554 1052 94 50 ab
601 1052 110 50 eo.
648 1052 79 50 Sic

207 1093 154 41 igitur
314 1093 246 41 intelligenda
514 1093 108 41 est
560 1093 169 41 communica

211 1133 106 37 tio
271 1133 166 37 istarum
392 1133 151 37 duarum
498 1133 226 37 scientiarum
664 1133 60 37 in

206 1167 248 55 consyderatione
413 1167 83 55 de
454 1167 193 55 principiis
591 1167 124 55 substan

217 1209 81 42 tiae.
271 1209 108 42 scilicet
353 1209 72 42 quod
398 1209 117 42 Naturalis
488 1209 108 42 declarat
569 1209 54 42 ea
596 1209 72 42 esse
633 1209 90 42 secundum

214 1252 107 40 quod
280 1252 107 40 sunt
347 1252 174 40 principia
481 1252 200 40 substantiae
628 1252 93 40 mobi-

211 1285 120 51 lis.
286 1285 225 51 Philosophus
466 1285 135 51 autem
542 1285 180 51 consyderat

201 1317 65 54 de
234 1317 76 54 eis
277 1317 131 54 secundum
376 1317 87 54 quod
430 1317 87 54 sunt
485 1317 142 54 principia
583 1317 142 54 substantiae

207 1364 79 50 in
246 1364 79 50 eo
286 1364 105 50 quod
351 1364 92 50 est
404 1364 197 50 substantia,
561 1364 92 50 non
601 1364 118 50 substan

210 1407 97 44 tia
266 1407 167 44 mobilis.
391 1407 70 44 &
419 1407 125 44 etiam
502 1407 209 44 Philosophus
655 1407 56 44 de

213 1440 128 50 clarat
303 1440 180 50 abstractum
444 1440 116 50 esse,
521 1440 103 50 quod
586 1440 90 50 est
624 1440 90 50 prin-

209 1475 120 56 cipium
293 1475 180 56 substantiae
437 1475 180 56 sensibilis:
581 1475 84 56 sed
617 1475 108 56 postque

213 1519 155 43 accepit
326 1519 99 43 pro
382 1519 169 43 concesso
509 1519 71 43 a
538 1519 169 43 Naturali
650 1519 71 43 hu-

214 1556 159 38 iusmodi
329 1556 116 38 esse
402 1556 232 38 substantiam.
590 1556 87 38 Et
619 1556 101 38 forte

202 1597 125 37 hunc
280 1597 140 37 modum
374 1597 218 37 intendebat
545 1597 140 37 Alex.
623 1597 94 37 dice

210 1633 88 53 re,
261 1633 88 53 cum
311 1633 126 53 dixit,
399 1633 101 53 quod
462 1633 189 53 Philosophus
601 1633 113 53 consyde

209 1677 88 47 rat
260 1677 101 47 quae
323 1677 164 47 principia
449 1677 189 47 substantiae
588 1677 126 47 aeternae

206 1709 100 45 sed
263 1709 100 45 hac
320 1709 100 45 via
377 1709 270 45 consyderationis
604 1709 100 45 non
661 1709 85 45 in

206 1749 123 52 diget
288 1749 191 52 Naturalis,
438 1749 123 52 neque
520 1749 150 52 necesse
629 1749 95 52 est
670 1749 54 52 ef

201 1787 147 47 ponere
304 1787 147 47 ipsum.
407 1787 74 47 &
437 1787 132 47 forte
525 1787 132 47 etiam
598 1787 118 47 inten-

200 1833 122 50 debat
282 1833 149 50 dicere,
390 1833 108 50 quod
457 1833 176 50 Naturalis
579 1833 135 50 consyde

741 157 91 59 rat
793 157 104 59 quae
858 157 104 59 sunt
922 157 168 59 principia
1052 157 194 59 substantiae
1194 157 65 59 gen

740 204 161 40 nerabilis
864 204 62 40 &
888 204 211 40 corruptibilis
1062 204 149 40 secundum
1161 204 87 40 modum

738 244 145 49 proprium
847 244 73 49 ei
883 244 145 49 scilicet
992 244 85 49 per
1040 244 157 49 principia
1149 244 109 49 propin-

740 285 115 37 qua.
812 285 72 37 &
841 285 115 37 haec
913 285 173 37 scientia
1043 285 202 37 consyderat
1187 285 72 37 de-

742 317 134 53 multis
835 317 200 53 principiis,
995 317 93 53 cum
1049 317 174 53 declarat,
1169 317 80 53 quod

734 361 202 42 substantia
892 361 188 42 immobilis
1037 361 101 42 est
1080 361 173 42 principium

733 397 203 37 substantiae
896 397 162 37 mobilis.
1018 397 68 37 &
1045 397 95 37 hoc
1099 397 95 37 est
1140 397 108 37 intel-

741 432 171 54 ligendum
869 432 85 54 de
912 432 100 54 hoc
968 432 171 54 sermone.
1096 432 71 54 &
1125 432 100 54 sic
1182 432 100 54 non

739 471 109 43 erit
807 471 217 43 dubitabilis.
984 471 68 43 &
1011 471 95 43 hoc
1065 471 122 43 fecit
1133 471 122 43 Auicem.

746 510 147 54 errare.
852 510 107 54 Quod
919 510 120 54 autem
999 510 134 54 Alexan
1093 510 134 54 dicit,
1173 510 80 54 quod

746 550 127 51 prima
831 550 184 51 scriptura
972 550 99 51 est
1029 550 141 51 melior
1114 550 141 51 secunda,

736 597 119 38 forte
815 597 92 38 est
868 597 185 38 econuerso,
1013 597 106 38 quia
1079 597 106 38 haec
1145 597 92 38 est
1185 597 66 38 sua

744 629 126 45 prima
828 629 168 45 intentio
954 629 84 45 in
996 629 98 45 hoc
1051 629 182 45 tractatu.
1177 629 70 45 Et,

744 664 86 51 cum
793 664 123 51 posuit
879 664 98 51 tres
940 664 184 51 substantias
1087 664 110 51 esse,
1160 664 61 51 &
1173 664 74 51 quod

748 709 95 37 vna
802 709 122 37 earum
883 709 95 37 est
937 709 189 37 abstracta,
1085 709 149 37 induxit
1180 709 68 37 te-

737 741 209 38 stimonium,
901 741 75 38 &
931 741 149 38 dixit:
1036 741 75 38 &
1066 741 120 38 ideo
1126 741 134 38 dicunt,

744 781 140 53 quidam,
846 781 102 53 quod
910 781 89 53 est
961 781 179 53 abstracta,
1102 781 89 53 &c.
1153 781 77 53 i.
1178 781 77 53 quia

742 820 223 52 opinabantur,
923 820 125 52 sicut
1006 820 111 52 nos.
1076 820 84 52 Et
1118 820 111 52 quia
1174 820 84 52 isto

735 861 126 37 rum
807 861 197 37 hominum
950 861 179 37 quidam
1058 861 197 37 diuidunt,

734 898 100 40 hoc
791 898 200 40 abstractum
948 898 86 40 in
990 898 114 40 duo,
1062 898 71 40 &
1090 898 143 40 quidam
1176 898 71 40 rei

744 935 148 51 ducunt
848 935 118 51 haec
922 935 104 51 duo
981 935 89 51 in
1025 935 133 51 vnum,
1114 935 74 51 &
1129 935 118 51 quidam

738 972 174 51 ponunt
860 972 174 51 tantum
982 972 157 51 vnum,
1086 972 105 51 d.
1138 972 87 51 &
1156 972 87 51 qui

738 1013 110 48 dam
801 1013 142 48 eorum
896 1013 189 48 diuidunt
1038 1013 142 48 ipsam
1133 1013 95 48 in
1164 1013 79 48 duo

742 1053 84 49 &
776 1053 169 49 quidam
894 1053 169 49 ponunt
1012 1053 169 49 formas
1114 1053 135 49 mathe-

745 1090 149 41 maticas
854 1090 135 41 tantum
948 1090 81 41 ex
989 1090 135 41 istis:
1083 1090 81 41 i.
1124 1090 108 41 quod
1178 1090 81 41 haec

738 1131 227 40 substantia
916 1131 162 40 quidam
1030 1131 162 40 ponunt
1143 1131 114 40 eam
1192 1131 65 40 du

740 1167 137 49 plicis
836 1167 165 49 naturae,
960 1167 165 49 scilicet
1084 1167 151 49 formas,
1193 1167 69 49 &
1207 1167 55 49 ma

742 1207 208 43 thematiea,
905 1207 119 43 quae
980 1207 148 43 ponunt
1084 1207 134 43 inter
1158 1207 89 43 for-

745 1252 93 31 mas
798 1252 186 31 abstractas
944 1252 66 31 &
970 1252 199 31 substantias
1116 1252 133 31 sensibi-

738 1285 121 53 les.
813 1285 75 53 &
844 1285 151 53 quidam
949 1285 151 53 ponunt
1055 1285 151 53 formas
1160 1285 75 53 &
1176 1285 75 53 ma-

742 1324 218 47 thematica
910 1324 134 47 vnam
994 1324 202 47 naturam.
1145 1324 84 47 &
1162 1324 84 47 qui

742 1365 193 37 amponunt
887 1365 241 37 substantiam
1063 1365 193 37 abstractam

743 1399 114 42 sola
814 1399 228 42 mathematica,
999 1399 71 42 &
1027 1399 100 42 non
1084 1399 142 42 dicunt
1170 1399 85 42 for-

744 1439 102 53 mas
803 1439 131 53 esse.
890 1439 88 53 Et
934 1439 146 53 primus
1036 1439 131 53 sermo
1124 1439 102 53 est
1167 1439 88 53 Pla-

743 1477 152 45 tonis.
849 1477 183 45 Secundus
987 1477 152 45 autem,
1093 1477 91 45 vt
1139 1477 152 45 dixit:

743 1517 171 37 Alexan.
868 1517 109 37 est
930 1517 202 37 alterius,
1086 1517 78 37 &
1101 1517 156 37 secundum

742 1557 268 49 expositionem
960 1557 218 49 quorundam
1110 1557 151 49 discipu

736 1596 137 37 lorum
827 1596 183 37 Platonis
965 1596 107 37 est
1026 1596 199 37 Platonis.
1163 1596 92 37 Ter-

742 1636 108 38 tius
809 1636 94 38 est
863 1636 202 38 Pythagotae,
1024 1636 67 38 &
1051 1636 162 38 aliorum:
1159 1636 94 38 quam-

742 1671 101 43 uis
799 1671 145 43 variet
901 1671 87 43 de
944 1671 145 43 istis,
1046 1671 101 43 qui
1104 1671 101 43 non
1147 1671 116 43 dicunt

744 1717 166 32 numerum
865 1717 121 32 esse
940 1717 226 32 abstractum.
1121 1717 75 32 &
1151 1717 91 32 in
1182 1717 75 32 tra

743 1749 126 53 ctatu
827 1749 167 53 sequenti
952 1749 98 53 cum
1008 1749 126 53 istis
1092 1749 167 53 loquitur
1203 1749 56 53 de

741 1784 110 42 hac
788 1784 205 42 substantia.
