1475 2066
188 148 156 57 Illae
292 148 173 57 itaque
413 148 243 57 Naturalis.
604 148 121 57 cum
656 148 69 57 mo

203 196 95 46 tu
251 196 158 46 nanque
361 196 142 46 sunt.
456 196 126 46 ista
534 196 142 46 autem
613 196 95 46 alte

197 236 130 46 rius
278 236 130 46 est,
359 236 97 46 si
407 236 162 46 nullum
521 236 113 46 eis
569 236 146 46 commune

210 284 221 43 principium
384 284 126 43 est.
463 284 221 43 Sensibilis
620 284 95 43 vero

207 322 197 49 substantia
362 322 183 49 mutabilis
502 322 112 49 est.
572 322 84 49 Si
601 322 112 49 itaque

202 361 96 49 ex
250 361 223 49 oppositis,
425 361 112 49 aut
489 361 159 49 mediis
585 361 127 49 muta

207 412 99 45 tio
264 412 114 45 sit,
335 412 185 45 oppositis
477 412 114 45 vero
548 412 99 45 non
590 412 128 45 omnibus

207 452 134 46 (non
291 452 151 46 album
391 452 134 46 enim
475 452 134 46 ipsa
558 452 134 46 vox,
625 452 84 46 ve-

202 489 111 41 rum
265 489 95 41 ex
313 489 205 41 contrario
471 489 174 41 necesse
597 489 111 41 est
645 489 63 41 al

204 529 127 42 quid
284 529 191 42 subesse,
427 529 127 42 quod
507 529 96 42 in
539 529 175 42 contrarie

211 580 134 38 tatem
301 580 179 38 mutetur.
435 580 105 38 non
495 580 120 38 enim
555 580 164 38 contraria

207 615 263 52 transmutantur.
427 615 190 52 Praeterea
573 615 102 52 hoc
617 615 88 52 quid

207 659 118 39 dem
274 659 218 39 permanet,
442 659 235 39 contrarium
610 659 101 39 vero

200 700 98 47 non
256 700 181 47 permanet.
395 700 98 47 est
451 700 139 47 igitur
549 700 153 47 aliquid
646 700 70 47 ter

211 741 106 45 tium
277 741 145 45 praeter
383 741 185 45 contraria,
528 741 106 45 ipsa
581 741 132 45 materia.

248 779 89 58 Et
293 779 134 58 sermo
382 779 89 58 de
426 779 134 58 istis
515 779 134 58 modis
589 779 119 58 duobu-

206 828 100 62 est
263 828 200 62 Naturalis.
420 828 114 62 ista
492 828 114 62 enim
563 828 114 62 sunt
620 828 86 62 cun-

204 876 131 62 motu.
291 876 73 62 &
320 876 116 62 ista
392 876 174 62 alterius
523 876 116 62 est,
595 876 87 62 cu
639 876 102 62 non

205 924 156 59 habeant
318 924 142 59 neque,
417 924 113 59 vnum
488 924 198 59 principium
630 924 85 59 com-

198 972 142 65 mune.
293 972 220 65 Substantia
466 972 142 65 autem
545 972 157 65 sensibi-

204 1020 101 65 lis
261 1020 101 65 est
319 1020 274 65 transmutabilis.
550 1020 87 65 Si
593 1020 144 65 igitur

202 1068 218 63 transmutatio
379 1068 95 63 est
434 1068 82 63 ex
475 1068 177 63 oppositis
611 1068 82 63 in
638 1068 68 63 si-

202 1117 101 57 tu,
259 1117 101 57 aut
317 1117 87 57 ex
360 1117 144 57 medio,
462 1117 101 57 non
519 1117 101 57 est
577 1117 87 57 ex
606 1117 101 57 omni-

202 1165 95 61 bus
257 1165 177 61 oppositis
393 1165 82 61 in
434 1165 109 61 situ
502 1165 109 61 (vox
571 1165 109 61 enim
639 1165 95 61 non

205 1211 138 63 album,
302 1211 97 63 sed
357 1211 207 63 econtrario,
523 1211 152 63 necesse
620 1211 83 63 esse

206 1260 90 59 vt
251 1260 196 59 subiectum
402 1260 105 59 sit
462 1260 105 59 ei,
522 1260 121 59 quod
583 1260 121 59 trans-

203 1309 172 45 mutatur
329 1309 94 45 ad
376 1309 298 45 contrarietatem.
611 1309 94 45 con-

191 1356 169 46 traria
309 1356 135 46 enim
393 1356 118 46 non
444 1356 253 46 transmutantur

199 1404 186 63 Amplius
335 1404 119 63 hic
402 1404 220 63 permanet,
555 1404 152 63 contra-

190 1457 146 53 rium
281 1457 165 53 autem
391 1457 128 53 non
464 1457 238 53 permanet.
629 1457 73 53 ma

197 1509 131 47 teria
285 1509 116 47 enim
358 1509 146 47 tertia
460 1509 102 47 est
518 1509 73 47 a
532 1509 175 47 contrarus,

245 1549 127 45 Dixit
330 1549 127 45 Alex.
414 1549 99 45 Et,
471 1549 99 45 cum
527 1549 155 45 locutus
626 1549 85 45 fuit

206 1589 76 45 de
244 1589 178 45 substantia
384 1589 140 45 mobili.
486 1589 76 45 d.
524 1589 102 45 quod
575 1589 140 45 Naturalis

206 1627 123 53 debet
288 1627 123 53 loqui
370 1627 82 53 de
411 1627 123 53 istis
493 1627 137 53 duabus
575 1627 137 53 substan-

200 1669 83 48 tis
247 1669 142 48 scilicet
354 1669 118 48 eterna
437 1669 59 48 &
460 1669 201 48 corruptibili.
614 1669 83 48 Consu

199 1712 161 34 deratio
316 1712 117 34 enim
389 1712 190 34 Naturalis
536 1712 102 34 est
594 1712 88 34 de
623 1712 88 34 sub-

200 1749 132 37 stantiis
299 1749 154 37 mobilibus,
420 1749 132 37 secundum
518 1749 88 37 quod
573 1749 121 37 accipit
650 1749 66 37 prin

197 1787 140 47 cipia
290 1787 171 47 istorum
414 1787 78 47 a
445 1787 140 47 primo
522 1787 186 47 Philosopho

202 1825 185 42 substantia
347 1825 119 42 autem
426 1825 171 42 inmobilis
558 1825 92 42 est
597 1825 119 42 propria

721 164 93 32 pri
774 164 93 32 mae
827 164 226 32 Philosophiae.
1014 164 146 32 Alexan.
1120 164 120 32 autem
1187 164 53 32 in

727 193 91 52 hoc
779 193 104 52 loco
844 193 130 52 aperte
935 193 91 52 vte
987 193 143 52 dicere,
1091 193 104 52 quod
1143 193 91 52 Natu-

729 234 129 47 ralis
814 234 200 47 consyderat
972 234 86 47 de
1014 234 200 47 substantia
1157 234 86 47 mobi

730 268 94 52 li,
783 268 174 52 quaerendo
917 268 174 52 principia
1051 268 107 52 eius
1118 268 67 52 a
1132 268 107 52 Philo-

729 309 129 37 sopho,
820 309 65 37 &
846 309 104 37 quod
910 309 194 37 Philosophus
1066 309 155 37 declarat
1169 309 78 37 haec

722 344 176 49 principia
858 344 122 49 esse.
939 344 95 49 sed
993 344 95 49 iam
1033 344 203 49 declarauimus,

733 383 97 50 quod
794 383 97 50 iste
854 383 109 50 sermo
927 383 85 50 non
976 383 85 50 est
1024 383 121 50 verus:
1109 383 61 50 &
1134 383 97 50 quod
1182 383 61 50 Na-

735 429 149 45 turalis
844 429 190 45 consyderat
993 429 81 45 de
1034 429 190 45 substantia
1169 429 68 45 mo-

730 460 125 46 bili,
813 460 181 46 quaerendo
952 460 181 46 principia
1091 460 125 46 eius,
1161 460 83 46 pue-

728 501 138 49 niendo
825 501 69 49 a
852 501 235 49 posterioribus
1046 501 83 49 ad
1087 501 152 49 priora,
1184 501 55 49 vt

728 537 169 41 declaratum
861 537 85 41 est
909 537 121 41 illic.
994 537 97 41 D.d.
1054 537 97 41 ista
1114 537 97 41 enim
1163 537 72 41 sunt

734 573 88 50 cum
785 573 114 50 motu.
861 573 76 50 i.
899 573 63 50 &
924 573 202 50 consyderatio
1088 573 76 50 de
1114 573 126 50 substan-

734 624 66 34 tia
771 624 95 34 mobili
838 624 66 34 est
876 624 114 34 alterius
961 624 114 34 scienti,
1046 624 114 34 scilicet
1132 624 104 34 istius,
1198 624 38 34 et

735 653 82 46 cam
782 653 70 46 in
817 653 82 46 hoc
864 653 94 46 est,
923 653 94 46 quia
982 653 106 46 illae
1052 653 94 46 duae
1099 653 129 46 substanti

726 694 111 44 sunt
796 694 167 44 mobiles,
921 694 111 44 haec
990 694 125 44 autem
1073 694 97 44 est
1129 694 111 44 alia
1184 694 56 44 ab

728 732 109 39 eis
790 732 78 39 &
821 732 217 39 immobilis,
991 732 109 39 cum
1053 732 155 39 mobile
1162 732 78 39 &
1177 732 62 39 im

729 773 147 45 mobile
832 773 103 45 non
891 773 162 45 habeant
1009 773 206 45 principium
1157 773 88 45 sibi

732 813 133 44 ommune.
829 813 97 44 D.d.
889 813 170 44 Substantia
1023 813 109 44 autem
1083 813 158 44 sensibilis,

725 852 84 38 &c.
773 852 108 38 Alex.
845 852 72 38 i.
881 852 84 38 cum
929 852 120 38 dixit,
1013 852 96 38 quod
1073 852 108 38 sermo
1145 852 72 38 de
1169 852 72 38 sub-

724 888 131 43 stantia
820 888 155 43 sensibili
939 888 84 43 est
987 888 120 43 Nalis,
1071 888 84 43 cum
1118 888 84 43 sit
1166 888 72 43 in
1190 888 48 43 mo

733 926 79 44 tu,
778 926 57 44 &
801 926 79 44 iam
846 926 158 44 praedixit,
970 926 91 44 quod
1027 926 125 44 necesse
1118 926 79 44 est
1151 926 91 44 accipe

724 967 80 43 re
764 967 160 43 elementa
883 967 200 43 substantiae
1043 967 200 43 sensibilis,
1190 967 53 43 si

732 1003 109 53 vnum,
804 1003 60 53 &
829 1003 73 53 si
865 1003 121 53 plura.
950 1003 194 53 Consyderatio
1107 1003 97 53 enim
1167 1003 73 53 in
1192 1003 60 53 hoc

729 1044 69 53 &
757 1044 83 53 in
799 1044 194 53 inueniendo
951 1044 181 53 principia
1076 1044 167 53 naturalium

726 1084 101 40 est
783 1084 130 40 primi
870 1084 216 40 Philosophi.
1043 1084 72 40 &
1072 1084 115 40 ideo
1130 1084 115 40 incoe-

728 1120 101 52 pit
785 1120 115 52 suum
857 1120 173 52 sermonem
987 1120 86 52 in
1030 1120 115 52 hoc,
1102 1120 72 52 &
1116 1120 130 52 declara

731 1161 96 42 uit
786 1161 109 42 quae
854 1161 109 42 sunt
923 1161 164 42 elementa
1046 1161 164 42 naturali
1155 1161 82 42 sub-

726 1201 178 52 stantiae.
864 1201 69 52 &
891 1201 82 52 ad
932 1201 96 52 hoc
987 1201 151 52 accepit
1083 1201 165 52 propositio

725 1236 80 46 nem
770 1236 160 46 manifestam
896 1236 137 46 scilicet
998 1236 91 46 quod
1055 1236 103 46 omnis
1112 1236 137 46 sensibilis

719 1276 208 46 substantia
883 1276 104 46 est
942 1276 282 46 transmutabilis.
1165 1276 74 46 Om-

725 1315 93 41 nis
778 1315 106 41 enim
844 1315 173 41 huiusmodi
977 1315 199 41 substantia,
1137 1315 93 41 aut
1177 1315 66 41 est

731 1357 236 37 transmutabilis
928 1357 79 37 in
967 1357 105 37 loco
1033 1357 144 37 tantum,
1138 1357 79 37 vt
1164 1357 79 37 sub-

728 1396 159 38 stantia
843 1396 173 38 aeterna:
973 1396 101 38 aut
1031 1396 87 38 in
1075 1396 188 38 qualitate
1205 1396 43 38 &

729 1437 235 50 magnitudine:
920 1437 103 50 aut
979 1437 88 50 in
1023 1437 221 50 substantia,
1185 1437 59 50 vt

723 1477 85 47 in
765 1477 213 47 generatione
935 1477 85 47 D.
978 1477 184 47 coniungit
1120 1477 85 47 ei
1148 1477 99 47 aliam

731 1509 155 54 proponem
847 1509 193 54 manifestam,
1002 1509 64 54 &
1028 1509 103 54 est,
1092 1509 103 54 quod
1144 1509 90 54 illud

729 1549 124 54 quod
806 1549 263 54 transmutatur,
1023 1549 93 54 ex
1054 1549 170 54 contrario

728 1589 99 46 aut
784 1589 85 46 ex
827 1589 127 46 medio
911 1589 127 46 inter
996 1589 183 46 contraria
1122 1589 113 46 trans-

728 1628 150 46 mutatur:
840 1628 88 46 sed
890 1628 88 46 ea,
940 1628 100 46 quae
1003 1628 100 46 sunt
1065 1628 113 46 inter
1128 1628 113 46 contra-

731 1669 110 37 ria,
800 1669 96 37 non
855 1669 165 37 dicuntur
978 1669 110 37 esse
1047 1669 192 37 contraria:
1184 1669 55 37 me

733 1708 92 52 dia
785 1708 105 52 enim
851 1708 78 52 ex
890 1708 131 52 quibus
981 1708 92 52 sit
1034 1708 209 52 transmutatio
1191 1708 52 52 ac

727 1756 158 38 extrema,
845 1756 92 38 non
898 1756 197 38 simpliciter
1056 1756 105 38 sunt
1108 1756 145 38 contraria

725 1797 88 30 ex
769 1797 191 30 extremis:
916 1797 117 30 vnde
989 1797 88 30 vt
1033 1797 103 30 non
1092 1797 88 30 ex
1121 1797 132 30 contra-

727 1829 134 53 rijs.
817 1829 105 53 quo
876 1829 120 53 modo
951 1829 134 53 autem
1026 1829 209 53 transmutatio
