1475 2066
190 141 277 46 rememorantionem
424 141 87 46 de
467 141 117 46 hoc,
540 141 117 46 quod
598 141 117 46 decla-

206 188 101 38 ratum
273 188 78 38 est
318 188 67 38 in
351 188 134 38 scientia
452 188 145 38 Naturali.
564 188 78 38 Sed
608 188 101 38 tamen
664 188 56 38 hic

210 221 109 54 magis
283 221 182 54 generaliter
428 221 194 54 perscrutatur
586 221 85 54 qua
634 221 73 54 in
659 221 49 54 na

205 261 156 51 turalibus.
328 261 67 51 v.
361 261 67 51 g.
395 261 101 51 quod,
462 261 78 51 cum
507 261 134 51 declarat
607 261 89 51 quod
652 261 67 51 prin

212 301 117 38 cipia
290 301 195 38 substantiae
446 301 182 38 sensibilis
589 301 91 38 est
628 301 78 38 mate

208 335 96 46 ria
263 335 69 46 &
291 335 138 46 forma,
387 335 152 46 quaerit
498 335 124 46 vtrum
566 335 152 46 principia

206 380 182 38 substantiae
351 380 97 38 sint
412 380 158 38 principia
533 380 133 38 aliorum
618 380 97 38 praedi

202 413 195 45 camentorum
355 413 98 45 aut
411 413 98 45 non
467 413 70 45 &
495 413 126 45 sicut
565 413 153 45 perscruta

213 453 81 45 tus
260 453 81 45 est
306 453 70 45 in
341 453 163 45 praedictis
469 453 174 45 tractatibus
608 453 70 45 de
631 453 70 45 for-

195 492 92 46 ma,
248 492 119 46 vtrum
327 492 92 46 sit
380 492 185 46 substantia
525 492 92 46 aut
578 492 106 46 non,
644 492 66 46 &
657 492 53 46 de

209 533 168 48 vniversalie
343 533 56 48 &
366 533 179 48 particulari,
511 533 56 48 &
534 533 90 48 ideo
590 533 101 48 fecit
646 533 67 48 reme

202 572 184 48 morationem
347 572 79 48 in
386 572 92 48 hoc
439 572 105 48 loco
504 572 79 48 de
544 572 92 48 eo,
597 572 105 48 quod
649 572 66 48 de-

207 613 159 42 claratum
326 613 93 42 est
379 613 79 42 de
419 613 185 42 principiis
551 613 159 42 substantia

211 651 163 39 sensibilis
340 651 70 39 in
375 651 140 39 Scientia
480 651 152 39 Naturali,
596 651 58 39 &
620 651 70 39 in
643 651 70 39 tra-

207 689 131 47 ctatibus
305 689 152 47 praedictis
425 689 109 47 istius
501 689 152 47 scientiae.
621 689 98 47 Istae
675 689 44 47 au

214 732 62 44 tem
250 732 71 44 duae
294 732 116 44 scientiae
384 732 98 44 vicinae
455 732 71 44 sunt
500 732 107 44 scilicet
580 732 116 44 scientia,
660 732 54 44 quae

207 772 180 42 consyderat
348 772 77 42 de
387 772 167 42 principis
515 772 193 42 substantiae
657 772 51 42 mo

209 805 109 52 bilis
282 805 73 52 in
318 805 73 52 eo
355 805 97 52 quod
415 805 85 52 est
464 805 146 52 mobilis,
573 805 61 52 &
598 805 97 52 quae
646 805 73 52 con-

204 841 134 41 syderat
301 841 73 41 de
338 841 85 41 eis
386 841 73 41 in
423 841 73 41 eo
459 841 97 41 quod
520 841 195 41 substantiae.
678 841 61 41 &

204 883 87 50 ion
253 883 161 50 possibile
377 883 87 50 est
427 883 87 50 vti
477 883 87 50 his
526 883 174 50 proponibus
650 883 50 50 ma

200 920 84 43 gis
248 920 179 43 generalibus
391 920 95 43 quam
451 920 72 43 in
486 920 143 43 scientia
582 920 131 43 Naturali.

203 957 93 51 non
256 957 79 51 in
295 957 79 51 eo
335 957 106 51 quod
401 957 93 51 est
454 957 185 51 substantia
587 957 132 51 simplici

206 1004 99 38 ter.
268 1004 74 38 Et
305 1004 149 38 secundum
416 1004 87 38 hoc
466 1004 211 38 verificabitur
627 1004 87 38 sermo

212 1037 117 38 Alex.
290 1037 91 38 cum
342 1037 78 38 d.
380 1037 104 38 quod
445 1037 207 38 consyderatio
600 1037 104 38 Natura

207 1075 88 39 lis
258 1075 88 39 est
308 1075 76 39 de
346 1075 202 39 substantiis,
510 1075 101 39 quae
573 1075 101 39 sunt
636 1075 76 39 in
662 1075 50 39 mo

211 1113 78 42 tu,
256 1113 134 42 secundum
356 1113 89 42 quod
412 1113 123 42 accidit
502 1113 145 42 principia
602 1113 112 42 instorum

208 1148 58 55 a
232 1148 104 55 primo
301 1148 161 55 Philosopho
428 1148 138 55 scilicet
531 1148 92 55 quod
578 1148 138 55 intelligen

200 1188 85 43 da
242 1188 113 43 sunt
313 1188 85 43 ex
355 1188 99 43 hoc
412 1188 127 43 causa
496 1188 169 43 formalis
623 1188 71 43 &
637 1188 71 43 fi-

203 1229 130 49 nalis,
294 1229 91 49 non
346 1229 182 49 materialis
490 1229 65 49 &
516 1229 143 49 mouens,
607 1229 104 49 quauis

199 1269 91 37 sint
256 1269 80 37 vna
301 1269 137 37 secundum
404 1269 160 37 subiectum.
529 1269 68 37 Et
564 1269 148 37 similiter
666 1269 46 37 ve

209 1309 196 40 rificabitur
366 1309 117 40 sermo
444 1309 104 40 eius
509 1309 196 40 praedictus,
653 1309 65 40 cum

208 1348 83 38 d.
250 1348 110 38 quod
318 1348 207 38 demonstrare
484 1348 179 38 principia
608 1348 110 38 entium

203 1390 96 37 est
258 1390 124 37 primi
341 1390 206 37 Philosophi,
505 1390 69 37 &
533 1390 110 37 quod
588 1390 124 37 Natura-

208 1421 70 45 lis
248 1421 91 45 ponit
309 1421 60 45 ea
339 1421 141 45 positione,
449 1421 121 45 scilicet
540 1421 81 45 quod
580 1421 121 45 intelligen

204 1460 74 38 da
241 1460 87 38 est
290 1460 111 38 causa
365 1460 149 38 formalis
476 1460 62 38 &
501 1460 149 38 finalis,
612 1460 87 38 non
649 1460 62 38 mo-

203 1501 109 39 uens
271 1501 68 39 &
299 1501 204 39 materialis.
462 1501 82 39 Et
502 1501 177 39 similiter
625 1501 95 39 veri-

209 1536 163 43 ficabitur
335 1536 113 43 etiam
410 1536 113 43 sermo
485 1536 113 43 eius,
561 1536 88 43 cum
611 1536 75 43 d.
636 1536 75 43 illa

203 1579 114 39 autem
279 1579 101 39 alia
342 1579 164 39 principia
469 1579 101 39 sunt
532 1579 164 39 Naturalis
646 1579 63 39 tam

204 1617 98 41 tum,
265 1617 86 41 cum
314 1617 134 41 fuerint
412 1617 171 41 intellecta
546 1617 73 41 ex
583 1617 110 41 istis
644 1617 73 41 haec

217 1653 78 52 duo
261 1653 112 52 tantum
340 1653 156 52 principia.
462 1653 134 52 scilicet
563 1653 123 52 materia
641 1653 78 52 prima

208 1693 73 49 &
238 1693 146 49 primum
340 1693 161 49 mouens.
457 1693 88 49 Et
501 1693 161 49 cecidit
603 1693 117 49 dubita

204 1732 85 46 tio
252 1732 73 46 in
289 1732 97 46 hoc,
349 1732 97 46 quod
410 1732 169 46 principium
543 1732 145 46 formale,
652 1732 60 46 &
664 1732 48 46 fi

201 1768 134 42 nale,
291 1768 75 42 &
321 1768 149 42 mouens
425 1768 105 42 non
485 1768 120 42 sunt
560 1768 120 42 tria
619 1768 90 42 numo

203 1813 92 37 ro,
255 1813 92 37 sed
308 1813 105 37 vnum
374 1813 79 37 in
413 1813 158 37 subiecto
531 1813 66 37 &
558 1813 105 37 tria
623 1813 79 37 in
649 1813 53 37 ra

734 140 111 46 tione.
811 140 133 46 secundum
911 140 100 46 autem
977 140 89 46 quod
1033 140 77 46 est
1077 140 122 46 mouens,
1154 140 100 46 declara

741 184 78 41 tur
785 184 89 41 esse
841 184 67 41 in
874 184 133 41 scientia
974 184 144 41 Naturali,
1085 184 56 41 &
1108 184 89 41 quod
1163 184 78 41 non
1196 184 56 41 est

738 223 61 43 in
768 223 122 43 materia:
860 223 51 43 &
880 223 122 43 secundum
972 223 81 43 quod
1023 223 122 43 concedit
1114 223 81 43 haec
1155 223 102 43 scientia

732 266 114 40 quod
803 266 100 40 hoc
860 266 143 40 mouens
960 266 100 40 non
1017 266 100 40 est
1074 266 86 40 in
1102 266 143 40 materia,

736 307 160 31 declarat
856 307 107 31 quod
922 307 93 31 est
975 307 120 31 forma
1055 307 67 31 &
1082 307 120 31 finis
1148 307 107 31 istius

739 339 164 39 sensibilis
868 339 188 39 substantiae,
1021 339 82 39 non
1067 339 70 39 in
1103 339 70 39 eo
1138 339 94 39 quod
1196 339 82 39 est

739 377 155 49 sensibilis,
862 377 72 49 sed
904 377 62 49 in
935 377 62 49 eo
966 377 83 49 quod
1017 377 72 49 est
1058 377 83 49 ens.
1110 377 124 49 secundum
1192 377 52 49 igi

728 420 90 38 tur
779 420 90 38 hoc
831 420 90 38 est
882 420 218 38 intelligendum
1061 420 102 38 quod
1112 420 141 38 principia

739 455 144 52 vtriusque
850 455 144 52 scientiae
961 455 89 52 sunt
1016 455 122 52 diuersa
1105 455 67 52 in
1138 455 89 52 modo
1182 455 67 52 tan-

730 500 114 35 tum,
801 500 100 35 non
858 500 86 35 in
901 500 128 35 esse.
986 500 71 35 &
1015 500 114 35 ideo
1086 500 128 35 sermo
1157 500 86 35 Ale-

727 537 97 34 est
783 537 125 34 valde
866 537 222 34 dubitabilis,
1047 537 111 34 nisi
1102 537 139 34 determi-

728 579 123 31 netur
810 579 109 31 sic.
878 579 82 31 Ex
919 579 95 31 quo
974 579 150 31 errauit
1083 579 123 31 Auic.
1151 579 95 31 sicut

735 612 130 38 dixit.
826 612 65 38 &
852 612 169 38 oportebat
982 612 117 38 Alex.
1059 612 78 38 si
1098 612 91 38 hoc
1137 612 104 38 inten-

733 646 123 40 debat,
819 646 110 40 sicut
892 646 86 40 est
941 646 135 40 famosus
1040 646 74 40 in
1076 646 86 40 hac
1113 646 123 40 scientia

734 686 224 44 distinguere
913 686 75 44 &
943 686 224 44 determinare
1122 686 119 44 hoc.
1181 686 60 44 Et

728 725 133 37 ideo
811 725 182 37 videmus
944 725 232 37 Themistium
1110 725 116 37 dimit

728 761 111 49 tere
797 761 111 49 hanc
867 761 208 49 intentionem
1019 761 221 49 vniuersaliter.

773 821 90 45 Si
818 821 151 45 itaque
924 821 286 45 transmutationes
1150 821 90 45 sunt

726 865 182 54 quatuor,
862 865 106 54 aut
923 865 182 54 secundum
1059 865 136 54 ipsum
1135 865 106 54 quid,

732 917 96 46 aut
787 917 165 46 secundum
911 917 138 46 quale,
1007 917 96 46 aut
1062 917 165 46 quantum,
1172 917 69 46 aut

728 957 126 42 vbi:
807 957 94 42 ac
854 957 204 42 generatio
1011 957 173 42 simplex
1137 957 94 42 et
1168 957 79 42 cor

733 997 138 47 ruptio,
833 997 100 47 quae
895 997 150 47 secundum
1008 997 100 47 quod
1070 997 100 47 quid
1133 997 100 47 fit,
1183 997 63 47 aug

728 1035 170 39 mentatio
855 1035 71 39 &
884 1035 198 39 diminutio,
1040 1035 113 39 quae
1096 1035 142 39 secundum

740 1074 155 54 quantum,
856 1074 181 54 alteratio,
998 1074 103 54 quae
1062 1074 155 54 secundum
1166 1074 77 54 pas-

731 1116 149 50 sionem,
840 1116 122 50 latio
921 1116 122 50 vero,
1003 1116 109 50 quae
1071 1116 163 50 secundum
1179 1116 68 50 lo-

728 1157 129 45 cum:
808 1157 193 45 profecto
953 1157 97 45 in
985 1157 258 45 contrarietates

728 1205 121 39 quae
803 1205 181 39 secundum
940 1205 181 39 singulum
1061 1205 181 39 mutationes

728 1241 157 41 erunt,
838 1241 172 41 necesse
963 1241 110 41 est
1026 1241 157 41 igitur
1120 1241 125 41 mutari

725 1278 241 45 materiam,
911 1278 148 45 quae
1004 1278 148 45 ambo
1078 1278 167 45 possit.

775 1320 89 62 Si
820 1320 149 62 igitur
924 1320 282 62 transmutationes
1147 1320 89 62 sunt

728 1367 169 60 quatuor,
855 1367 99 60 aut
911 1367 85 60 in
954 1367 127 60 quid,
1038 1367 99 60 aut
1095 1367 85 60 in
1137 1367 127 60 quale

734 1413 109 70 aut
796 1413 93 70 in
842 1413 186 70 quantum,
982 1413 109 70 aut
1044 1413 93 70 in
1090 1413 124 70 vbi:
1152 1413 93 70 gene

730 1464 119 58 ratio
809 1464 92 58 aut
862 1464 198 58 fimpliciter
1020 1464 92 58 est
1073 1464 79 58 in
1113 1464 106 58 hoc,
1166 1464 79 58 aug.

730 1508 168 62 mentum
848 1508 134 62 vero
932 1508 101 62 in
982 1508 202 62 quantum,
1117 1508 134 62 altera

727 1557 104 63 tio
787 1557 134 63 autem
876 1557 89 63 in
921 1557 209 63 passiones,
1070 1557 179 63 translatio

728 1605 122 55 aute
804 1605 91 55 in
849 1605 152 55 locum:
956 1605 167 55 videtur
1078 1605 122 55 quod
1139 1605 106 55 tras-

728 1653 223 61 mutationes
903 1653 112 61 non
967 1653 255 61 inueniantur,
1158 1653 96 61 nisi

728 1705 88 63 in
772 1705 118 63 eis,
846 1705 118 63 quae
919 1705 118 63 sunt
993 1705 88 63 in
1037 1705 206 63 vnoquoque.
1199 1705 74 63 &

723 1752 170 59 necesse
846 1752 108 59 est
908 1752 93 59 vt
954 1752 170 59 materia
1063 1752 185 59 transmute-

726 1805 120 61 tur,
801 1805 120 61 quia
876 1805 105 61 pot
936 1805 105 61 est
981 1805 165 61 vtrunque,
