1475 2066
183 133 153 46 pinquae
295 133 112 46 sunt
364 133 84 46 vt
406 133 112 46 sint
476 133 84 46 in
518 133 181 46 potentia,
643 133 70 46 sed

198 172 112 46 tamen
272 172 137 46 insimul
372 172 100 46 sunt
434 172 75 46 in
471 172 112 46 actu.
546 172 62 46 &
571 172 100 46 ideo
633 172 75 46 d.
671 172 62 46 &

201 213 76 45 est
245 213 109 45 melius
321 213 87 45 quam
375 213 87 45 quod
430 213 98 45 omnia
495 213 87 45 sint
550 213 131 45 insimul.
648 213 65 45 i.
680 213 54 45 &

195 261 143 46 ponere,
299 261 104 46 quod
364 261 143 46 materia
469 261 91 46 est
521 261 78 46 in
560 261 156 46 potentia
664 261 52 46 om

194 295 93 44 nia
247 295 80 44 in
287 295 213 44 dissolutione
460 295 133 44 illius
539 295 173 44 quaestionis

196 332 121 53 melius
280 332 85 53 est
329 332 85 53 qua
377 332 133 53 dicere,
474 332 97 53 quod
534 332 109 53 omnia
594 332 121 53 existunt

195 373 81 38 in
236 373 108 38 actu
304 373 81 38 in
344 373 162 38 mistione
466 373 162 38 insimul.
588 373 108 38 Nom.
642 373 68 38 eni

194 420 137 39 potest
290 420 150 39 euadere
399 420 96 39 per
454 420 191 39 positionem
591 420 109 39 mixtio

188 452 87 51 nis
237 452 75 51 ex
275 452 100 51 hoc,
337 452 100 51 quod
399 452 162 51 generatio
523 452 87 51 fit
573 452 75 51 ex
610 452 100 51 ente
660 452 50 51 in

197 493 119 38 actu:
276 493 66 38 &
303 493 93 38 sic
356 493 146 38 remanet
462 493 159 38 quaestio
567 493 146 38 destruens

198 529 232 40 generationem.
390 529 96 40 D.d
444 529 68 40 &
472 529 96 40 est
526 529 123 40 etiam
595 529 109 40 mistic

198 560 126 50 Empe.
282 560 84 50 i.
324 560 70 50 &
351 560 112 50 ista
421 560 153 50 materia
533 560 112 50 est,
602 560 112 50 quam
658 560 56 50 Em

198 612 79 43 pe
237 612 211 43 inspiciebat,
409 612 92 43 cum
462 612 145 43 posuit,
567 612 106 43 quod
620 612 79 43 mun-

194 644 88 51 dus
244 644 88 51 est
294 644 75 51 ad
331 644 125 51 mistus
419 644 150 51 aliquand
531 644 88 51 per
569 644 138 51 amicitiam

197 684 65 53 &
223 684 144 53 aliquid
327 684 183 53 segregatus
471 684 170 53 perlitem.
602 684 104 53 D.d.
667 684 65 53 &

196 721 103 41 hoc
255 721 236 41 Anaximandri.
447 721 89 41 i.
492 721 74 41 &
521 721 118 41 quod
580 721 133 41 ponebat

191 761 112 41 iste
261 761 126 41 homo,
345 761 126 41 habet
429 761 154 41 aliquam
527 761 182 41 similitudi-

200 800 88 41 nem
251 800 88 41 cum
301 800 151 41 materia.
415 800 139 41 Ponebat
516 800 101 41 enim
579 800 101 41 quod
629 800 76 41 ele-

198 837 148 39 mentum
302 837 148 39 omnium
406 837 134 39 rerum
495 837 104 39 est
540 837 163 39 infinitum

197 878 75 50 &
227 878 150 50 medium
332 878 135 50 inter
422 878 135 50 aerem
513 878 75 50 &
543 878 150 50 ignem,
633 878 75 50 aut

189 917 121 38 inter
269 917 121 38 aquam
349 917 67 38 &
376 917 134 38 aerem,
470 917 121 38 sicut
550 917 121 38 alius
617 917 94 38 facie

201 953 96 50 bat.
261 953 96 50 isti
321 953 96 50 enim
381 953 192 50 inspiciebant
537 953 156 50 potentiam
645 953 60 50 ex-

196 991 167 44 istentem
321 991 83 44 in
363 991 167 44 materia.
488 991 69 44 &
516 991 97 44 ion
557 991 153 44 posuerunt

189 1030 139 45 ipsum
281 1030 155 45 medium
390 1030 139 45 inter
483 1030 108 45 ea,
545 1030 124 45 quae
607 1030 108 45 sunt,

197 1068 120 49 entia
276 1068 80 49 in
316 1068 120 49 actu.
396 1068 66 49 &
423 1068 213 49 inspiciebant
595 1068 120 49 etiam
662 1068 53 49 na

192 1109 128 45 turam
277 1109 185 45 materiae,
420 1109 100 45 cum
477 1109 185 45 posuerunt
605 1109 100 45 ipsum

191 1147 191 50 infinitum,
342 1147 82 50 ne
383 1147 178 50 generatio
520 1147 164 50 secetur.
629 1147 82 50 esse

201 1186 107 40 enim
267 1186 107 40 eius
334 1186 80 40 in
374 1186 160 40 potentia
494 1186 120 40 omnia
574 1186 93 40 est
614 1186 93 40 causa

193 1222 160 53 propter
310 1222 117 53 quam
383 1222 190 53 generatio
529 1222 102 53 non
573 1222 131 53 abscin-

196 1261 142 45 ditur.
295 1261 113 45 D.d.
366 1261 128 45 sicut
451 1261 128 45 dixit
536 1261 156 45 Democr.
635 1261 71 45 om-

196 1309 92 38 nia
248 1309 144 38 fuerunt
353 1309 118 38 nobis
432 1309 79 38 in
472 1309 171 38 potentia,
603 1309 79 38 in
629 1309 79 38 actu

197 1340 137 38 autem
288 1340 106 38 non
349 1340 91 38 in
395 1340 76 38 &
425 1340 91 38 de
455 1340 259 38 propinquioribus

198 1377 123 41 istis
280 1377 82 41 in
321 1377 191 41 aspiciendo
471 1377 164 41 materiam
594 1377 109 41 fuit
648 1377 55 41 De

201 1417 178 40 moeritus,
339 1417 96 40 cum
393 1417 82 40 d.
435 1417 137 40 partes
531 1417 110 40 esse
586 1417 124 40 indiui-

201 1453 162 55 sibiles,
322 1453 108 55 quae
389 1453 108 55 sunt
457 1453 108 55 apud
524 1453 121 55 ipsum
591 1453 108 55 elemen

204 1493 82 51 tum
251 1493 117 51 omnium
333 1493 59 51 d
357 1493 94 51 enim
415 1493 94 51 quod
474 1493 105 51 istae
544 1493 129 51 fuerunt
638 1493 70 51 in
661 1493 47 51 po

204 1540 143 43 tentia
304 1540 143 43 omnia,
404 1540 172 43 antequam
518 1540 186 43 conglutina-

201 1571 130 47 tentur
292 1571 78 47 ad
331 1571 156 47 inuicem,
448 1571 65 47 &
473 1571 104 47 quod
538 1571 143 47 nunquam
629 1571 65 47 fue

200 1607 100 43 runt
262 1607 75 43 in
299 1607 112 43 actu.
374 1607 75 43 D.
412 1607 112 43 Alex.
486 1607 62 43 &
511 1607 112 43 forte
586 1607 100 43 iste
636 1607 75 43 ser-

190 1646 96 51 mo,
245 1646 110 51 quem
314 1646 82 51 d.
355 1646 123 51 omnia
437 1646 151 51 fuerunt
547 1646 123 51 nobis
629 1646 82 51 in
656 1646 55 51 po

199 1684 138 38 tentia,
300 1684 76 38 in
338 1684 101 38 actu
401 1684 113 38 autem
476 1684 101 38 non,
539 1684 88 38 est
590 1684 113 38 totus
653 1684 50 38 De

197 1724 181 44 mocriti:
332 1724 105 44 sed
393 1724 136 44 sermo
483 1724 196 44 Democriti
619 1724 90 44 est,

191 1765 132 37 omnia
279 1765 161 37 fuerunt
396 1765 132 37 nobis
484 1765 88 37 in
528 1765 190 37 potentia,
660 1765 44 37 i

185 1801 174 49 aeterna,
316 1801 116 49 quia
389 1801 232 49 assimilantur
563 1801 145 49 materiae

729 133 83 45 in
771 133 97 45 hac
826 133 208 45 intentione,
992 133 69 45 &
1020 133 111 45 erit
1089 133 125 45 sermo
1172 133 125 45 eius,

726 180 122 38 omnia
808 180 108 38 sunt
876 180 81 38 in
916 180 176 38 potentia,
1052 180 81 38 in
1092 180 108 38 actu
1160 180 122 38 autem

728 214 100 44 non
785 214 128 44 prius
870 214 142 44 Arist.
970 214 71 44 &
998 214 114 44 quia
1069 214 171 44 correxit
1183 214 71 44 ser

734 255 150 48 monem
834 255 233 48 Democriti,
1018 255 183 48 dicendo
1151 255 83 48 &
1168 255 83 48 De-

730 294 106 51 moc.
796 294 119 51 quasi
875 294 66 51 d
902 294 106 51 quod
968 294 132 51 partes
1047 294 198 51 indiuisibilex

730 332 141 50 semper
829 332 156 50 fuerunt
942 332 184 50 aeternae,
1083 332 113 50 bene
1140 332 113 50 inspe-

729 378 101 35 xit
786 378 159 35 naturam
902 378 188 35 materiae:
1047 378 72 35 &
1076 378 145 35 maxime
1163 378 87 35 esse

728 410 110 40 eius
797 410 83 40 in
839 410 166 40 potentia
963 410 124 40 omnia
1046 410 124 40 facta
1129 410 83 40 ex
1156 410 83 40 eis,

727 454 104 36 non
787 454 89 36 in
831 454 134 36 actu.
921 454 119 36 D.d.
995 454 179 36 quousque
1114 454 134 36 inuenia

728 492 103 38 tur
787 492 176 38 admistae
919 492 103 38 cum
978 492 176 38 materia.
1110 492 88 38 i.
1154 492 73 38 &
1169 492 88 38 natu

729 532 86 43 ra
772 532 187 43 veritatis
915 532 158 43 induxit
1030 532 129 43 omnes
1102 532 144 43 autiquos

731 563 159 47 vicinari
850 563 172 47 materiae.
982 563 79 47 Et
1022 563 79 47 d.
1062 563 106 47 hoc,
1115 563 132 47 quasique

727 605 126 48 fuit
806 605 236 48 testimonium
995 605 141 48 super
1089 605 126 48 hoc,
1152 605 94 48 quod

734 649 160 41 probauit
853 649 80 41 de
893 649 160 41 materia.
1013 649 133 41 Nullus
1106 649 106 41 enim
1159 649 80 41 sci-

726 683 97 45 uit
782 683 166 45 materiam
906 683 83 45 in
947 683 97 45 rei
1003 683 166 45 veritate
1127 683 111 45 ante
1183 683 55 45 ij

725 719 117 51 sum,
798 719 102 51 sed
857 719 234 51 inspiciebant
1047 719 132 51 ipsam
1135 719 73 51 a
1149 719 88 51 loge

772 780 162 54 Cuncta
885 780 130 54 vero
966 780 227 54 quaecunque
1129 780 114 54 mutam

725 828 127 39 tur,
805 828 191 39 materiam
948 828 175 39 habent,
1076 828 112 39 sed
1123 828 112 39 diue-

727 867 131 50 sam.
809 867 115 50 nam
874 867 82 50 &
907 867 181 50 ipsorum
1022 867 214 50 sempiterno,

728 917 116 30 rum
794 917 231 30 quaecunque
975 917 116 30 non
1041 917 132 30 sunt
1107 917 132 30 genera

725 948 149 46 bilia,
829 948 104 46 sed
889 948 163 46 latione
1007 948 178 46 mobilia,
1126 948 119 46 attaum

729 994 111 48 non
792 994 253 48 generabilem,
998 994 111 48 sed
1061 994 142 48 vnde,
1156 994 127 48 quo.

778 1029 91 61 Et
823 1029 152 61 omnia,
930 1029 122 61 quae
991 1029 244 61 transmutantur,

719 1076 169 54 habent
838 1076 220 54 materiam,
1007 1076 119 54 sed
1058 1076 186 54 diuersam.

722 1125 128 60 Omnia
807 1125 142 60 igitur
906 1125 170 60 aeterna,
1034 1125 99 60 sci
1091 1125 85 60 li
1119 1125 114 60 omnia,

720 1165 135 65 quae
805 1165 135 65 sunt
889 1165 305 65 ingenerabilia,
1143 1165 85 65 &
1160 1165 85 65 mo-

723 1221 170 54 uentur
842 1221 204 54 secundum
978 1221 256 54 translationem

726 1269 168 56 habent
844 1269 218 56 materiam,
1012 1269 118 56 sed
1079 1269 118 56 non
1129 1269 118 56 gene-

717 1313 170 49 ratam,
836 1313 119 49 sed
904 1313 102 49 ex
955 1313 136 49 vbi,
1039 1313 119 49 aut
1107 1313 102 49 ad
1141 1313 85 49 vbi

765 1373 87 53 Et
809 1373 87 53 si
853 1373 145 53 omnia,
955 1373 116 53 quae
1013 1373 218 53 transmutantur

728 1413 139 45 habent
825 1413 181 45 materiam,
965 1413 125 45 sicut
1048 1413 167 45 diximus,
1159 1413 70 45 sec

725 1452 141 45 naturae
828 1452 179 45 materierum
968 1452 192 45 diuersantur
1109 1452 128 45 secundum

728 1493 135 37 modos
818 1493 165 37 naturae
938 1493 299 37 transmutationis.
1177 1493 60 37 ma

732 1527 130 55 teria
818 1527 130 55 autem
905 1527 231 55 generabilium
1092 1527 101 55 est
1150 1527 86 55 in
1178 1527 58 55 po

729 1568 140 42 tentia,
831 1568 203 42 translatorum
996 1568 114 42 autem
1072 1568 89 42 est
1123 1568 76 42 in
1149 1568 76 42 actu

727 1604 93 47 cum
780 1604 186 47 translatum
926 1604 93 47 sit
979 1604 146 47 asiquid
1085 1604 80 47 in
1125 1604 119 47 actu,
1191 1604 40 47 &

728 1648 105 47 ideo
793 1648 105 47 quod
859 1648 78 47 ex
898 1648 183 47 translatis
1042 1648 131 47 fuerit
1133 1648 92 47 non
1173 1648 52 47 ge

726 1688 167 50 nerabile
852 1688 125 50 neque
935 1688 237 50 corruptibile,
1130 1688 98 50 non
1172 1688 56 50 ha

721 1726 143 49 bebit
816 1726 206 49 materiam,
975 1726 127 49 quam
1054 1726 143 49 habet
1133 1726 95 49 gene

731 1764 136 47 rabile
826 1764 68 47 &
853 1764 230 47 corruptibile,
1043 1764 68 47 &
1070 1764 95 47 est
1125 1764 108 47 quae
1179 1764 54 47 es

729 1801 85 41 in
771 1801 184 41 potentia.
913 1801 71 41 &
941 1801 128 41 quasi
1026 1801 142 41 dicat,
1126 1801 71 41 &
1140 1801 99 41 omuia
