1475 2066
203 148 102 56 tura
267 148 115 56 autem
343 148 89 56 est
394 148 127 56 mouens
483 148 140 56 aliquid
585 148 89 56 per
636 148 89 56 se,
674 148 51 56 i-

210 192 97 54 quia
271 192 134 54 existit
368 192 73 54 in
405 192 73 54 re
441 192 85 54 per
490 192 85 54 se,
538 192 85 54 non
575 192 146 54 accidentas

211 229 130 45 liter.
302 229 65 45 &
328 229 91 45 hoc
380 229 182 45 declaratum
522 229 91 45 est
574 229 78 45 in
600 229 117 45 Secunde

206 269 116 45 Phy.
278 269 101 45 Et.
336 269 101 45 cum
394 269 101 45 non
452 269 130 45 dixit
539 269 87 45 in
582 269 101 45 hoc
626 269 101 45 sermo

214 308 74 47 ne
251 308 86 47 ea,
300 308 98 47 quae
361 308 110 47 fiunt
435 308 184 47 voluntarie,
582 308 110 47 dixit
643 308 74 47 Alex

214 348 86 40 quod
268 348 139 40 possibile
375 348 75 40 est
418 348 129 40 ordinare
514 348 75 40 ea,
557 348 86 40 quae
611 348 96 40 fiunt
664 348 54 40 vo-

204 388 154 51 luntarie,
322 388 106 51 etiam
393 388 83 51 cum
440 388 95 51 eis,
500 388 95 51 quae
559 388 165 51 generantur
677 388 47 51 se

211 425 135 41 cundum
306 425 135 41 artem.
401 425 162 41 Voluntas
522 425 108 41 enim
590 425 95 41 est
630 425 95 41 etiam

206 467 197 47 principium
361 467 85 47 in
403 467 169 47 alterum.
530 467 85 47 D.
572 467 155 47 Alexam.
685 467 70 47 &

213 502 72 44 &
241 502 100 44 cum
299 502 129 44 dixit
385 502 115 44 hoc,
456 502 86 44 d.
500 502 129 44 post,
586 502 115 44 homo
643 502 86 44 enim

202 543 151 53 generat
312 543 165 53 hominem.
436 543 69 53 &
463 543 110 53 iste
532 543 124 53 sermo
600 543 124 53 signifi

212 582 103 53 cat,
276 582 103 53 quod
340 582 90 53 non
392 582 179 53 intendebat
533 582 90 53 per
584 582 103 53 hoc,
648 582 103 53 quod

205 621 76 54 d.
243 621 76 54 de
281 621 102 54 eis,
345 621 102 54 quae
409 621 178 54 generantur
548 621 102 54 quae
612 621 114 54 fiunt
675 621 51 54 ex

206 662 282 36 conuenientibus,
443 662 119 36 nisi
517 662 148 36 primam
606 662 119 36 inten-

209 701 151 37 tionem
314 701 226 37 intentionum
480 701 241 37 conuenientium,

210 742 91 36 Qia
262 742 104 36 enim
327 742 104 36 quae
393 742 104 36 sunt
458 742 209 36 naturaliter,
628 742 91 36 aut
667 742 52 36 ar

207 781 220 38 tificialiter,
388 781 91 38 non
440 781 129 38 habent
518 781 207 38 dispositionem,

215 820 108 48 talem.
291 820 161 48 inueniuntur
420 820 86 48 enim
474 820 75 48 per
517 820 75 48 se,
560 820 75 48 aut
603 820 75 48 per
635 820 86 48 casum,

207 854 95 49 cum
262 854 122 49 vocat
343 854 95 49 ea,
397 854 109 49 quae
465 854 109 49 sunt
533 854 176 49 huiusmodi
655 854 68 49 pri

212 901 129 37 uata,
298 901 100 37 non
355 901 186 37 generata.
498 901 86 37 Et
541 901 172 37 intendit
655 901 72 37 Ale

209 933 104 55 xan.
274 933 91 55 per
326 933 104 55 hunc
391 933 169 55 sermonem,
521 933 104 55 quod
586 933 91 55 ea,
638 933 78 55 de
664 933 65 55 qui

212 972 86 45 bus
261 972 73 45 d.
297 972 122 45 Arist.
383 972 98 45 quod
444 972 86 45 ea,
493 972 98 45 quae
554 972 98 45 sunt
615 972 73 45 ex
639 972 86 45 conue

208 1012 172 44 nientibus,
343 1012 61 44 &
367 1012 74 44 ex
404 1012 98 44 arte
465 1012 98 44 sunt
527 1012 147 44 secundum
625 1012 98 44 primam

211 1053 193 49 intentionem.
368 1053 120 49 Qomnia
452 1053 96 49 enim
512 1053 96 49 quae
572 1053 108 49 fiunt
645 1053 60 49 a
657 1053 72 49 natu

211 1101 80 35 ra
251 1101 67 35 &
278 1101 188 35 artificio,
425 1101 107 35 sunt
492 1101 134 35 talia,
586 1101 94 35 cum
640 1101 94 35 iam
680 1101 40 35 i

207 1130 173 40 scrutatus
340 1130 93 40 est
393 1130 80 40 de
433 1130 106 40 casu
499 1130 80 40 in
539 1130 106 40 alio
605 1130 120 40 loco:
685 1130 66 40 &

205 1169 107 41 ipse
272 1169 94 41 dat
325 1169 161 41 rationem
446 1169 80 41 ex
486 1169 107 41 hoc,
553 1169 107 41 quod
606 1169 121 41 Aristo-

206 1208 99 54 non
263 1208 128 54 vocat
348 1208 113 54 ista
418 1208 184 54 generata.
560 1208 85 54 D.
603 1208 128 54 Alex.
688 1208 71 54 &

205 1244 101 46 forte
272 1244 101 46 fiunt
340 1244 101 46 casu,
408 1244 56 46 &
430 1244 79 46 non
475 1244 79 46 per
520 1244 68 46 se
554 1244 146 46 animalia,
655 1244 68 46 quae

209 1293 218 46 generantur
381 1293 93 46 ex
427 1293 280 46 putrefactione.
645 1293 78 46 quo

207 1332 104 38 niam
272 1332 117 38 autem
349 1332 91 38 ea,
401 1332 104 38 quae
466 1332 117 38 fiunt
544 1332 78 38 ex
570 1332 155 38 artificio,

208 1365 129 37 fiunt
294 1365 86 37 ex
337 1365 272 37 conuenientibus,
566 1365 100 37 iam
608 1365 115 37 decla-

207 1404 122 52 ratum
289 1404 95 52 est
343 1404 81 52 in
384 1404 136 52 primis
479 1404 217 52 tractatibus,
642 1404 81 52 quo-

208 1441 121 42 niam
284 1441 121 42 vero
359 1441 136 42 mulus
450 1441 106 42 fit
511 1441 91 42 ex
541 1441 182 42 conuenien-

206 1484 96 46 te,
261 1484 191 46 declaratum
411 1484 96 46 est
466 1484 82 46 in
507 1484 137 46 primis
589 1484 137 46 tractati

207 1519 101 43 bus.
271 1519 89 43 sit
321 1519 101 43 enim
384 1519 76 43 ex
422 1519 114 43 asimo
498 1519 63 43 &
524 1519 114 43 equa:
600 1519 63 43 &
625 1519 101 43 sunt
675 1519 51 43 ea

212 1560 97 50 qua
268 1560 111 50 sunt
337 1560 97 50 vna
392 1560 180 50 intentio,
531 1560 69 50 &
559 1560 139 50 habent
642 1560 83 50 vnum

205 1598 245 53 nomenpositum.
406 1598 86 53 i.
449 1598 115 53 quod
521 1598 173 53 intentio
637 1598 86 53 con-

204 1637 166 45 ueniens,
329 1637 83 45 ex
370 1637 97 45 qua
426 1637 97 45 fit
481 1637 138 45 mulus,
578 1637 97 45 est
619 1637 97 45 natu-

212 1676 83 39 ra
254 1676 96 39 vna
309 1676 165 39 communis
432 1676 110 39 asmo
501 1676 69 39 &
529 1676 138 39 equae.
625 1676 83 39 Et
652 1676 69 39 hoc

209 1716 108 50 quod
276 1716 121 50 dicit
357 1716 121 50 Alex.
437 1716 81 50 in
478 1716 202 50 expositione
626 1716 94 50 istit

214 1755 98 39 loci
275 1755 86 39 est
324 1755 110 39 totum
397 1755 122 39 bonum,
483 1755 86 39 sed
531 1755 86 39 non
568 1755 159 39 vnversale

210 1793 115 58 verbis
290 1793 115 58 Arist.
370 1793 92 58 quod
428 1793 103 58 ponit
496 1793 126 58 praeter
577 1793 149 58 substantias

203 1833 149 57 aliqua
307 1833 179 57 generari
441 1833 89 57 ex
471 1833 253 57 conveniertibus,

743 149 115 53 sicut
820 149 102 53 ipse
884 149 128 53 dicit,
974 149 102 53 quod
1038 149 141 53 apparet
1140 149 77 53 ex
1166 149 102 53 sermo-

746 197 69 45 ne
781 197 104 45 eius.
850 197 139 45 quoniam,
954 197 81 45 cum
1001 197 116 45 dicit,
1082 197 58 45 &
1105 197 92 45 illa
1163 197 92 45 alia
1209 197 46 45 re

742 228 141 54 sidua,
841 228 99 54 non
897 228 184 54 respodent
1039 228 85 54 ad
1081 228 141 54 illud,
1180 228 113 54 quod

748 267 123 55 dicit,
834 267 99 55 quod
895 267 111 55 fiunt
969 267 74 55 ex
1006 267 234 55 conuenientibus,
1203 267 86 55 sed

744 309 100 51 est
801 309 200 51 principium
958 309 186 51 sermonis,
1102 309 72 51 &
1130 309 115 51 suum
1187 309 72 51 ap-

745 352 146 44 positum
851 352 93 44 est
904 352 93 44 aut
958 352 253 44 artificialiter,
1171 352 93 44 aut
1211 352 53 44 na

740 396 178 30 turaliter,
880 396 89 30 aut
931 396 114 30 casu.
1007 396 76 30 Et
1045 396 76 30 in
1083 396 102 30 alia
1134 396 127 30 transla-

746 427 130 51 tione
832 427 87 51 ab
875 427 101 51 ea,
933 427 115 51 quam
1005 427 173 51 exposuit
1135 427 130 51 Alex.
1207 427 58 51 ce

745 464 101 51 cidit,
815 464 71 51 aut
856 464 192 51 artificialiter.
1017 464 50 51 &
1037 464 121 51 secundum
1128 464 81 51 hoc,
1178 464 81 51 quae
1219 464 40 51 si

745 503 106 44 dicat,
820 503 85 44 quod
873 503 170 44 generabilia,
1011 503 85 44 quae
1065 503 85 44 sunt
1107 503 149 44 substantiae,

747 543 96 41 sunt
807 543 84 41 ea,
855 543 96 41 quae
915 543 108 41 fiunt
987 543 72 41 ex
1023 543 228 41 conuenientibus:
1203 543 60 41 il-

749 581 74 41 la
786 581 112 41 autem
860 581 99 41 alia
922 581 112 41 fiunt
997 581 198 41 naturaliter,
1158 581 87 41 aut
1195 581 62 41 ca-

743 621 88 38 su.
794 621 63 38 &
819 621 151 38 secundum
932 621 88 38 hoc
982 621 88 38 non
1032 621 138 38 accidit
1120 621 138 38 dubitatio

744 661 88 37 in
788 661 103 37 hoc
847 661 176 37 sermone.
980 661 74 37 &
1009 661 103 37 hoc
1068 661 118 37 idem
1127 661 132 37 declara

745 699 100 51 uit
802 699 85 51 in
844 699 171 51 tractatu
972 699 171 51 septimo.
1100 699 85 51 Et
1129 699 128 51 inueni-

742 748 105 31 mus
802 748 120 31 hunc
877 748 179 31 sermonem
1011 748 179 31 copulari
1145 748 90 31 in
1175 748 90 31 alia

744 778 224 40 translatione
926 778 98 40 cum
982 778 98 40 eo,
1039 778 112 40 quod
1109 778 140 40 dictum
1193 778 70 40 est

739 815 121 48 prius
819 815 94 48 hic
873 815 107 48 sic.
940 815 107 48 D.d.
1007 815 147 48 necesse
1114 815 94 48 est
1167 815 80 48 vt
1194 815 67 48 hoc

746 854 82 44 sit
793 854 94 44 post
852 854 94 44 hoc,
911 854 106 44 omnis
982 854 94 44 enim
1040 854 165 44 substantia
1170 854 82 44 fit
1205 854 59 44 ex-

747 895 206 44 conueniente
912 895 82 44 in
953 895 137 44 nomine
1049 895 69 44 &
1077 895 220 44 definitione:

744 934 80 51 ea
784 934 133 51 autem,
877 934 107 51 quae
943 934 120 51 fiunt
1023 934 146 51 natura,
1130 934 107 51 sunt
1183 934 80 51 sub-

748 974 156 38 stantiae,
868 974 96 38 alia
928 974 108 38 autem
1000 974 84 38 aut
1049 974 96 38 sunt
1097 974 168 38 naturalitor,

745 1014 82 51 aut
792 1014 82 51 per
839 1014 82 51 so.
886 1014 70 51 Et
921 1014 129 51 reputo,
1015 1014 94 51 quod
1073 1014 94 51 hoc,
1132 1014 94 51 quod
1179 1014 82 51 ceci-

744 1053 90 38 dit
796 1053 77 38 in
834 1053 206 38 translatione
1002 1053 142 38 Alexam.
1105 1053 64 38 &
1130 1053 103 38 illa
1182 1053 77 38 alia

746 1090 116 48 residua,
833 1090 106 48 quoniam
910 1090 77 48 sunt
959 1090 68 48 aut
997 1090 87 48 casu,
1055 1090 68 48 aut
1094 1090 68 48 per
1133 1090 68 48 se,
1161 1090 97 48 scilicet

747 1130 95 40 hoc,
806 1130 95 40 quod
866 1130 130 40 addidit
961 1130 95 40 hanc
1020 1130 178 40 particulam,
1150 1130 107 40 quoniam

745 1169 100 42 quia
807 1169 149 42 secundum
919 1169 87 42 hoc
968 1169 100 42 quod
1031 1169 124 42 dicit,
1118 1169 62 42 &
1143 1169 100 42 illa
1192 1169 75 42 alia

742 1206 179 52 residua,
877 1206 239 52 respondendum
1071 1206 90 52 ad
1116 1206 120 52 hoc,
1175 1206 90 52 quod

747 1245 128 45 dicit
832 1245 85 45 ex
875 1245 270 45 conuenientibus.
1102 1245 85 45 Et
1145 1245 100 45 hoc
1188 1245 71 45 in-

742 1283 158 47 uenimus
857 1283 86 47 ex
900 1283 230 47 translatione
1087 1283 173 47 loannis,
1202 1283 58 47 si

745 1328 90 47 cut
797 1328 128 47 dicit,
886 1328 64 47 &
912 1328 90 47 cum
964 1328 167 47 processus
1092 1328 128 47 fuerit
1182 1328 77 47 in
1208 1328 51 47 in

746 1365 152 49 finitum,
861 1365 76 49 si
899 1365 127 49 cuprum
987 1365 89 49 non
1038 1365 127 49 fuerit
1127 1365 127 49 tantum
1203 1365 51 49 re

744 1405 156 49 tundum,
857 1405 99 49 sed
914 1405 185 49 rotundum,
1056 1405 99 49 aut
1113 1405 156 49 cuprum,
1212 1405 57 49 ne

748 1444 105 50 cesse
818 1444 82 50 est
865 1444 70 50 vt
900 1444 105 50 stet.
970 1444 117 50 deinde
1052 1444 93 50 post
1110 1444 93 50 hoc,
1157 1444 105 50 quoniam

740 1483 194 40 vnaquaeque
892 1483 235 40 substantiarum
1086 1483 97 40 fit
1141 1483 83 40 ex
1169 1483 97 40 conve

747 1520 123 54 niente
833 1520 74 54 in
869 1520 135 54 nomine,
968 1520 61 54 &
992 1520 86 54 ea,
1041 1520 86 54 qua
1090 1520 74 54 in
1127 1520 123 54 natura
1201 1520 61 54 sub

745 1558 148 44 stantiae,
858 1558 57 44 &
881 1558 91 44 illa
938 1558 91 44 alia
995 1558 137 44 residua,
1097 1558 125 44 quoniam
1177 1558 91 44 fiunt,

746 1605 88 38 aut
797 1605 239 38 artificialiter,
998 1605 88 38 aut
1049 1605 202 38 naturaliter,
1200 1605 63 38 aut

743 1637 121 46 casu,
823 1637 94 46 aut
877 1637 94 46 per
931 1637 94 46 se.
985 1637 67 46 &
1011 1637 94 46 hoc
1065 1637 121 46 facit
1133 1637 134 46 existima

748 1677 73 49 re,
789 1677 84 49 quod
842 1677 94 49 omnia
904 1677 94 49 fiunt
967 1677 63 49 ex
999 1677 199 49 conuenientibus,
1155 1677 105 49 secundum

751 1720 99 50 quod
812 1720 111 50 dicit
887 1720 111 50 Alex.
961 1720 62 50 &
985 1720 99 50 quod
1047 1720 99 50 plus
1109 1720 111 50 ponit
1171 1720 86 50 dubi-

746 1761 160 46 tationem
866 1761 80 46 in
905 1761 93 46 hoc
959 1761 107 46 est,
1025 1761 107 46 quia
1092 1761 120 46 ponit
1172 1761 80 46 in
1198 1761 67 46 eis

744 1797 79 37 ea,
789 1797 90 37 quae
845 1797 102 37 fiunt
913 1797 214 37 artificialiter.
1094 1797 79 37 iam
1139 1797 90 37 enim
1184 1797 79 37 dicit

735 1833 122 57 Arist.
820 1833 98 57 quod
881 1833 86 57 ea,
930 1833 98 57 quae
991 1833 110 57 fiunt
1052 1833 208 57 artificialiter.
