1475 2066
198 173 108 71 Et
252 173 179 71 causae
377 173 215 71 mouentes
539 173 161 71 sunt,
628 173 108 71 quia

221 229 191 55 praecedunt
371 229 150 55 tantum.
481 229 82 55 ea
522 229 109 55 aut,
590 229 109 55 quae
644 229 96 55 sunt,

230 275 245 47 vniuersaliter,
435 275 109 47 sunt
503 275 163 47 insimul.
625 275 82 47 si
652 275 82 47 enim

215 323 112 63 homo
285 323 98 63 est
341 323 140 63 sanus,
439 323 112 63 tunc
510 323 168 63 sanitas,
636 323 70 63 &
650 323 84 63 homo

217 369 115 65 sunt
288 369 172 65 insimul.
417 369 72 65 &
446 369 143 65 sigura
547 369 172 65 sphaerae
661 369 72 65 cu-

216 420 137 62 preae,
312 420 82 62 et
354 420 151 62 sphaera
463 420 124 62 cupri
546 420 110 62 sunt
601 420 137 62 insimul.

253 493 102 52 Cum
312 493 204 52 declarauit
472 493 146 52 causas
574 493 117 52 esse
632 493 102 52 duas.

220 536 151 42 materiam
333 536 151 42 scilicet
446 536 63 42 &
471 536 138 42 formam,
572 536 100 42 vult
622 536 113 42 distin-

211 581 131 45 guere
299 581 131 45 inter
386 581 117 45 eas,
459 581 73 45 &
488 581 146 45 causam
576 581 160 45 mouentem,

217 612 62 54 &
241 612 150 54 agentem,
354 612 150 54 dicendo,
466 612 100 54 quod
529 612 112 54 causa
604 612 112 54 agens
666 612 75 54 difi

213 657 125 41 fert
292 657 78 41 a
323 657 157 41 forma,
433 657 125 41 quia
511 657 141 41 agens
605 657 78 41 &
620 657 110 41 mouen

215 693 173 50 praecedit
348 693 133 50 illud,
441 693 106 50 quod
507 693 133 50 agitur
600 693 66 50 &
613 693 120 50 mouetur

217 733 79 37 ab
256 733 92 37 eo.
309 733 159 37 formalis
428 733 119 37 autem
507 733 66 37 &
534 733 185 37 materialis
666 733 66 37 est

215 780 105 42 cun
275 780 240 42 generatione.
470 780 90 42 Et
515 780 105 42 hoc
560 780 180 42 intendebat

223 808 73 53 cum
264 808 104 53 dicit:
337 808 63 53 ea
368 808 94 53 autem
431 808 83 53 quae
483 808 83 53 sunt
535 808 177 53 vniversaliter
671 808 63 53 sunt

219 849 154 42 insimul.
335 849 128 42 causae
425 849 128 42 autem,
515 849 90 42 per
566 849 103 42 quas
630 849 90 42 res
669 849 64 42 fit

212 888 107 51 ens,
279 888 67 51 &
306 888 121 51 vnum,
386 888 107 51 sunt
453 888 94 51 cum
507 888 94 51 eo,
561 888 107 51 quod
628 888 94 51 per
668 888 67 51 ip-

212 927 90 52 sas
264 927 90 52 fit
315 927 116 52 totum
393 927 155 52 insimul,
509 927 90 52 cum
561 927 116 52 talem
626 927 103 52 dispo-

209 964 177 57 sitionem
342 964 162 57 habeant
459 964 88 57 in
504 964 221 57 congregato,
665 964 74 57 si-

214 1006 103 44 cut
273 1006 147 44 partes
376 1006 88 44 in
420 1006 132 44 toto.
508 1006 88 44 D.
553 1006 132 44 dedit
626 1006 103 44 exem,

215 1046 131 44 plum,
303 1046 73 44 &
332 1046 145 44 dicit:
433 1046 87 44 si
477 1046 116 44 enim
550 1046 116 44 homo
622 1046 102 44 est
666 1046 58 44 sa

223 1092 94 45 nus,
282 1092 82 45 &c.
329 1092 70 45 i.
364 1092 94 45 quod
422 1092 129 45 sanitas
516 1092 82 45 non
563 1092 152 45 praecedit
668 1092 59 45 ho-

215 1125 141 37 minem
309 1125 157 37 sanum,
419 1125 110 37 cum
482 1125 173 37 sanitas
608 1125 94 37 in
639 1125 94 37 sano

219 1164 89 50 est
270 1164 114 50 quasi
346 1164 127 50 forma.
435 1164 114 50 sanus
511 1164 114 50 autem
587 1164 139 50 necesse
676 1164 63 50 est

218 1204 74 46 vt
255 1204 161 46 praecedat
379 1204 173 46 sanitatem,
515 1204 62 46 &
540 1204 161 46 similiter
651 1204 87 46 igura

220 1241 167 49 sphaerae,
348 1241 103 49 quae
412 1241 90 49 est
464 1241 115 49 quasi
541 1241 115 49 forma
605 1241 128 49 sphaerae

215 1282 109 49 non
278 1282 202 49 praecedat
418 1282 155 49 sphaeram

255 1341 89 54 Si
300 1341 134 54 autem
389 1341 163 54 aliquid
507 1341 193 54 posterius
656 1341 104 54 per

208 1381 180 60 manet,
334 1381 307 60 consyderandum
587 1381 144 60 est.
659 1381 72 60 in

209 1426 225 48 quibusdam
382 1426 139 48 enim
469 1426 156 48 nihil
556 1426 173 48 prohibet

211 1476 154 38 veluti
318 1476 92 38 si
364 1476 138 38 anima
456 1476 123 38 tale
533 1476 123 38 sit,
610 1476 108 38 non
656 1476 77 38 om-

206 1512 122 50 nis,
282 1512 107 50 sed
343 1512 244 50 intellectus,
541 1512 137 50 omnem
617 1512 122 50 nanque

207 1549 197 54 fortassis
358 1549 227 54 impossibile
524 1549 91 54 est.

256 1612 94 63 Si
303 1612 125 63 aute
381 1612 172 63 aliquid
506 1612 172 63 remanet
631 1612 94 63 in
663 1612 62 63 po

208 1661 172 61 stremo,
334 1661 219 61 quaerendum
506 1661 110 61 est
569 1661 94 61 de
616 1661 125 61 hoc.
678 1661 63 61 in

206 1709 193 61 quibusdam
355 1709 119 61 enim
429 1709 104 61 non
488 1709 104 61 est
533 1709 208 61 impossibile.

221 1757 125 69 verbi
304 1757 152 69 gratia,
415 1757 83 69 si
456 1757 125 69 anima
539 1757 97 69 est
595 1757 125 69 talis
664 1757 69 69 di-

204 1809 214 58 spositionis,
377 1809 94 58 non
431 1809 120 58 tota,
511 1809 94 58 sed
551 1809 187 58 intellectus,

207 1854 121 69 tota
282 1854 121 69 enim
358 1854 136 69 forte
434 1854 212 69 impossibile.

794 173 128 53 Dicit
879 173 128 53 Alex.
964 173 199 53 quaetendum
1121 173 114 53 est,
1192 173 85 53 si
1220 173 71 53 ali

756 219 98 47 qua
812 219 153 47 istarum
923 219 167 47 formarum
1049 219 153 47 remanet
1146 219 112 47 posten

756 254 198 44 compositum
911 254 226 44 corrumpitur,
1095 254 141 44 deinde
1180 254 85 44 nar-

752 294 131 54 rauit
840 294 116 54 vnde
912 294 145 54 veniat
1014 294 87 54 ad
1057 294 116 54 hanc
1115 294 160 54 quaestio-

759 340 97 39 nem.
820 340 146 39 quoniam,
929 340 97 39 quia
990 340 109 39 anima
1063 340 134 39 hominis
1160 340 85 39 est
1196 340 73 39 for-

751 372 81 46 ma
791 372 121 46 eius,
872 372 67 46 &
899 372 202 46 intellectus
1060 372 94 46 est
1114 372 135 46 aliqua
1195 372 81 46 for-

750 414 99 49 ma,
806 414 71 49 &
835 414 141 49 virtus
934 414 141 49 animae
1033 414 156 49 remanet
1132 414 141 49 postquam

756 453 105 53 homo
822 453 198 53 corrumpitur
980 453 171 53 possibile
1112 453 92 53 est
1165 453 79 53 vt
1191 453 79 53 ali-

753 493 95 46 qua
808 493 109 46 fora
876 493 190 46 materialis
1025 493 176 46 remaneat,
1147 493 122 46 postque

755 533 194 38 compositum
908 533 222 38 corrumpitur,
1088 533 97 38 sed
1144 533 97 38 non
1186 533 83 38 tota

750 580 138 38 anima
842 580 184 38 remanet.
980 580 169 38 Quaedam
1102 580 123 38 enim
1164 580 107 38 virtu

753 611 88 39 tes
804 611 126 39 animae
892 611 88 39 non
942 611 126 39 habent
1031 611 101 39 esse
1094 611 101 39 nisi
1157 611 88 39 cum
1194 611 76 39 mant

759 647 81 43 vt
799 647 189 43 cibabilis,
947 647 67 43 &
974 647 202 43 sensibilis,
1136 647 67 43 &
1150 647 121 43 imasina

753 678 116 52 tiua,
831 678 65 52 &
856 678 220 52 desyderatiua.
1037 678 116 52 Neque
1115 678 90 52 est
1167 678 103 52 isse
1218 678 52 52 in

761 726 163 45 tellectus,
890 726 82 45 qui
936 726 82 45 est
983 726 117 45 virtus
1065 726 128 45 animae,
1158 726 58 45 &
1170 726 105 45 existi-

753 766 111 44 matur,
830 766 89 44 quod
886 766 77 44 est
930 766 89 44 pars
985 766 100 44 eius,
1052 766 144 44 possibile
1162 766 77 44 est
1207 766 66 44 vt
1229 766 44 44 re

756 805 158 45 maneat.
871 805 216 45 Intellectus
1044 805 115 45 enim
1116 805 115 45 quem
1173 805 101 45 dicit

751 845 52 51 in
777 845 69 51 lib.
820 845 52 51 de
846 845 104 51 aienima,
924 845 104 51 scilicet
1002 845 69 51 quod
1045 845 95 51 remanet
1114 845 104 51 scilicet
1183 845 86 51 intelle-

753 885 105 41 ctus
818 885 157 41 adeptus,
936 885 92 41 non
989 885 92 41 est
1041 885 197 41 intellectus
1185 885 92 41 iste,

756 925 108 46 neque
828 925 84 46 est
876 925 84 46 est
924 925 96 46 pars
984 925 132 46 animae,
1081 925 108 46 neque
1153 925 84 46 est
1189 925 84 46 etiam

752 959 128 44 forma
837 959 213 44 materialis,
1008 959 85 44 vt
1050 959 199 44 declaratum
1207 959 100 44 est

756 998 118 56 illic.
839 998 71 56 Et
874 998 71 56 d.
909 998 118 56 forte,
992 998 94 56 quia
1051 998 189 56 demonstratio
1192 998 83 56 super

758 1039 92 43 hoc
810 1039 92 43 non
863 1039 92 43 est
915 1039 131 43 istius
1007 1039 131 43 artis,
1099 1039 92 43 sed
1151 1039 118 43 libri
1217 1039 52 43 de

759 1080 162 42 Anima.
872 1080 97 42 Et
921 1080 130 42 hoc,
1002 1080 130 42 quod
1083 1080 146 42 dicit
1164 1080 113 42 Alex.

754 1118 74 51 est
797 1118 74 51 sua
839 1118 106 51 opinio
914 1118 64 51 de
945 1118 159 51 intellectum
1073 1118 127 51 scilicet
1168 1118 85 51 quod
1211 1118 53 51 nul

752 1158 99 41 lus
808 1158 211 41 intellectus
977 1158 155 41 remanet
1090 1158 113 41 nisi
1146 1158 127 41 adeptus

755 1199 199 43 intellectus.
917 1199 187 43 Intellectus
1066 1199 112 43 autem
1141 1199 75 43 in
1166 1199 112 43 habitu,

756 1236 70 51 &
784 1236 195 51 materialis
937 1236 209 51 corrumpitur
1105 1236 112 51 apud
1160 1236 112 51 ipsum,

753 1272 74 42 &
783 1272 119 42 hunc
857 1272 222 42 intellectum
1035 1272 222 42 intendebat,
1198 1272 74 42 cum

757 1314 120 49 dicit:
841 1314 108 49 neque
914 1314 84 49 est
962 1314 96 49 iste
1022 1314 193 49 intellectus,
1179 1314 84 49 qui
1215 1314 60 49 est

763 1364 119 38 virtus
846 1364 131 38 animae,
942 1364 60 38 &
965 1364 155 38 reputatur
1085 1364 107 38 etiam
1156 1364 95 38 esse
1204 1364 71 38 pars

755 1392 103 42 eius.
823 1392 149 42 possibile
938 1392 80 42 est
984 1392 69 42 vt
1018 1392 149 42 remaneat.
1133 1392 57 42 &
1156 1392 92 42 ideo
1202 1392 57 42 qua

761 1438 89 45 quod
816 1438 177 45 intellectus,
961 1438 89 45 quem
1016 1438 100 45 dicit
1082 1438 67 45 in
1116 1438 89 45 lib.
1171 1438 67 45 de
1193 1438 78 45 Anima

756 1471 132 43 remanere,
858 1471 122 43 scilicet
949 1471 122 43 adeptus,
1041 1471 71 43 non
1082 1471 71 43 est
1122 1471 92 43 iste,
1173 1471 102 43 scilicet

760 1514 86 48 qui
809 1514 86 48 est
858 1514 135 48 habitus
956 1514 135 48 animae,
1054 1514 110 48 nques
1127 1514 98 48 pars
1188 1514 110 48 eius.

769 1550 95 44 Sed
824 1550 95 44 non
878 1550 95 44 est
933 1550 123 44 talis
1014 1550 177 44 sententia
1137 1550 136 44 Theophra

750 1596 100 46 sti,
813 1596 113 46 neque
888 1596 138 46 aliorum
989 1596 251 46 Peripatetieorum,
1189 1596 88 46 neque

757 1629 197 52 Themistij:
912 1629 98 52 sed
968 1629 197 52 reputabant
1122 1629 141 52 plures
1207 1629 70 52 eo-

750 1677 112 43 rum,
820 1677 112 43 quod
890 1677 154 43 intells
1002 1677 196 43 materialis
1142 1677 140 43 remanet,

756 1708 63 52 &
782 1708 100 52 quod
844 1708 213 52 intelligentia
1019 1708 113 52 agens
1094 1708 175 52 abstracta,
1219 1708 63 52 est

752 1749 126 50 quasi
836 1749 126 50 forma
920 1749 84 50 in
962 1749 196 50 intellectu
1102 1749 168 50 materiali-

752 1796 96 31 vt
800 1796 225 31 compositum
977 1796 96 31 ex
1025 1796 112 31 mam
1089 1796 80 31 &
1121 1796 161 31 forma:
1234 1796 80 31 &

750 1830 108 44 quod
818 1830 108 44 ipsa
886 1830 122 44 creat
967 1830 189 44 intellecta
1116 1830 95 44 vno
1170 1830 122 44 modo,
1237 1830 41 44 &

750 1864 160 58 recipit
867 1864 87 58 ea
911 1864 117 58 alio
984 1864 131 58 modo.
1071 1864 117 58 agit
1144 1864 117 58 enim
1202 1864 73 58 eas
