<?xml version="1.0" encoding="UTF-8"?>
<alto xmlns:xsi="http://www.w3.org/2001/XMLSchema-instance"
      xmlns="http://www.loc.gov/standards/alto/ns-v2#"
      xmlns:page="http://schema.primaresearch.org/PAGE/gts/pagecontent/2013-07-15"
      xsi:schemaLocation="http://www.loc.gov/standards/alto/ns-v2# http://www.loc.gov/standards/alto/alto.xsd">
   <Description>
      <MeasurementUnit>pixel</MeasurementUnit>
      <OCRProcessing ID="IdOcr">
         <ocrProcessingStep>
            <processingDateTime>2020-11-21T10:33:32.132-05:00</processingDateTime>
            <processingSoftware>
               <softwareCreator>READ COOP</softwareCreator>
               <softwareName>Transkribus</softwareName>
            </processingSoftware>
         </ocrProcessingStep>
      </OCRProcessing>
   </Description>
   <Tags/>
   <Layout>
      <Page ID="Page1" PHYSICAL_IMG_NR="1" HEIGHT="2066" WIDTH="1475">
         <TopMargin HEIGHT="0" WIDTH="1475" VPOS="0" HPOS="0"/>
         <LeftMargin HEIGHT="2066" WIDTH="0" VPOS="0" HPOS="0"/>
         <RightMargin HEIGHT="2066" WIDTH="0" VPOS="0" HPOS="1475"/>
         <BottomMargin HEIGHT="0" WIDTH="1475" VPOS="2066" HPOS="0"/>
         <PrintSpace HEIGHT="2066" WIDTH="1475" VPOS="0" HPOS="0">
            <TextBlock ID="TextRegion_1604792611986_4004"
                       HEIGHT="1815"
                       WIDTH="552"
                       VPOS="107"
                       HPOS="214">
               <Shape>
                  <Polygon POINTS="214,107 746,107 759,1250 766,1922 241,1922 229,1288 214,547"/>
               </Shape>
               <TextLine ID="line_1604792517193_3919"
                         BASELINE="195"
                         HEIGHT="46"
                         WIDTH="514"
                         VPOS="149"
                         HPOS="209">
                  <String HEIGHT="46" WIDTH="86" VPOS="149" HPOS="195" CONTENT="eo"/>
                  <SP HEIGHT="46" WIDTH="14" VPOS="149" HPOS="280"/>
                  <String HEIGHT="46" WIDTH="100" VPOS="149" HPOS="238" CONTENT="sit"/>
                  <SP HEIGHT="46" WIDTH="14" VPOS="149" HPOS="338"/>
                  <String HEIGHT="46"
                          WIDTH="143"
                          VPOS="149"
                          HPOS="295"
                          CONTENT="aliquo"/>
                  <SP HEIGHT="46" WIDTH="14" VPOS="149" HPOS="437"/>
                  <String HEIGHT="46"
                          WIDTH="114"
                          VPOS="149"
                          HPOS="395"
                          CONTENT="modo"/>
                  <SP HEIGHT="46" WIDTH="14" VPOS="149" HPOS="509"/>
                  <String HEIGHT="46"
                          WIDTH="143"
                          VPOS="149"
                          HPOS="466"
                          CONTENT="illud,"/>
                  <SP HEIGHT="46" WIDTH="14" VPOS="149" HPOS="609"/>
                  <String HEIGHT="46"
                          WIDTH="114"
                          VPOS="149"
                          HPOS="566"
                          CONTENT="quod"/>
                  <SP HEIGHT="46" WIDTH="14" VPOS="149" HPOS="680"/>
                  <String HEIGHT="46"
                          WIDTH="100"
                          VPOS="149"
                          HPOS="623"
                          CONTENT="extra"/>
               </TextLine>
               <TextLine ID="r1l6"
                         BASELINE="237"
                         HEIGHT="47"
                         WIDTH="497"
                         VPOS="190"
                         HPOS="229">
                  <String HEIGHT="47" WIDTH="90" VPOS="190" HPOS="218" CONTENT="hit,"/>
                  <SP HEIGHT="47" WIDTH="11" VPOS="190" HPOS="308"/>
                  <String HEIGHT="47" WIDTH="79" VPOS="190" HPOS="274" CONTENT="non"/>
                  <SP HEIGHT="47" WIDTH="11" VPOS="190" HPOS="353"/>
                  <String HEIGHT="47" WIDTH="90" VPOS="190" HPOS="319" CONTENT="quod"/>
                  <SP HEIGHT="47" WIDTH="11" VPOS="190" HPOS="410"/>
                  <String HEIGHT="47" WIDTH="79" VPOS="190" HPOS="376" CONTENT="sit"/>
                  <SP HEIGHT="47" WIDTH="11" VPOS="190" HPOS="455"/>
                  <String HEIGHT="47"
                          WIDTH="102"
                          VPOS="190"
                          HPOS="421"
                          CONTENT="ipsum"/>
                  <SP HEIGHT="47" WIDTH="11" VPOS="190" HPOS="523"/>
                  <String HEIGHT="47"
                          WIDTH="136"
                          VPOS="190"
                          HPOS="489"
                          CONTENT="secundum"/>
                  <SP HEIGHT="47" WIDTH="11" VPOS="190" HPOS="624"/>
                  <String HEIGHT="47"
                          WIDTH="102"
                          VPOS="190"
                          HPOS="590"
                          CONTENT="omnes"/>
                  <SP HEIGHT="47" WIDTH="11" VPOS="190" HPOS="692"/>
                  <String HEIGHT="47"
                          WIDTH="79"
                          VPOS="190"
                          HPOS="647"
                          CONTENT="modos"/>
               </TextLine>
               <TextLine ID="r1l10"
                         BASELINE="274"
                         HEIGHT="44"
                         WIDTH="503"
                         VPOS="230"
                         HPOS="230">
                  <String HEIGHT="44"
                          WIDTH="168"
                          VPOS="230"
                          HPOS="216"
                          CONTENT="Virtutes"/>
                  <SP HEIGHT="44" WIDTH="14" VPOS="230" HPOS="384"/>
                  <String HEIGHT="44"
                          WIDTH="154"
                          VPOS="230"
                          HPOS="342"
                          CONTENT="igitur,"/>
                  <SP HEIGHT="44" WIDTH="14" VPOS="230" HPOS="495"/>
                  <String HEIGHT="44"
                          WIDTH="112"
                          VPOS="230"
                          HPOS="454"
                          CONTENT="quae"/>
                  <SP HEIGHT="44" WIDTH="14" VPOS="230" HPOS="565"/>
                  <String HEIGHT="44"
                          WIDTH="112"
                          VPOS="230"
                          HPOS="523"
                          CONTENT="sunt"/>
                  <SP HEIGHT="44" WIDTH="14" VPOS="230" HPOS="635"/>
                  <String HEIGHT="44" WIDTH="84" VPOS="230" HPOS="593" CONTENT="in"/>
                  <SP HEIGHT="44" WIDTH="14" VPOS="230" HPOS="677"/>
                  <String HEIGHT="44"
                          WIDTH="112"
                          VPOS="230"
                          HPOS="621"
                          CONTENT="semini"/>
               </TextLine>
               <TextLine ID="r1l13"
                         BASELINE="315"
                         HEIGHT="46"
                         WIDTH="509"
                         VPOS="269"
                         HPOS="223">
                  <String HEIGHT="46"
                          WIDTH="120"
                          VPOS="269"
                          HPOS="208"
                          CONTENT="bus,"/>
                  <SP HEIGHT="46" WIDTH="15" VPOS="269" HPOS="328"/>
                  <String HEIGHT="46" WIDTH="105" VPOS="269" HPOS="283" CONTENT="que"/>
                  <SP HEIGHT="46" WIDTH="15" VPOS="269" HPOS="388"/>
                  <String HEIGHT="46"
                          WIDTH="165"
                          VPOS="269"
                          HPOS="343"
                          CONTENT="faciunt"/>
                  <SP HEIGHT="46" WIDTH="15" VPOS="269" HPOS="507"/>
                  <String HEIGHT="46"
                          WIDTH="180"
                          VPOS="269"
                          HPOS="463"
                          CONTENT="animata,"/>
                  <SP HEIGHT="46" WIDTH="15" VPOS="269" HPOS="642"/>
                  <String HEIGHT="46" WIDTH="105" VPOS="269" HPOS="597" CONTENT="non"/>
                  <SP HEIGHT="46" WIDTH="15" VPOS="269" HPOS="702"/>
                  <String HEIGHT="46" WIDTH="90" VPOS="269" HPOS="642" CONTENT="sunt"/>
               </TextLine>
               <TextLine ID="r1l16"
                         BASELINE="354"
                         HEIGHT="43"
                         WIDTH="504"
                         VPOS="311"
                         HPOS="225">
                  <String HEIGHT="43"
                          WIDTH="159"
                          VPOS="311"
                          HPOS="212"
                          CONTENT="animatae"/>
                  <SP HEIGHT="43" WIDTH="13" VPOS="311" HPOS="371"/>
                  <String HEIGHT="43" WIDTH="80" VPOS="311" HPOS="331" CONTENT="in"/>
                  <SP HEIGHT="43" WIDTH="13" VPOS="311" HPOS="411"/>
                  <String HEIGHT="43"
                          WIDTH="119"
                          VPOS="311"
                          HPOS="371"
                          CONTENT="actu,"/>
                  <SP HEIGHT="43" WIDTH="13" VPOS="311" HPOS="490"/>
                  <String HEIGHT="43" WIDTH="93" VPOS="311" HPOS="450" CONTENT="sed"/>
                  <SP HEIGHT="43" WIDTH="13" VPOS="311" HPOS="543"/>
                  <String HEIGHT="43" WIDTH="80" VPOS="311" HPOS="504" CONTENT="in"/>
                  <SP HEIGHT="43" WIDTH="13" VPOS="311" HPOS="583"/>
                  <String HEIGHT="43"
                          WIDTH="172"
                          VPOS="311"
                          HPOS="543"
                          CONTENT="potentia:"/>
                  <SP HEIGHT="43" WIDTH="13" VPOS="311" HPOS="716"/>
                  <String HEIGHT="43"
                          WIDTH="66"
                          VPOS="311"
                          HPOS="663"
                          CONTENT="si"
                          SUBS_TYPE="HypPart1"
                          SUBS_CONTENT="sicut"/>
                  <HYP CONTENT="-"/>
               </TextLine>
               <TextLine ID="r1l20"
                         BASELINE="394"
                         HEIGHT="44"
                         WIDTH="509"
                         VPOS="350"
                         HPOS="225">
                  <String HEIGHT="44"
                          WIDTH="105"
                          VPOS="350"
                          HPOS="210"
                          CONTENT="cut"
                          SUBS_TYPE="HypPart2"
                          SUBS_CONTENT="sicut"/>
                  <SP HEIGHT="44" WIDTH="15" VPOS="350" HPOS="315"/>
                  <String HEIGHT="44"
                          WIDTH="150"
                          VPOS="350"
                          HPOS="270"
                          CONTENT="domus,"/>
                  <SP HEIGHT="44" WIDTH="15" VPOS="350" HPOS="420"/>
                  <String HEIGHT="44"
                          WIDTH="120"
                          VPOS="350"
                          HPOS="375"
                          CONTENT="quae"/>
                  <SP HEIGHT="44" WIDTH="15" VPOS="350" HPOS="494"/>
                  <String HEIGHT="44" WIDTH="105" VPOS="350" HPOS="450" CONTENT="est"/>
                  <SP HEIGHT="44" WIDTH="15" VPOS="350" HPOS="554"/>
                  <String HEIGHT="44" WIDTH="90" VPOS="350" HPOS="509" CONTENT="in"/>
                  <SP HEIGHT="44" WIDTH="15" VPOS="350" HPOS="599"/>
                  <String HEIGHT="44"
                          WIDTH="135"
                          VPOS="350"
                          HPOS="554"
                          CONTENT="anima"/>
                  <SP HEIGHT="44" WIDTH="15" VPOS="350" HPOS="689"/>
                  <String HEIGHT="44"
                          WIDTH="105"
                          VPOS="350"
                          HPOS="629"
                          CONTENT="Adifi"/>
               </TextLine>
               <TextLine ID="r1l23"
                         BASELINE="434"
                         HEIGHT="41"
                         WIDTH="504"
                         VPOS="393"
                         HPOS="231">
                  <String HEIGHT="41"
                          WIDTH="163"
                          VPOS="393"
                          HPOS="217"
                          CONTENT="catoris,"/>
                  <SP HEIGHT="41" WIDTH="14" VPOS="393" HPOS="381"/>
                  <String HEIGHT="41" WIDTH="95" VPOS="393" HPOS="340" CONTENT="est"/>
                  <SP HEIGHT="41" WIDTH="14" VPOS="393" HPOS="435"/>
                  <String HEIGHT="41"
                          WIDTH="123"
                          VPOS="393"
                          HPOS="394"
                          CONTENT="domus"/>
                  <SP HEIGHT="41" WIDTH="14" VPOS="393" HPOS="517"/>
                  <String HEIGHT="41" WIDTH="82" VPOS="393" HPOS="476" CONTENT="in"/>
                  <SP HEIGHT="41" WIDTH="14" VPOS="393" HPOS="558"/>
                  <String HEIGHT="41"
                          WIDTH="163"
                          VPOS="393"
                          HPOS="517"
                          CONTENT="potentia"/>
                  <SP HEIGHT="41" WIDTH="14" VPOS="393" HPOS="681"/>
                  <String HEIGHT="41" WIDTH="95" VPOS="393" HPOS="640" CONTENT="non"/>
                  <SP HEIGHT="41" WIDTH="14" VPOS="393" HPOS="735"/>
                  <String HEIGHT="41" WIDTH="54" VPOS="393" HPOS="681" CONTENT="in"/>
               </TextLine>
               <TextLine ID="r1l24"
                         BASELINE="475"
                         HEIGHT="44"
                         WIDTH="510"
                         VPOS="431"
                         HPOS="219">
                  <String HEIGHT="44"
                          WIDTH="121"
                          VPOS="431"
                          HPOS="206"
                          CONTENT="actu."/>
                  <SP HEIGHT="44" WIDTH="13" VPOS="431" HPOS="326"/>
                  <String HEIGHT="44" WIDTH="81" VPOS="431" HPOS="286" CONTENT="Et"/>
                  <SP HEIGHT="44" WIDTH="13" VPOS="431" HPOS="367"/>
                  <String HEIGHT="44"
                          WIDTH="107"
                          VPOS="431"
                          HPOS="326"
                          CONTENT="ideo"/>
                  <SP HEIGHT="44" WIDTH="13" VPOS="431" HPOS="434"/>
                  <String HEIGHT="44"
                          WIDTH="134"
                          VPOS="431"
                          HPOS="393"
                          CONTENT="Arist."/>
                  <SP HEIGHT="44" WIDTH="13" VPOS="431" HPOS="528"/>
                  <String HEIGHT="44"
                          WIDTH="121"
                          VPOS="431"
                          HPOS="487"
                          CONTENT="fecit"/>
                  <SP HEIGHT="44" WIDTH="13" VPOS="431" HPOS="608"/>
                  <String HEIGHT="44"
                          WIDTH="174"
                          VPOS="431"
                          HPOS="555"
                          CONTENT="assimilatio"/>
               </TextLine>
               <TextLine ID="r1l27"
                         BASELINE="514"
                         HEIGHT="37"
                         WIDTH="509"
                         VPOS="477"
                         HPOS="228">
                  <String HEIGHT="37" WIDTH="102" VPOS="477" HPOS="213" CONTENT="nem"/>
                  <SP HEIGHT="37" WIDTH="15" VPOS="477" HPOS="315"/>
                  <String HEIGHT="37" WIDTH="87" VPOS="477" HPOS="272" CONTENT="de"/>
                  <SP HEIGHT="37" WIDTH="15" VPOS="477" HPOS="359"/>
                  <String HEIGHT="37"
                          WIDTH="131"
                          VPOS="477"
                          HPOS="315"
                          CONTENT="istis"/>
                  <SP HEIGHT="37" WIDTH="15" VPOS="477" HPOS="446"/>
                  <String HEIGHT="37"
                          WIDTH="204"
                          VPOS="477"
                          HPOS="403"
                          CONTENT="virtutibus"/>
                  <SP HEIGHT="37" WIDTH="15" VPOS="477" HPOS="606"/>
                  <String HEIGHT="37" WIDTH="87" VPOS="477" HPOS="562" CONTENT="ad"/>
                  <SP HEIGHT="37" WIDTH="15" VPOS="477" HPOS="650"/>
                  <String HEIGHT="37"
                          WIDTH="145"
                          VPOS="477"
                          HPOS="592"
                          CONTENT="virtutes"/>
               </TextLine>
               <TextLine ID="r1l28"
                         BASELINE="554"
                         HEIGHT="37"
                         WIDTH="507"
                         VPOS="517"
                         HPOS="220">
                  <String HEIGHT="37"
                          WIDTH="227"
                          VPOS="517"
                          HPOS="207"
                          CONTENT="artificiales,"/>
                  <SP HEIGHT="37" WIDTH="13" VPOS="517" HPOS="433"/>
                  <String HEIGHT="37" WIDTH="67" VPOS="517" HPOS="393" CONTENT="&amp;"/>
                  <SP HEIGHT="37" WIDTH="13" VPOS="517" HPOS="460"/>
                  <String HEIGHT="37"
                          WIDTH="120"
                          VPOS="517"
                          HPOS="420"
                          CONTENT="dicit"/>
                  <SP HEIGHT="37" WIDTH="13" VPOS="517" HPOS="540"/>
                  <String HEIGHT="37" WIDTH="80" VPOS="517" HPOS="500" CONTENT="in"/>
                  <SP HEIGHT="37" WIDTH="13" VPOS="517" HPOS="580"/>
                  <String HEIGHT="37"
                          WIDTH="107"
                          VPOS="517"
                          HPOS="540"
                          CONTENT="lib."/>
                  <SP HEIGHT="37" WIDTH="13" VPOS="517" HPOS="647"/>
                  <String HEIGHT="37" WIDTH="80" VPOS="517" HPOS="607" CONTENT="de"/>
                  <SP HEIGHT="37" WIDTH="13" VPOS="517" HPOS="687"/>
                  <String HEIGHT="37"
                          WIDTH="93"
                          VPOS="517"
                          HPOS="634"
                          CONTENT="Anima"/>
               </TextLine>
               <TextLine ID="r1l30"
                         BASELINE="586"
                         HEIGHT="37"
                         WIDTH="506"
                         VPOS="549"
                         HPOS="223">
                  <String HEIGHT="37"
                          WIDTH="115"
                          VPOS="549"
                          HPOS="212"
                          CONTENT="libus,"/>
                  <SP HEIGHT="37" WIDTH="12" VPOS="549" HPOS="327"/>
                  <String HEIGHT="37" WIDTH="92" VPOS="549" HPOS="292" CONTENT="quod"/>
                  <SP HEIGHT="37" WIDTH="12" VPOS="549" HPOS="384"/>
                  <String HEIGHT="37"
                          WIDTH="104"
                          VPOS="549"
                          HPOS="350"
                          CONTENT="istae"/>
                  <SP HEIGHT="37" WIDTH="12" VPOS="549" HPOS="453"/>
                  <String HEIGHT="37"
                          WIDTH="138"
                          VPOS="549"
                          HPOS="419"
                          CONTENT="virtutes"/>
                  <SP HEIGHT="37" WIDTH="12" VPOS="549" HPOS="557"/>
                  <String HEIGHT="37"
                          WIDTH="127"
                          VPOS="549"
                          HPOS="522"
                          CONTENT="diuinae"/>
                  <SP HEIGHT="37" WIDTH="12" VPOS="549" HPOS="649"/>
                  <String HEIGHT="37"
                          WIDTH="104"
                          VPOS="549"
                          HPOS="614"
                          CONTENT="sunt,"/>
                  <SP HEIGHT="37" WIDTH="12" VPOS="549" HPOS="718"/>
                  <String HEIGHT="37" WIDTH="58" VPOS="549" HPOS="672" CONTENT="cum"/>
               </TextLine>
               <TextLine ID="r1l33"
                         BASELINE="640"
                         HEIGHT="51"
                         WIDTH="512"
                         VPOS="589"
                         HPOS="228">
                  <String HEIGHT="51"
                          WIDTH="152"
                          VPOS="589"
                          HPOS="214"
                          CONTENT="habeant"/>
                  <SP HEIGHT="51" WIDTH="14" VPOS="589" HPOS="366"/>
                  <String HEIGHT="51"
                          WIDTH="180"
                          VPOS="589"
                          HPOS="325"
                          CONTENT="potentiam"/>
                  <SP HEIGHT="51" WIDTH="14" VPOS="589" HPOS="505"/>
                  <String HEIGHT="51"
                          WIDTH="125"
                          VPOS="589"
                          HPOS="463"
                          CONTENT="dandi"/>
                  <SP HEIGHT="51" WIDTH="14" VPOS="589" HPOS="588"/>
                  <String HEIGHT="51"
                          WIDTH="138"
                          VPOS="589"
                          HPOS="546"
                          CONTENT="vitam,"/>
                  <SP HEIGHT="51" WIDTH="14" VPOS="589" HPOS="685"/>
                  <String HEIGHT="51" WIDTH="69" VPOS="589" HPOS="643" CONTENT="&amp;"/>
                  <SP HEIGHT="51" WIDTH="14" VPOS="589" HPOS="712"/>
                  <String HEIGHT="51" WIDTH="83" VPOS="589" HPOS="657" CONTENT="sunt"/>
               </TextLine>
               <TextLine ID="r1l34"
                         BASELINE="676"
                         HEIGHT="47"
                         WIDTH="506"
                         VPOS="629"
                         HPOS="222">
                  <String HEIGHT="47"
                          WIDTH="150"
                          VPOS="629"
                          HPOS="208"
                          CONTENT="similes"/>
                  <SP HEIGHT="47" WIDTH="14" VPOS="629" HPOS="359"/>
                  <String HEIGHT="47"
                          WIDTH="205"
                          VPOS="629"
                          HPOS="318"
                          CONTENT="virtutibus,"/>
                  <SP HEIGHT="47" WIDTH="14" VPOS="629" HPOS="523"/>
                  <String HEIGHT="47"
                          WIDTH="109"
                          VPOS="629"
                          HPOS="482"
                          CONTENT="quae"/>
                  <SP HEIGHT="47" WIDTH="14" VPOS="629" HPOS="591"/>
                  <String HEIGHT="47"
                          WIDTH="164"
                          VPOS="629"
                          HPOS="550"
                          CONTENT="dicuntur"/>
                  <SP HEIGHT="47" WIDTH="14" VPOS="629" HPOS="714"/>
                  <String HEIGHT="47"
                          WIDTH="68"
                          VPOS="629"
                          HPOS="660"
                          CONTENT="in"
                          SUBS_TYPE="HypPart1"
                          SUBS_CONTENT="intelligentiae,"/>
                  <HYP CONTENT="-"/>
               </TextLine>
               <TextLine ID="r1l37"
                         BASELINE="717"
                         HEIGHT="53"
                         WIDTH="499"
                         VPOS="664"
                         HPOS="229">
                  <String HEIGHT="53"
                          WIDTH="229"
                          VPOS="664"
                          HPOS="216"
                          CONTENT="telligentiae,"
                          SUBS_TYPE="HypPart2"
                          SUBS_CONTENT="intelligentiae,"/>
                  <SP HEIGHT="53" WIDTH="13" VPOS="664" HPOS="445"/>
                  <String HEIGHT="53"
                          WIDTH="108"
                          VPOS="664"
                          HPOS="404"
                          CONTENT="quia"/>
                  <SP HEIGHT="53" WIDTH="13" VPOS="664" HPOS="512"/>
                  <String HEIGHT="53"
                          WIDTH="162"
                          VPOS="664"
                          HPOS="472"
                          CONTENT="adducunt"/>
                  <SP HEIGHT="53" WIDTH="13" VPOS="664" HPOS="634"/>
                  <String HEIGHT="53" WIDTH="81" VPOS="664" HPOS="593" CONTENT="ad"/>
                  <SP HEIGHT="53" WIDTH="13" VPOS="664" HPOS="674"/>
                  <String HEIGHT="53"
                          WIDTH="108"
                          VPOS="664"
                          HPOS="620"
                          CONTENT="finem,"/>
               </TextLine>
               <TextLine ID="r1l39"
                         BASELINE="746"
                         HEIGHT="42"
                         WIDTH="499"
                         VPOS="704"
                         HPOS="228">
                  <String HEIGHT="42" WIDTH="94" VPOS="704" HPOS="215" CONTENT="Et,"/>
                  <SP HEIGHT="42" WIDTH="13" VPOS="704" HPOS="309"/>
                  <String HEIGHT="42"
                          WIDTH="108"
                          VPOS="704"
                          HPOS="268"
                          CONTENT="quia"/>
                  <SP HEIGHT="42" WIDTH="13" VPOS="704" HPOS="376"/>
                  <String HEIGHT="42"
                          WIDTH="108"
                          VPOS="704"
                          HPOS="336"
                          CONTENT="ista"/>
                  <SP HEIGHT="42" WIDTH="13" VPOS="704" HPOS="444"/>
                  <String HEIGHT="42"
                          WIDTH="135"
                          VPOS="704"
                          HPOS="403"
                          CONTENT="semina"/>
                  <SP HEIGHT="42" WIDTH="13" VPOS="704" HPOS="538"/>
                  <String HEIGHT="42" WIDTH="94" VPOS="704" HPOS="498" CONTENT="non"/>
                  <SP HEIGHT="42" WIDTH="13" VPOS="704" HPOS="592"/>
                  <String HEIGHT="42"
                          WIDTH="148"
                          VPOS="704"
                          HPOS="552"
                          CONTENT="faciunt"/>
                  <SP HEIGHT="42" WIDTH="13" VPOS="704" HPOS="700"/>
                  <String HEIGHT="42" WIDTH="81" VPOS="704" HPOS="646" CONTENT="hoc,"/>
               </TextLine>
               <TextLine ID="r1l41"
                         BASELINE="797"
                         HEIGHT="53"
                         WIDTH="510"
                         VPOS="744"
                         HPOS="228">
                  <String HEIGHT="53"
                          WIDTH="107"
                          VPOS="744"
                          HPOS="215"
                          CONTENT="nisi"/>
                  <SP HEIGHT="53" WIDTH="13" VPOS="744" HPOS="322"/>
                  <String HEIGHT="53" WIDTH="94" VPOS="744" HPOS="282" CONTENT="per"/>
                  <SP HEIGHT="53" WIDTH="13" VPOS="744" HPOS="376"/>
                  <String HEIGHT="53"
                          WIDTH="161"
                          VPOS="744"
                          HPOS="335"
                          CONTENT="calorem,"/>
                  <SP HEIGHT="53" WIDTH="13" VPOS="744" HPOS="496"/>
                  <String HEIGHT="53" WIDTH="94" VPOS="744" HPOS="456" CONTENT="qui"/>
                  <SP HEIGHT="53" WIDTH="13" VPOS="744" HPOS="550"/>
                  <String HEIGHT="53" WIDTH="94" VPOS="744" HPOS="510" CONTENT="est"/>
                  <SP HEIGHT="53" WIDTH="13" VPOS="744" HPOS="604"/>
                  <String HEIGHT="53" WIDTH="81" VPOS="744" HPOS="564" CONTENT="in"/>
                  <SP HEIGHT="53" WIDTH="13" VPOS="744" HPOS="644"/>
                  <String HEIGHT="53"
                          WIDTH="107"
                          VPOS="744"
                          HPOS="604"
                          CONTENT="eis,"/>
                  <SP HEIGHT="53" WIDTH="13" VPOS="744" HPOS="711"/>
                  <String HEIGHT="53" WIDTH="67" VPOS="744" HPOS="671" CONTENT="&amp;"/>
                  <SP HEIGHT="53" WIDTH="13" VPOS="744" HPOS="738"/>
                  <String HEIGHT="53" WIDTH="54" VPOS="744" HPOS="684" CONTENT="ca"/>
               </TextLine>
               <TextLine ID="r1l44"
                         BASELINE="827"
                         HEIGHT="42"
                         WIDTH="506"
                         VPOS="785"
                         HPOS="230">
                  <String HEIGHT="42" WIDTH="93" VPOS="785" HPOS="217" CONTENT="lor"/>
                  <SP HEIGHT="42" WIDTH="13" VPOS="785" HPOS="310"/>
                  <String HEIGHT="42"
                          WIDTH="120"
                          VPOS="785"
                          HPOS="270"
                          CONTENT="ignis"/>
                  <SP HEIGHT="42" WIDTH="13" VPOS="785" HPOS="390"/>
                  <String HEIGHT="42" WIDTH="93" VPOS="785" HPOS="350" CONTENT="non"/>
                  <SP HEIGHT="42" WIDTH="13" VPOS="785" HPOS="443"/>
                  <String HEIGHT="42"
                          WIDTH="120"
                          VPOS="785"
                          HPOS="403"
                          CONTENT="facit"/>
                  <SP HEIGHT="42" WIDTH="13" VPOS="785" HPOS="523"/>
                  <String HEIGHT="42"
                          WIDTH="107"
                          VPOS="785"
                          HPOS="483"
                          CONTENT="nisi"/>
                  <SP HEIGHT="42" WIDTH="13" VPOS="785" HPOS="590"/>
                  <String HEIGHT="42"
                          WIDTH="200"
                          VPOS="785"
                          HPOS="536"
                          CONTENT="calefactionem"/>
               </TextLine>
               <TextLine ID="r1l45"
                         BASELINE="869"
                         HEIGHT="48"
                         WIDTH="493"
                         VPOS="821"
                         HPOS="238">
                  <String HEIGHT="48" WIDTH="93" VPOS="821" HPOS="225" CONTENT="aut"/>
                  <SP HEIGHT="48" WIDTH="13" VPOS="821" HPOS="318"/>
                  <String HEIGHT="48"
                          WIDTH="240"
                          VPOS="821"
                          HPOS="278"
                          CONTENT="desiccationem,"/>
                  <SP HEIGHT="48" WIDTH="13" VPOS="821" HPOS="518"/>
                  <String HEIGHT="48" WIDTH="93" VPOS="821" HPOS="478" CONTENT="non"/>
                  <SP HEIGHT="48" WIDTH="13" VPOS="821" HPOS="571"/>
                  <String HEIGHT="48"
                          WIDTH="160"
                          VPOS="821"
                          HPOS="531"
                          CONTENT="siguram,"/>
                  <SP HEIGHT="48" WIDTH="13" VPOS="821" HPOS="691"/>
                  <String HEIGHT="48"
                          WIDTH="93"
                          VPOS="821"
                          HPOS="638"
                          CONTENT="neque"/>
               </TextLine>
               <TextLine ID="r1l48"
                         BASELINE="903"
                         HEIGHT="43"
                         WIDTH="495"
                         VPOS="860"
                         HPOS="235">
                  <String HEIGHT="43"
                          WIDTH="138"
                          VPOS="860"
                          HPOS="221"
                          CONTENT="formam"/>
                  <SP HEIGHT="43" WIDTH="14" VPOS="860" HPOS="359"/>
                  <String HEIGHT="43"
                          WIDTH="179"
                          VPOS="860"
                          HPOS="318"
                          CONTENT="animatam,"/>
                  <SP HEIGHT="43" WIDTH="14" VPOS="860" HPOS="496"/>
                  <String HEIGHT="43"
                          WIDTH="124"
                          VPOS="860"
                          HPOS="455"
                          CONTENT="dicit"/>
                  <SP HEIGHT="43" WIDTH="14" VPOS="860" HPOS="579"/>
                  <String HEIGHT="43"
                          WIDTH="138"
                          VPOS="860"
                          HPOS="538"
                          CONTENT="Arist."/>
                  <SP HEIGHT="43" WIDTH="14" VPOS="860" HPOS="675"/>
                  <String HEIGHT="43" WIDTH="83" VPOS="860" HPOS="634" CONTENT="in"/>
                  <SP HEIGHT="43" WIDTH="14" VPOS="860" HPOS="716"/>
                  <String HEIGHT="43" WIDTH="69" VPOS="860" HPOS="661" CONTENT="lib"/>
               </TextLine>
               <TextLine ID="r1l51"
                         BASELINE="950"
                         HEIGHT="50"
                         WIDTH="509"
                         VPOS="900"
                         HPOS="229">
                  <String HEIGHT="50" WIDTH="80" VPOS="900" HPOS="216" CONTENT="de"/>
                  <SP HEIGHT="50" WIDTH="13" VPOS="900" HPOS="296"/>
                  <String HEIGHT="50"
                          WIDTH="201"
                          VPOS="900"
                          HPOS="256"
                          CONTENT="Animalibus,"/>
                  <SP HEIGHT="50" WIDTH="13" VPOS="900" HPOS="457"/>
                  <String HEIGHT="50"
                          WIDTH="107"
                          VPOS="900"
                          HPOS="417"
                          CONTENT="quod"/>
                  <SP HEIGHT="50" WIDTH="13" VPOS="900" HPOS="524"/>
                  <String HEIGHT="50"
                          WIDTH="107"
                          VPOS="900"
                          HPOS="484"
                          CONTENT="iste"/>
                  <SP HEIGHT="50" WIDTH="13" VPOS="900" HPOS="591"/>
                  <String HEIGHT="50"
                          WIDTH="121"
                          VPOS="900"
                          HPOS="550"
                          CONTENT="calor"/>
                  <SP HEIGHT="50" WIDTH="13" VPOS="900" HPOS="671"/>
                  <String HEIGHT="50" WIDTH="94" VPOS="900" HPOS="631" CONTENT="non"/>
                  <SP HEIGHT="50" WIDTH="13" VPOS="900" HPOS="725"/>
                  <String HEIGHT="50" WIDTH="67" VPOS="900" HPOS="671" CONTENT="est"/>
               </TextLine>
               <TextLine ID="r1l57"
                         BASELINE="994"
                         HEIGHT="54"
                         WIDTH="503"
                         VPOS="940"
                         HPOS="231">
                  <String HEIGHT="54"
                          WIDTH="132"
                          VPOS="940"
                          HPOS="219"
                          CONTENT="ignis,:"/>
                  <SP HEIGHT="54" WIDTH="12" VPOS="940" HPOS="351"/>
                  <String HEIGHT="54"
                          WIDTH="108"
                          VPOS="940"
                          HPOS="315"
                          CONTENT="neque"/>
                  <SP HEIGHT="54" WIDTH="12" VPOS="940" HPOS="423"/>
                  <String HEIGHT="54"
                          WIDTH="132"
                          VPOS="940"
                          HPOS="387"
                          CONTENT="igneus."/>
                  <SP HEIGHT="54" WIDTH="12" VPOS="940" HPOS="518"/>
                  <String HEIGHT="54"
                          WIDTH="108"
                          VPOS="940"
                          HPOS="483"
                          CONTENT="Ignis"/>
                  <SP HEIGHT="54" WIDTH="12" VPOS="940" HPOS="590"/>
                  <String HEIGHT="54" WIDTH="96" VPOS="940" HPOS="554" CONTENT="enim"/>
                  <SP HEIGHT="54" WIDTH="12" VPOS="940" HPOS="650"/>
                  <String HEIGHT="54"
                          WIDTH="132"
                          VPOS="940"
                          HPOS="602"
                          CONTENT="corrumpit"/>
               </TextLine>
               <TextLine ID="r1l59"
                         BASELINE="1031"
                         HEIGHT="54"
                         WIDTH="485"
                         VPOS="977"
                         HPOS="241">
                  <String HEIGHT="54"
                          WIDTH="175"
                          VPOS="977"
                          HPOS="228"
                          CONTENT="animalia,"/>
                  <SP HEIGHT="54" WIDTH="13" VPOS="977" HPOS="403"/>
                  <String HEIGHT="54" WIDTH="94" VPOS="977" HPOS="362" CONTENT="non"/>
                  <SP HEIGHT="54" WIDTH="13" VPOS="977" HPOS="457"/>
                  <String HEIGHT="54"
                          WIDTH="162"
                          VPOS="977"
                          HPOS="416"
                          CONTENT="generat,"/>
                  <SP HEIGHT="54" WIDTH="13" VPOS="977" HPOS="578"/>
                  <String HEIGHT="54"
                          WIDTH="108"
                          VPOS="977"
                          HPOS="537"
                          CONTENT="iste"/>
                  <SP HEIGHT="54" WIDTH="13" VPOS="977" HPOS="645"/>
                  <String HEIGHT="54"
                          WIDTH="121"
                          VPOS="977"
                          HPOS="605"
                          CONTENT="autem"/>
                  <SP HEIGHT="54" WIDTH="13" VPOS="977" HPOS="726"/>
                  <String HEIGHT="54" WIDTH="54" VPOS="977" HPOS="672" CONTENT="ca"/>
               </TextLine>
               <TextLine ID="r1l63"
                         BASELINE="1071"
                         HEIGHT="65"
                         WIDTH="497"
                         VPOS="1006"
                         HPOS="238">
                  <String HEIGHT="65" WIDTH="92" VPOS="1006" HPOS="225" CONTENT="lor"/>
                  <SP HEIGHT="65" WIDTH="13" VPOS="1006" HPOS="316"/>
                  <String HEIGHT="65"
                          WIDTH="157"
                          VPOS="1006"
                          HPOS="277"
                          CONTENT="generat."/>
                  <SP HEIGHT="65" WIDTH="13" VPOS="1006" HPOS="434"/>
                  <String HEIGHT="65" WIDTH="65" VPOS="1006" HPOS="395" CONTENT="&amp;"/>
                  <SP HEIGHT="65" WIDTH="13" VPOS="1006" HPOS="460"/>
                  <String HEIGHT="65"
                          WIDTH="105"
                          VPOS="1006"
                          HPOS="421"
                          CONTENT="ideo"/>
                  <SP HEIGHT="65" WIDTH="13" VPOS="1006" HPOS="526"/>
                  <String HEIGHT="65" WIDTH="92" VPOS="1006" HPOS="487" CONTENT="vte"/>
                  <SP HEIGHT="65" WIDTH="13" VPOS="1006" HPOS="578"/>
                  <String HEIGHT="65"
                          WIDTH="144"
                          VPOS="1006"
                          HPOS="539"
                          CONTENT="similis"/>
                  <SP HEIGHT="65" WIDTH="13" VPOS="1006" HPOS="683"/>
                  <String HEIGHT="65"
                          WIDTH="105"
                          VPOS="1006"
                          HPOS="630"
                          CONTENT="calori"/>
               </TextLine>
               <TextLine ID="r1l65"
                         BASELINE="1098"
                         HEIGHT="41"
                         WIDTH="496"
                         VPOS="1057"
                         HPOS="237">
                  <String HEIGHT="41"
                          WIDTH="209"
                          VPOS="1057"
                          HPOS="224"
                          CONTENT="artificiali,"/>
                  <SP HEIGHT="41" WIDTH="13" VPOS="1057" HPOS="433"/>
                  <String HEIGHT="41"
                          WIDTH="104"
                          VPOS="1057"
                          HPOS="394"
                          CONTENT="quem"/>
                  <SP HEIGHT="41" WIDTH="13" VPOS="1057" HPOS="498"/>
                  <String HEIGHT="41" WIDTH="91" VPOS="1057" HPOS="459" CONTENT="ars"/>
                  <SP HEIGHT="41" WIDTH="13" VPOS="1057" HPOS="550"/>
                  <String HEIGHT="41"
                          WIDTH="157"
                          VPOS="1057"
                          HPOS="511"
                          CONTENT="mensurat"/>
                  <SP HEIGHT="41" WIDTH="13" VPOS="1057" HPOS="668"/>
                  <String HEIGHT="41" WIDTH="78" VPOS="1057" HPOS="629" CONTENT="ad"/>
                  <SP HEIGHT="41" WIDTH="13" VPOS="1057" HPOS="707"/>
                  <String HEIGHT="41"
                          WIDTH="78"
                          VPOS="1057"
                          HPOS="655"
                          CONTENT="ali"
                          SUBS_TYPE="HypPart1"
                          SUBS_CONTENT="aliquam"/>
                  <HYP CONTENT="-"/>
               </TextLine>
               <TextLine ID="r1l69"
                         BASELINE="1138"
                         HEIGHT="46"
                         WIDTH="494"
                         VPOS="1092"
                         HPOS="241">
                  <String HEIGHT="46"
                          WIDTH="116"
                          VPOS="1092"
                          HPOS="226"
                          CONTENT="quam"
                          SUBS_TYPE="HypPart2"
                          SUBS_CONTENT="aliquam"/>
                  <SP HEIGHT="46" WIDTH="15" VPOS="1092" HPOS="343"/>
                  <String HEIGHT="46"
                          WIDTH="232"
                          VPOS="1092"
                          HPOS="299"
                          CONTENT="operationem."/>
                  <SP HEIGHT="46" WIDTH="15" VPOS="1092" HPOS="532"/>
                  <String HEIGHT="46" WIDTH="73" VPOS="1092" HPOS="488" CONTENT="&amp;"/>
                  <SP HEIGHT="46" WIDTH="15" VPOS="1092" HPOS="561"/>
                  <String HEIGHT="46"
                          WIDTH="116"
                          VPOS="1092"
                          HPOS="517"
                          CONTENT="iste"/>
                  <SP HEIGHT="46" WIDTH="15" VPOS="1092" HPOS="633"/>
                  <String HEIGHT="46"
                          WIDTH="131"
                          VPOS="1092"
                          HPOS="590"
                          CONTENT="calor"/>
                  <SP HEIGHT="46" WIDTH="15" VPOS="1092" HPOS="720"/>
                  <String HEIGHT="46"
                          WIDTH="73"
                          VPOS="1092"
                          HPOS="662"
                          CONTENT="ha"
                          SUBS_TYPE="HypPart1"
                          SUBS_CONTENT="habet"/>
                  <HYP CONTENT="-"/>
               </TextLine>
               <TextLine ID="r1l73"
                         BASELINE="1175"
                         HEIGHT="42"
                         WIDTH="494"
                         VPOS="1133"
                         HPOS="240">
                  <String HEIGHT="42"
                          WIDTH="93"
                          VPOS="1133"
                          HPOS="227"
                          CONTENT="bet"
                          SUBS_TYPE="HypPart2"
                          SUBS_CONTENT="habet"/>
                  <SP HEIGHT="42" WIDTH="13" VPOS="1133" HPOS="320"/>
                  <String HEIGHT="42"
                          WIDTH="147"
                          VPOS="1133"
                          HPOS="280"
                          CONTENT="formam,"/>
                  <SP HEIGHT="42" WIDTH="13" VPOS="1133" HPOS="427"/>
                  <String HEIGHT="42" WIDTH="93" VPOS="1133" HPOS="387" CONTENT="qua"/>
                  <SP HEIGHT="42" WIDTH="13" VPOS="1133" HPOS="480"/>
                  <String HEIGHT="42"
                          WIDTH="200"
                          VPOS="1133"
                          HPOS="440"
                          CONTENT="conseruatur"/>
                  <SP HEIGHT="42" WIDTH="13" VPOS="1133" HPOS="641"/>
                  <String HEIGHT="42" WIDTH="80" VPOS="1133" HPOS="600" CONTENT="in"/>
                  <SP HEIGHT="42" WIDTH="13" VPOS="1133" HPOS="681"/>
                  <String HEIGHT="42" WIDTH="93" VPOS="1133" HPOS="641" CONTENT="sua"/>
                  <SP HEIGHT="42" WIDTH="13" VPOS="1133" HPOS="734"/>
                  <String HEIGHT="42" WIDTH="53" VPOS="1133" HPOS="681" CONTENT="mo"/>
               </TextLine>
               <TextLine ID="r1l75"
                         BASELINE="1218"
                         HEIGHT="45"
                         WIDTH="492"
                         VPOS="1173"
                         HPOS="245">
                  <String HEIGHT="45"
                          WIDTH="127"
                          VPOS="1173"
                          HPOS="231"
                          CONTENT="sura,"/>
                  <SP HEIGHT="45" WIDTH="14" VPOS="1173" HPOS="357"/>
                  <String HEIGHT="45" WIDTH="70" VPOS="1173" HPOS="315" CONTENT="&amp;"/>
                  <SP HEIGHT="45" WIDTH="14" VPOS="1173" HPOS="386"/>
                  <String HEIGHT="45"
                          WIDTH="112"
                          VPOS="1173"
                          HPOS="343"
                          CONTENT="ista"/>
                  <SP HEIGHT="45" WIDTH="14" VPOS="1173" HPOS="456"/>
                  <String HEIGHT="45"
                          WIDTH="127"
                          VPOS="1173"
                          HPOS="414"
                          CONTENT="forma"/>
                  <SP HEIGHT="45" WIDTH="14" VPOS="1173" HPOS="540"/>
                  <String HEIGHT="45" WIDTH="98" VPOS="1173" HPOS="498" CONTENT="non"/>
                  <SP HEIGHT="45" WIDTH="14" VPOS="1173" HPOS="596"/>
                  <String HEIGHT="45" WIDTH="98" VPOS="1173" HPOS="554" CONTENT="est"/>
                  <SP HEIGHT="45" WIDTH="14" VPOS="1173" HPOS="653"/>
                  <String HEIGHT="45"
                          WIDTH="127"
                          VPOS="1173"
                          HPOS="610"
                          CONTENT="anima"/>
                  <SP HEIGHT="45" WIDTH="14" VPOS="1173" HPOS="737"/>
                  <String HEIGHT="45" WIDTH="56" VPOS="1173" HPOS="681" CONTENT="in"/>
               </TextLine>
               <TextLine ID="r1l79"
                         BASELINE="1262"
                         HEIGHT="41"
                         WIDTH="497"
                         VPOS="1221"
                         HPOS="242">
                  <String HEIGHT="41"
                          WIDTH="132"
                          VPOS="1221"
                          HPOS="227"
                          CONTENT="actu,"/>
                  <SP HEIGHT="41" WIDTH="15" VPOS="1221" HPOS="359"/>
                  <String HEIGHT="41"
                          WIDTH="102"
                          VPOS="1221"
                          HPOS="315"
                          CONTENT="sed"/>
                  <SP HEIGHT="41" WIDTH="15" VPOS="1221" HPOS="417"/>
                  <String HEIGHT="41" WIDTH="88" VPOS="1221" HPOS="374" CONTENT="in"/>
                  <SP HEIGHT="41" WIDTH="15" VPOS="1221" HPOS="461"/>
                  <String HEIGHT="41"
                          WIDTH="190"
                          VPOS="1221"
                          HPOS="417"
                          CONTENT="potentia:"/>
                  <SP HEIGHT="41" WIDTH="15" VPOS="1221" HPOS="607"/>
                  <String HEIGHT="41" WIDTH="73" VPOS="1221" HPOS="564" CONTENT="&amp;"/>
                  <SP HEIGHT="41" WIDTH="15" VPOS="1221" HPOS="637"/>
                  <String HEIGHT="41"
                          WIDTH="102"
                          VPOS="1221"
                          HPOS="593"
                          CONTENT="est"/>
                  <SP HEIGHT="41" WIDTH="15" VPOS="1221" HPOS="695"/>
                  <String HEIGHT="41"
                          WIDTH="117"
                          VPOS="1221"
                          HPOS="651"
                          CONTENT="quam"/>
                  <SP HEIGHT="41" WIDTH="15" VPOS="1221" HPOS="768"/>
                  <String HEIGHT="41" WIDTH="29" VPOS="1221" HPOS="710" CONTENT=""/>
               </TextLine>
               <TextLine ID="r1l82"
                         BASELINE="1291"
                         HEIGHT="39"
                         WIDTH="492"
                         VPOS="1252"
                         HPOS="245">
                  <String HEIGHT="39"
                          WIDTH="126"
                          VPOS="1252"
                          HPOS="232"
                          CONTENT="Arist."/>
                  <SP HEIGHT="39" WIDTH="13" VPOS="1252" HPOS="359"/>
                  <String HEIGHT="39"
                          WIDTH="164"
                          VPOS="1252"
                          HPOS="321"
                          CONTENT="assimilat"/>
                  <SP HEIGHT="39" WIDTH="13" VPOS="1252" HPOS="485"/>
                  <String HEIGHT="39"
                          WIDTH="101"
                          VPOS="1252"
                          HPOS="447"
                          CONTENT="arti"/>
                  <SP HEIGHT="39" WIDTH="13" VPOS="1252" HPOS="548"/>
                  <String HEIGHT="39" WIDTH="63" VPOS="1252" HPOS="510" CONTENT="&amp;"/>
                  <SP HEIGHT="39" WIDTH="13" VPOS="1252" HPOS="573"/>
                  <String HEIGHT="39"
                          WIDTH="202"
                          VPOS="1252"
                          HPOS="535"
                          CONTENT="intellectui."/>
                  <SP HEIGHT="39" WIDTH="13" VPOS="1252" HPOS="737"/>
                  <String HEIGHT="39" WIDTH="63" VPOS="1252" HPOS="699" CONTENT="&amp;"/>
                  <SP HEIGHT="39" WIDTH="13" VPOS="1252" HPOS="762"/>
                  <String HEIGHT="39" WIDTH="25" VPOS="1252" HPOS="712" CONTENT=""/>
               </TextLine>
               <TextLine ID="r1l85"
                         BASELINE="1330"
                         HEIGHT="38"
                         WIDTH="495"
                         VPOS="1292"
                         HPOS="246">
                  <String HEIGHT="38"
                          WIDTH="124"
                          VPOS="1292"
                          HPOS="231"
                          CONTENT="ideo"/>
                  <SP HEIGHT="38" WIDTH="15" VPOS="1292" HPOS="354"/>
                  <String HEIGHT="38"
                          WIDTH="139"
                          VPOS="1292"
                          HPOS="308"
                          CONTENT="vocat"/>
                  <SP HEIGHT="38" WIDTH="15" VPOS="1292" HPOS="447"/>
                  <String HEIGHT="38"
                          WIDTH="170"
                          VPOS="1292"
                          HPOS="401"
                          CONTENT="calorem"/>
                  <SP HEIGHT="38" WIDTH="15" VPOS="1292" HPOS="571"/>
                  <String HEIGHT="38"
                          WIDTH="139"
                          VPOS="1292"
                          HPOS="524"
                          CONTENT="istum"/>
                  <SP HEIGHT="38" WIDTH="15" VPOS="1292" HPOS="664"/>
                  <String HEIGHT="38"
                          WIDTH="139"
                          VPOS="1292"
                          HPOS="602"
                          CONTENT="calorem"/>
               </TextLine>
               <TextLine ID="r1l88"
                         BASELINE="1370"
                         HEIGHT="41"
                         WIDTH="492"
                         VPOS="1329"
                         HPOS="246">
                  <String HEIGHT="41"
                          WIDTH="133"
                          VPOS="1329"
                          HPOS="233"
                          CONTENT="animae"/>
                  <SP HEIGHT="41" WIDTH="13" VPOS="1329" HPOS="366"/>
                  <String HEIGHT="41" WIDTH="93" VPOS="1329" HPOS="326" CONTENT="non"/>
                  <SP HEIGHT="41" WIDTH="13" VPOS="1329" HPOS="419"/>
                  <String HEIGHT="41"
                          WIDTH="173"
                          VPOS="1329"
                          HPOS="379"
                          CONTENT="animatum."/>
                  <SP HEIGHT="41" WIDTH="13" VPOS="1329" HPOS="552"/>
                  <String HEIGHT="41" WIDTH="66" VPOS="1329" HPOS="512" CONTENT="&amp;"/>
                  <SP HEIGHT="41" WIDTH="13" VPOS="1329" HPOS="578"/>
                  <String HEIGHT="41"
                          WIDTH="106"
                          VPOS="1329"
                          HPOS="539"
                          CONTENT="iste"/>
                  <SP HEIGHT="41" WIDTH="13" VPOS="1329" HPOS="645"/>
                  <String HEIGHT="41"
                          WIDTH="120"
                          VPOS="1329"
                          HPOS="605"
                          CONTENT="calor"/>
                  <SP HEIGHT="41" WIDTH="13" VPOS="1329" HPOS="725"/>
                  <String HEIGHT="41" WIDTH="66" VPOS="1329" HPOS="672" CONTENT="est"/>
               </TextLine>
               <TextLine ID="r1l91"
                         BASELINE="1410"
                         HEIGHT="40"
                         WIDTH="496"
                         VPOS="1370"
                         HPOS="237">
                  <String HEIGHT="40" WIDTH="83" VPOS="1370" HPOS="223" CONTENT="in"/>
                  <SP HEIGHT="40" WIDTH="14" VPOS="1370" HPOS="306"/>
                  <String HEIGHT="40"
                          WIDTH="193"
                          VPOS="1370"
                          HPOS="265"
                          CONTENT="seminibus,"/>
                  <SP HEIGHT="40" WIDTH="14" VPOS="1370" HPOS="457"/>
                  <String HEIGHT="40" WIDTH="69" VPOS="1370" HPOS="416" CONTENT="&amp;"/>
                  <SP HEIGHT="40" WIDTH="14" VPOS="1370" HPOS="485"/>
                  <String HEIGHT="40" WIDTH="96" VPOS="1370" HPOS="444" CONTENT="sit"/>
                  <SP HEIGHT="40" WIDTH="14" VPOS="1370" HPOS="540"/>
                  <String HEIGHT="40" WIDTH="83" VPOS="1370" HPOS="499" CONTENT="ab"/>
                  <SP HEIGHT="40" WIDTH="14" VPOS="1370" HPOS="581"/>
                  <String HEIGHT="40"
                          WIDTH="152"
                          VPOS="1370"
                          HPOS="540"
                          CONTENT="habente"/>
                  <SP HEIGHT="40" WIDTH="14" VPOS="1370" HPOS="692"/>
                  <String HEIGHT="40"
                          WIDTH="96"
                          VPOS="1370"
                          HPOS="637"
                          CONTENT="semen"/>
               </TextLine>
               <TextLine ID="r1l93"
                         BASELINE="1450"
                         HEIGHT="41"
                         WIDTH="500"
                         VPOS="1409"
                         HPOS="240">
                  <String HEIGHT="41" WIDTH="64" VPOS="1409" HPOS="227" CONTENT="&amp;"/>
                  <SP HEIGHT="41" WIDTH="13" VPOS="1409" HPOS="291"/>
                  <String HEIGHT="41" WIDTH="64" VPOS="1409" HPOS="253" CONTENT="a"/>
                  <SP HEIGHT="41" WIDTH="13" VPOS="1409" HPOS="317"/>
                  <String HEIGHT="41"
                          WIDTH="115"
                          VPOS="1409"
                          HPOS="278"
                          CONTENT="Sole."/>
                  <SP HEIGHT="41" WIDTH="13" VPOS="1409" HPOS="394"/>
                  <String HEIGHT="41"
                          WIDTH="103"
                          VPOS="1409"
                          HPOS="355"
                          CONTENT="Vnde"/>
                  <SP HEIGHT="41" WIDTH="13" VPOS="1409" HPOS="458"/>
                  <String HEIGHT="41"
                          WIDTH="141"
                          VPOS="1409"
                          HPOS="419"
                          CONTENT="Aristo."/>
                  <SP HEIGHT="41" WIDTH="13" VPOS="1409" HPOS="561"/>
                  <String HEIGHT="41"
                          WIDTH="128"
                          VPOS="1409"
                          HPOS="522"
                          CONTENT="dicit,"/>
                  <SP HEIGHT="41" WIDTH="13" VPOS="1409" HPOS="650"/>
                  <String HEIGHT="41"
                          WIDTH="103"
                          VPOS="1409"
                          HPOS="612"
                          CONTENT="quod"/>
                  <SP HEIGHT="41" WIDTH="13" VPOS="1409" HPOS="714"/>
                  <String HEIGHT="41"
                          WIDTH="77"
                          VPOS="1409"
                          HPOS="663"
                          CONTENT="homo"/>
               </TextLine>
               <TextLine ID="r1l95"
                         BASELINE="1500"
                         HEIGHT="52"
                         WIDTH="494"
                         VPOS="1448"
                         HPOS="242">
                  <String HEIGHT="52"
                          WIDTH="178"
                          VPOS="1448"
                          HPOS="228"
                          CONTENT="generatur"/>
                  <SP HEIGHT="52" WIDTH="14" VPOS="1448" HPOS="407"/>
                  <String HEIGHT="52" WIDTH="82" VPOS="1448" HPOS="366" CONTENT="ex"/>
                  <SP HEIGHT="52" WIDTH="14" VPOS="1448" HPOS="448"/>
                  <String HEIGHT="52"
                          WIDTH="137"
                          VPOS="1448"
                          HPOS="407"
                          CONTENT="homine"/>
                  <SP HEIGHT="52" WIDTH="14" VPOS="1448" HPOS="544"/>
                  <String HEIGHT="52" WIDTH="69" VPOS="1448" HPOS="503" CONTENT="&amp;"/>
                  <SP HEIGHT="52" WIDTH="14" VPOS="1448" HPOS="571"/>
                  <String HEIGHT="52"
                          WIDTH="124"
                          VPOS="1448"
                          HPOS="530"
                          CONTENT="Sole:"/>
                  <SP HEIGHT="52" WIDTH="14" VPOS="1448" HPOS="654"/>
                  <String HEIGHT="52" WIDTH="69" VPOS="1448" HPOS="613" CONTENT="&amp;"/>
                  <SP HEIGHT="52" WIDTH="14" VPOS="1448" HPOS="681"/>
                  <String HEIGHT="52"
                          WIDTH="110"
                          VPOS="1448"
                          HPOS="626"
                          CONTENT="factus"/>
               </TextLine>
               <TextLine ID="r1l97"
                         BASELINE="1531"
                         HEIGHT="44"
                         WIDTH="494"
                         VPOS="1487"
                         HPOS="240">
                  <String HEIGHT="44" WIDTH="91" VPOS="1487" HPOS="227" CONTENT="est"/>
                  <SP HEIGHT="44" WIDTH="13" VPOS="1487" HPOS="318"/>
                  <String HEIGHT="44"
                          WIDTH="104"
                          VPOS="1487"
                          HPOS="279"
                          CONTENT="ille"/>
                  <SP HEIGHT="44" WIDTH="13" VPOS="1487" HPOS="383"/>
                  <String HEIGHT="44"
                          WIDTH="117"
                          VPOS="1487"
                          HPOS="344"
                          CONTENT="calor"/>
                  <SP HEIGHT="44" WIDTH="13" VPOS="1487" HPOS="461"/>
                  <String HEIGHT="44" WIDTH="78" VPOS="1487" HPOS="422" CONTENT="ex"/>
                  <SP HEIGHT="44" WIDTH="13" VPOS="1487" HPOS="500"/>
                  <String HEIGHT="44"
                          WIDTH="130"
                          VPOS="1487"
                          HPOS="461"
                          CONTENT="terra,"/>
                  <SP HEIGHT="44" WIDTH="13" VPOS="1487" HPOS="591"/>
                  <String HEIGHT="44" WIDTH="65" VPOS="1487" HPOS="552" CONTENT="&amp;"/>
                  <SP HEIGHT="44" WIDTH="13" VPOS="1487" HPOS="617"/>
                  <String HEIGHT="44"
                          WIDTH="104"
                          VPOS="1487"
                          HPOS="578"
                          CONTENT="aqua"/>
                  <SP HEIGHT="44" WIDTH="13" VPOS="1487" HPOS="682"/>
                  <String HEIGHT="44" WIDTH="78" VPOS="1487" HPOS="643" CONTENT="ex"/>
                  <SP HEIGHT="44" WIDTH="13" VPOS="1487" HPOS="721"/>
                  <String HEIGHT="44" WIDTH="65" VPOS="1487" HPOS="669" CONTENT="cas"/>
               </TextLine>
               <TextLine ID="r1l99"
                         BASELINE="1570"
                         HEIGHT="42"
                         WIDTH="503"
                         VPOS="1528"
                         HPOS="240">
                  <String HEIGHT="42"
                          WIDTH="115"
                          VPOS="1528"
                          HPOS="226"
                          CONTENT="lore"/>
                  <SP HEIGHT="42" WIDTH="14" VPOS="1528" HPOS="341"/>
                  <String HEIGHT="42"
                          WIDTH="129"
                          VPOS="1528"
                          HPOS="297"
                          CONTENT="Solis"/>
                  <SP HEIGHT="42" WIDTH="14" VPOS="1528" HPOS="427"/>
                  <String HEIGHT="42"
                          WIDTH="158"
                          VPOS="1528"
                          HPOS="384"
                          CONTENT="admixto"/>
                  <SP HEIGHT="42" WIDTH="14" VPOS="1528" HPOS="542"/>
                  <String HEIGHT="42"
                          WIDTH="101"
                          VPOS="1528"
                          HPOS="499"
                          CONTENT="cum"/>
                  <SP HEIGHT="42" WIDTH="14" VPOS="1528" HPOS="599"/>
                  <String HEIGHT="42"
                          WIDTH="144"
                          VPOS="1528"
                          HPOS="556"
                          CONTENT="calore"/>
                  <SP HEIGHT="42" WIDTH="14" VPOS="1528" HPOS="700"/>
                  <String HEIGHT="42"
                          WIDTH="101"
                          VPOS="1528"
                          HPOS="642"
                          CONTENT="alia"
                          SUBS_TYPE="HypPart1"
                          SUBS_CONTENT="aliarum"/>
                  <HYP CONTENT="-"/>
               </TextLine>
               <TextLine ID="r1l101"
                         BASELINE="1610"
                         HEIGHT="45"
                         WIDTH="492"
                         VPOS="1565"
                         HPOS="244">
                  <String HEIGHT="45"
                          WIDTH="88"
                          VPOS="1565"
                          HPOS="231"
                          CONTENT="rum"
                          SUBS_TYPE="HypPart2"
                          SUBS_CONTENT="aliarum"/>
                  <SP HEIGHT="45" WIDTH="13" VPOS="1565" HPOS="320"/>
                  <String HEIGHT="45"
                          WIDTH="177"
                          VPOS="1565"
                          HPOS="282"
                          CONTENT="stellarum."/>
                  <SP HEIGHT="45" WIDTH="13" VPOS="1565" HPOS="458"/>
                  <String HEIGHT="45" WIDTH="76" VPOS="1565" HPOS="421" CONTENT="Et"/>
                  <SP HEIGHT="45" WIDTH="13" VPOS="1565" HPOS="496"/>
                  <String HEIGHT="45"
                          WIDTH="101"
                          VPOS="1565"
                          HPOS="458"
                          CONTENT="ideo"/>
                  <SP HEIGHT="45" WIDTH="13" VPOS="1565" HPOS="559"/>
                  <String HEIGHT="45" WIDTH="88" VPOS="1565" HPOS="522" CONTENT="Sol"/>
                  <SP HEIGHT="45" WIDTH="13" VPOS="1565" HPOS="610"/>
                  <String HEIGHT="45" WIDTH="63" VPOS="1565" HPOS="572" CONTENT="&amp;"/>
                  <SP HEIGHT="45" WIDTH="13" VPOS="1565" HPOS="635"/>
                  <String HEIGHT="45"
                          WIDTH="114"
                          VPOS="1565"
                          HPOS="597"
                          CONTENT="aliae"/>
                  <SP HEIGHT="45" WIDTH="13" VPOS="1565" HPOS="711"/>
                  <String HEIGHT="45"
                          WIDTH="76"
                          VPOS="1565"
                          HPOS="660"
                          CONTENT="stel"/>
               </TextLine>
               <TextLine ID="r1l103"
                         BASELINE="1655"
                         HEIGHT="50"
                         WIDTH="502"
                         VPOS="1605"
                         HPOS="244">
                  <String HEIGHT="50" WIDTH="95" VPOS="1605" HPOS="230" CONTENT="lae"/>
                  <SP HEIGHT="50" WIDTH="14" VPOS="1605" HPOS="325"/>
                  <String HEIGHT="50"
                          WIDTH="109"
                          VPOS="1605"
                          HPOS="285"
                          CONTENT="sunt"/>
                  <SP HEIGHT="50" WIDTH="14" VPOS="1605" HPOS="393"/>
                  <String HEIGHT="50"
                          WIDTH="190"
                          VPOS="1605"
                          HPOS="353"
                          CONTENT="principium"/>
                  <SP HEIGHT="50" WIDTH="14" VPOS="1605" HPOS="542"/>
                  <String HEIGHT="50"
                          WIDTH="122"
                          VPOS="1605"
                          HPOS="502"
                          CONTENT="vitae"/>
                  <SP HEIGHT="50" WIDTH="14" VPOS="1605" HPOS="624"/>
                  <String HEIGHT="50"
                          WIDTH="122"
                          VPOS="1605"
                          HPOS="583"
                          CONTENT="cuius"/>
                  <SP HEIGHT="50" WIDTH="14" VPOS="1605" HPOS="705"/>
                  <String HEIGHT="50"
                          WIDTH="95"
                          VPOS="1605"
                          HPOS="651"
                          CONTENT="libet"/>
               </TextLine>
               <TextLine ID="r1l105"
                         BASELINE="1696"
                         HEIGHT="52"
                         WIDTH="495"
                         VPOS="1644"
                         HPOS="246">
                  <String HEIGHT="52"
                          WIDTH="110"
                          VPOS="1644"
                          HPOS="232"
                          CONTENT="viui"/>
                  <SP HEIGHT="52" WIDTH="14" VPOS="1644" HPOS="342"/>
                  <String HEIGHT="52" WIDTH="83" VPOS="1644" HPOS="301" CONTENT="in"/>
                  <SP HEIGHT="52" WIDTH="14" VPOS="1644" HPOS="384"/>
                  <String HEIGHT="52"
                          WIDTH="151"
                          VPOS="1644"
                          HPOS="342"
                          CONTENT="natura."/>
                  <SP HEIGHT="52" WIDTH="14" VPOS="1644" HPOS="494"/>
                  <String HEIGHT="52"
                          WIDTH="124"
                          VPOS="1644"
                          HPOS="452"
                          CONTENT="Calor"/>
                  <SP HEIGHT="52" WIDTH="14" VPOS="1644" HPOS="576"/>
                  <String HEIGHT="52"
                          WIDTH="138"
                          VPOS="1644"
                          HPOS="535"
                          CONTENT="igitur"/>
                  <SP HEIGHT="52" WIDTH="14" VPOS="1644" HPOS="672"/>
                  <String HEIGHT="52"
                          WIDTH="124"
                          VPOS="1644"
                          HPOS="631"
                          CONTENT="Solis"/>
                  <SP HEIGHT="52" WIDTH="14" VPOS="1644" HPOS="755"/>
                  <String HEIGHT="52" WIDTH="41" VPOS="1644" HPOS="700" CONTENT="&amp;"/>
               </TextLine>
               <TextLine ID="r1l107"
                         BASELINE="1730"
                         HEIGHT="44"
                         WIDTH="491"
                         VPOS="1686"
                         HPOS="248">
                  <String HEIGHT="44"
                          WIDTH="188"
                          VPOS="1686"
                          HPOS="234"
                          CONTENT="stellarum"/>
                  <SP HEIGHT="44" WIDTH="14" VPOS="1686" HPOS="421"/>
                  <String HEIGHT="44"
                          WIDTH="173"
                          VPOS="1686"
                          HPOS="378"
                          CONTENT="diffusus"/>
                  <SP HEIGHT="44" WIDTH="14" VPOS="1686" HPOS="551"/>
                  <String HEIGHT="44" WIDTH="87" VPOS="1686" HPOS="508" CONTENT="in"/>
                  <SP HEIGHT="44" WIDTH="14" VPOS="1686" HPOS="595"/>
                  <String HEIGHT="44"
                          WIDTH="116"
                          VPOS="1686"
                          HPOS="551"
                          CONTENT="aqua"/>
                  <SP HEIGHT="44" WIDTH="14" VPOS="1686" HPOS="667"/>
                  <String HEIGHT="44" WIDTH="72" VPOS="1686" HPOS="623" CONTENT="&amp;"/>
                  <SP HEIGHT="44" WIDTH="14" VPOS="1686" HPOS="696"/>
                  <String HEIGHT="44"
                          WIDTH="101"
                          VPOS="1686"
                          HPOS="638"
                          CONTENT="terra"/>
               </TextLine>
               <TextLine ID="r1l110"
                         BASELINE="1773"
                         HEIGHT="42"
                         WIDTH="494"
                         VPOS="1731"
                         HPOS="250">
                  <String HEIGHT="42"
                          WIDTH="165"
                          VPOS="1731"
                          HPOS="235"
                          CONTENT="generat"/>
                  <SP HEIGHT="42" WIDTH="15" VPOS="1731" HPOS="400"/>
                  <String HEIGHT="42"
                          WIDTH="180"
                          VPOS="1731"
                          HPOS="355"
                          CONTENT="animalia"/>
                  <SP HEIGHT="42" WIDTH="15" VPOS="1731" HPOS="534"/>
                  <String HEIGHT="42" WIDTH="90" VPOS="1731" HPOS="490" CONTENT="ex"/>
                  <SP HEIGHT="42" WIDTH="15" VPOS="1731" HPOS="579"/>
                  <String HEIGHT="42"
                          WIDTH="225"
                          VPOS="1731"
                          HPOS="519"
                          CONTENT="purrefactione"/>
               </TextLine>
               <TextLine ID="r1l112"
                         BASELINE="1802"
                         HEIGHT="42"
                         WIDTH="498"
                         VPOS="1760"
                         HPOS="249">
                  <String HEIGHT="42"
                          WIDTH="97"
                          VPOS="1760"
                          HPOS="238"
                          CONTENT="nata,"/>
                  <SP HEIGHT="42" WIDTH="11" VPOS="1760" HPOS="336"/>
                  <String HEIGHT="42" WIDTH="54" VPOS="1760" HPOS="303" CONTENT="&amp;"/>
                  <SP HEIGHT="42" WIDTH="11" VPOS="1760" HPOS="357"/>
                  <String HEIGHT="42"
                          WIDTH="184"
                          VPOS="1760"
                          HPOS="325"
                          CONTENT="vniversaliter"/>
                  <SP HEIGHT="42" WIDTH="11" VPOS="1760" HPOS="509"/>
                  <String HEIGHT="42"
                          WIDTH="108"
                          VPOS="1760"
                          HPOS="476"
                          CONTENT="omnia,"/>
                  <SP HEIGHT="42" WIDTH="11" VPOS="1760" HPOS="585"/>
                  <String HEIGHT="42"
                          WIDTH="87"
                          VPOS="1760"
                          HPOS="552"
                          CONTENT="quae"/>
                  <SP HEIGHT="42" WIDTH="11" VPOS="1760" HPOS="639"/>
                  <String HEIGHT="42"
                          WIDTH="97"
                          VPOS="1760"
                          HPOS="606"
                          CONTENT="fiunt"/>
                  <SP HEIGHT="42" WIDTH="11" VPOS="1760" HPOS="704"/>
                  <String HEIGHT="42" WIDTH="65" VPOS="1760" HPOS="671" CONTENT="ex"/>
                  <SP HEIGHT="42" WIDTH="11" VPOS="1760" HPOS="736"/>
                  <String HEIGHT="42" WIDTH="54" VPOS="1760" HPOS="693" CONTENT="non"/>
               </TextLine>
               <TextLine ID="r1l114"
                         BASELINE="1842"
                         HEIGHT="41"
                         WIDTH="502"
                         VPOS="1801"
                         HPOS="246">
                  <String HEIGHT="41"
                          WIDTH="138"
                          VPOS="1801"
                          HPOS="233"
                          CONTENT="semine:"/>
                  <SP HEIGHT="41" WIDTH="13" VPOS="1801" HPOS="372"/>
                  <String HEIGHT="41" WIDTH="88" VPOS="1801" HPOS="334" CONTENT="non"/>
                  <SP HEIGHT="41" WIDTH="13" VPOS="1801" HPOS="422"/>
                  <String HEIGHT="41"
                          WIDTH="100"
                          VPOS="1801"
                          HPOS="384"
                          CONTENT="quod"/>
                  <SP HEIGHT="41" WIDTH="13" VPOS="1801" HPOS="484"/>
                  <String HEIGHT="41"
                          WIDTH="113"
                          VPOS="1801"
                          HPOS="447"
                          CONTENT="illic"/>
                  <SP HEIGHT="41" WIDTH="13" VPOS="1801" HPOS="560"/>
                  <String HEIGHT="41" WIDTH="88" VPOS="1801" HPOS="522" CONTENT="sit"/>
                  <SP HEIGHT="41" WIDTH="13" VPOS="1801" HPOS="610"/>
                  <String HEIGHT="41"
                          WIDTH="113"
                          VPOS="1801"
                          HPOS="572"
                          CONTENT="anima"/>
                  <SP HEIGHT="41" WIDTH="13" VPOS="1801" HPOS="685"/>
                  <String HEIGHT="41" WIDTH="75" VPOS="1801" HPOS="648" CONTENT="in"/>
                  <SP HEIGHT="41" WIDTH="13" VPOS="1801" HPOS="723"/>
                  <String HEIGHT="41"
                          WIDTH="75"
                          VPOS="1801"
                          HPOS="673"
                          CONTENT="actu"/>
               </TextLine>
               <TextLine ID="r1l117"
                         BASELINE="1890"
                         HEIGHT="54"
                         WIDTH="475"
                         VPOS="1836"
                         HPOS="264">
                  <String HEIGHT="54"
                          WIDTH="141"
                          VPOS="1836"
                          HPOS="251"
                          CONTENT="inuenta"/>
                  <SP HEIGHT="54" WIDTH="13" VPOS="1836" HPOS="392"/>
                  <String HEIGHT="54" WIDTH="77" VPOS="1836" HPOS="354" CONTENT="in"/>
                  <SP HEIGHT="54" WIDTH="13" VPOS="1836" HPOS="431"/>
                  <String HEIGHT="54"
                          WIDTH="103"
                          VPOS="1836"
                          HPOS="392"
                          CONTENT="orbe"/>
                  <SP HEIGHT="54" WIDTH="13" VPOS="1836" HPOS="495"/>
                  <String HEIGHT="54"
                          WIDTH="141"
                          VPOS="1836"
                          HPOS="457"
                          CONTENT="decliui"/>
                  <SP HEIGHT="54" WIDTH="13" VPOS="1836" HPOS="598"/>
                  <String HEIGHT="54" WIDTH="64" VPOS="1836" HPOS="559" CONTENT="&amp;"/>
                  <SP HEIGHT="54" WIDTH="13" VPOS="1836" HPOS="623"/>
                  <String HEIGHT="54" WIDTH="64" VPOS="1836" HPOS="585" CONTENT="a"/>
                  <SP HEIGHT="54" WIDTH="13" VPOS="1836" HPOS="649"/>
                  <String HEIGHT="54"
                          WIDTH="116"
                          VPOS="1836"
                          HPOS="611"
                          CONTENT="Sole,"/>
                  <SP HEIGHT="54" WIDTH="13" VPOS="1836" HPOS="726"/>
                  <String HEIGHT="54" WIDTH="64" VPOS="1836" HPOS="675" CONTENT="si"/>
               </TextLine>
            </TextBlock>
            <TextBlock ID="TextRegion_1604792558852_3975"
                       HEIGHT="1815"
                       WIDTH="528"
                       VPOS="107"
                       HPOS="746">
               <Shape>
                  <Polygon POINTS="746,107 1274,107 1274,1922 766,1922 759,1250"/>
               </Shape>
               <TextLine ID="r1l3"
                         BASELINE="194"
                         HEIGHT="45"
                         WIDTH="516"
                         VPOS="149"
                         HPOS="761">
                  <String HEIGHT="45" WIDTH="95" VPOS="149" HPOS="747" CONTENT="cut"/>
                  <SP HEIGHT="45" WIDTH="14" VPOS="149" HPOS="842"/>
                  <String HEIGHT="45"
                          WIDTH="136"
                          VPOS="149"
                          HPOS="802"
                          CONTENT="narrat"/>
                  <SP HEIGHT="45" WIDTH="14" VPOS="149" HPOS="938"/>
                  <String HEIGHT="45"
                          WIDTH="204"
                          VPOS="149"
                          HPOS="897"
                          CONTENT="Themistius."/>
                  <SP HEIGHT="45" WIDTH="14" VPOS="149" HPOS="1100"/>
                  <String HEIGHT="45" WIDTH="68" VPOS="149" HPOS="1060" CONTENT="&amp;"/>
                  <SP HEIGHT="45" WIDTH="14" VPOS="149" HPOS="1128"/>
                  <String HEIGHT="45"
                          WIDTH="122"
                          VPOS="149"
                          HPOS="1087"
                          CONTENT="omnia"/>
                  <SP HEIGHT="45" WIDTH="14" VPOS="149" HPOS="1209"/>
                  <String HEIGHT="45"
                          WIDTH="109"
                          VPOS="149"
                          HPOS="1168"
                          CONTENT="ista"/>
                  <SP HEIGHT="45" WIDTH="14" VPOS="149" HPOS="1277"/>
                  <String HEIGHT="45" WIDTH="54" VPOS="149" HPOS="1223" CONTENT="de"/>
               </TextLine>
               <TextLine ID="r1l5"
                         BASELINE="234"
                         HEIGHT="45"
                         WIDTH="501"
                         VPOS="189"
                         HPOS="766">
                  <String HEIGHT="45"
                          WIDTH="162"
                          VPOS="189"
                          HPOS="751"
                          CONTENT="clarata"/>
                  <SP HEIGHT="45" WIDTH="15" VPOS="189" HPOS="913"/>
                  <String HEIGHT="45"
                          WIDTH="118"
                          VPOS="189"
                          HPOS="869"
                          CONTENT="sunt"/>
                  <SP HEIGHT="45" WIDTH="15" VPOS="189" HPOS="987"/>
                  <String HEIGHT="45" WIDTH="88" VPOS="189" HPOS="943" CONTENT="in"/>
                  <SP HEIGHT="45" WIDTH="15" VPOS="189" HPOS="1031"/>
                  <String HEIGHT="45"
                          WIDTH="118"
                          VPOS="189"
                          HPOS="987"
                          CONTENT="lib."/>
                  <SP HEIGHT="45" WIDTH="15" VPOS="189" HPOS="1105"/>
                  <String HEIGHT="45" WIDTH="88" VPOS="189" HPOS="1061" CONTENT="de"/>
                  <SP HEIGHT="45" WIDTH="15" VPOS="189" HPOS="1149"/>
                  <String HEIGHT="45"
                          WIDTH="177"
                          VPOS="189"
                          HPOS="1090"
                          CONTENT="Animalibus"/>
               </TextLine>
               <TextLine ID="r1l9"
                         BASELINE="284"
                         HEIGHT="55"
                         WIDTH="502"
                         VPOS="229"
                         HPOS="769">
                  <String HEIGHT="55"
                          WIDTH="118"
                          VPOS="229"
                          HPOS="754"
                          CONTENT="ergo"/>
                  <SP HEIGHT="55" WIDTH="15" VPOS="229" HPOS="872"/>
                  <String HEIGHT="55"
                          WIDTH="162"
                          VPOS="229"
                          HPOS="828"
                          CONTENT="calores"/>
                  <SP HEIGHT="55" WIDTH="15" VPOS="229" HPOS="990"/>
                  <String HEIGHT="55"
                          WIDTH="177"
                          VPOS="229"
                          HPOS="946"
                          CONTENT="generati"/>
                  <SP HEIGHT="55" WIDTH="15" VPOS="229" HPOS="1123"/>
                  <String HEIGHT="55" WIDTH="89" VPOS="229" HPOS="1079" CONTENT="ex"/>
                  <SP HEIGHT="55" WIDTH="15" VPOS="229" HPOS="1168"/>
                  <String HEIGHT="55"
                          WIDTH="162"
                          VPOS="229"
                          HPOS="1109"
                          CONTENT="caloribus"/>
               </TextLine>
               <TextLine ID="r1l12"
                         BASELINE="325"
                         HEIGHT="57"
                         WIDTH="516"
                         VPOS="268"
                         HPOS="759">
                  <String HEIGHT="57"
                          WIDTH="192"
                          VPOS="268"
                          HPOS="744"
                          CONTENT="stellarum"/>
                  <SP HEIGHT="57" WIDTH="15" VPOS="268" HPOS="936"/>
                  <String HEIGHT="57"
                          WIDTH="206"
                          VPOS="268"
                          HPOS="892"
                          CONTENT="generantes"/>
                  <SP HEIGHT="57" WIDTH="15" VPOS="268" HPOS="1098"/>
                  <String HEIGHT="57"
                          WIDTH="192"
                          VPOS="268"
                          HPOS="1054"
                          CONTENT="quamlibet"/>
                  <SP HEIGHT="57" WIDTH="15" VPOS="268" HPOS="1246"/>
                  <String HEIGHT="57"
                          WIDTH="88"
                          VPOS="268"
                          HPOS="1187"
                          CONTENT="spe"
                          SUBS_TYPE="HypPart1"
                          SUBS_CONTENT="speciem"/>
                  <HYP CONTENT="-"/>
               </TextLine>
               <TextLine ID="r1l15"
                         BASELINE="354"
                         HEIGHT="44"
                         WIDTH="505"
                         VPOS="310"
                         HPOS="767">
                  <String HEIGHT="44"
                          WIDTH="126"
                          VPOS="310"
                          HPOS="751"
                          CONTENT="ciem"
                          SUBS_TYPE="HypPart2"
                          SUBS_CONTENT="speciem"/>
                  <SP HEIGHT="44" WIDTH="16" VPOS="310" HPOS="877"/>
                  <String HEIGHT="44"
                          WIDTH="205"
                          VPOS="310"
                          HPOS="830"
                          CONTENT="specierum"/>
                  <SP HEIGHT="44" WIDTH="16" VPOS="310" HPOS="1035"/>
                  <String HEIGHT="44"
                          WIDTH="221"
                          VPOS="310"
                          HPOS="988"
                          CONTENT="animalium,"/>
                  <SP HEIGHT="44" WIDTH="16" VPOS="310" HPOS="1209"/>
                  <String HEIGHT="44"
                          WIDTH="126"
                          VPOS="310"
                          HPOS="1146"
                          CONTENT="habent"/>
               </TextLine>
               <TextLine ID="r1l19"
                         BASELINE="394"
                         HEIGHT="38"
                         WIDTH="508"
                         VPOS="356"
                         HPOS="765">
                  <String HEIGHT="38"
                          WIDTH="174"
                          VPOS="356"
                          HPOS="750"
                          CONTENT="mensuras"/>
                  <SP HEIGHT="38" WIDTH="15" VPOS="356" HPOS="925"/>
                  <String HEIGHT="38"
                          WIDTH="174"
                          VPOS="356"
                          HPOS="881"
                          CONTENT="proprias"/>
                  <SP HEIGHT="38" WIDTH="15" VPOS="356" HPOS="1055"/>
                  <String HEIGHT="38"
                          WIDTH="145"
                          VPOS="356"
                          HPOS="1012"
                          CONTENT="illius"/>
                  <SP HEIGHT="38" WIDTH="15" VPOS="356" HPOS="1157"/>
                  <String HEIGHT="38"
                          WIDTH="160"
                          VPOS="356"
                          HPOS="1113"
                          CONTENT="caloris"/>
                  <SP HEIGHT="38" WIDTH="15" VPOS="356" HPOS="1273"/>
                  <String HEIGHT="38" WIDTH="58" VPOS="356" HPOS="1215" CONTENT="ex"/>
               </TextLine>
               <TextLine ID="r1l22"
                         BASELINE="434"
                         HEIGHT="43"
                         WIDTH="512"
                         VPOS="391"
                         HPOS="762">
                  <String HEIGHT="43"
                          WIDTH="256"
                          VPOS="391"
                          HPOS="747"
                          CONTENT="quantitatibus"/>
                  <SP HEIGHT="43" WIDTH="15" VPOS="391" HPOS="1003"/>
                  <String HEIGHT="43"
                          WIDTH="151"
                          VPOS="391"
                          HPOS="958"
                          CONTENT="motuum"/>
                  <SP HEIGHT="43" WIDTH="15" VPOS="391" HPOS="1108"/>
                  <String HEIGHT="43"
                          WIDTH="211"
                          VPOS="391"
                          HPOS="1063"
                          CONTENT="stellarum,"/>
                  <SP HEIGHT="43" WIDTH="15" VPOS="391" HPOS="1274"/>
                  <String HEIGHT="43" WIDTH="75" VPOS="391" HPOS="1229" CONTENT="&amp;"/>
                  <SP HEIGHT="43" WIDTH="15" VPOS="391" HPOS="1304"/>
                  <String HEIGHT="43" WIDTH="30" VPOS="391" HPOS="1244" CONTENT=""/>
               </TextLine>
               <TextLine ID="r1l25"
                         BASELINE="474"
                         HEIGHT="46"
                         WIDTH="510"
                         VPOS="428"
                         HPOS="764">
                  <String HEIGHT="46"
                          WIDTH="285"
                          VPOS="428"
                          HPOS="749"
                          CONTENT="dispositionibus"/>
                  <SP HEIGHT="46" WIDTH="15" VPOS="428" HPOS="1034"/>
                  <String HEIGHT="46"
                          WIDTH="135"
                          VPOS="428"
                          HPOS="989"
                          CONTENT="earum"/>
                  <SP HEIGHT="46" WIDTH="15" VPOS="428" HPOS="1124"/>
                  <String HEIGHT="46"
                          WIDTH="195"
                          VPOS="428"
                          HPOS="1079"
                          CONTENT="adinuicem"/>
                  <SP HEIGHT="46" WIDTH="15" VPOS="428" HPOS="1274"/>
                  <String HEIGHT="46" WIDTH="60" VPOS="428" HPOS="1214" CONTENT="in"/>
               </TextLine>
               <TextLine ID="r1l26"
                         BASELINE="518"
                         HEIGHT="50"
                         WIDTH="510"
                         VPOS="468"
                         HPOS="764">
                  <String HEIGHT="50"
                          WIDTH="255"
                          VPOS="468"
                          HPOS="749"
                          CONTENT="propinquitate"/>
                  <SP HEIGHT="50" WIDTH="15" VPOS="468" HPOS="1004"/>
                  <String HEIGHT="50" WIDTH="75" VPOS="468" HPOS="959" CONTENT="&amp;"/>
                  <SP HEIGHT="50" WIDTH="15" VPOS="468" HPOS="1034"/>
                  <String HEIGHT="50"
                          WIDTH="210"
                          VPOS="468"
                          HPOS="989"
                          CONTENT="remotione."/>
                  <SP HEIGHT="50" WIDTH="15" VPOS="468" HPOS="1199"/>
                  <String HEIGHT="50" WIDTH="90" VPOS="468" HPOS="1154" CONTENT="Et"/>
                  <SP HEIGHT="50" WIDTH="15" VPOS="468" HPOS="1244"/>
                  <String HEIGHT="50"
                          WIDTH="90"
                          VPOS="468"
                          HPOS="1184"
                          CONTENT="ista"/>
               </TextLine>
               <TextLine ID="r1l29"
                         BASELINE="554"
                         HEIGHT="38"
                         WIDTH="502"
                         VPOS="516"
                         HPOS="767">
                  <String HEIGHT="38"
                          WIDTH="158"
                          VPOS="516"
                          HPOS="753"
                          CONTENT="mensura"/>
                  <SP HEIGHT="38" WIDTH="14" VPOS="516" HPOS="910"/>
                  <String HEIGHT="38"
                          WIDTH="172"
                          VPOS="516"
                          HPOS="867"
                          CONTENT="prouenit"/>
                  <SP HEIGHT="38" WIDTH="14" VPOS="516" HPOS="1040"/>
                  <String HEIGHT="38" WIDTH="86" VPOS="516" HPOS="996" CONTENT="ab"/>
                  <SP HEIGHT="38" WIDTH="14" VPOS="516" HPOS="1083"/>
                  <String HEIGHT="38"
                          WIDTH="115"
                          VPOS="516"
                          HPOS="1040"
                          CONTENT="arte"/>
                  <SP HEIGHT="38" WIDTH="14" VPOS="516" HPOS="1154"/>
                  <String HEIGHT="38"
                          WIDTH="143"
                          VPOS="516"
                          HPOS="1111"
                          CONTENT="diuina"/>
                  <SP HEIGHT="38" WIDTH="14" VPOS="516" HPOS="1255"/>
                  <String HEIGHT="38"
                          WIDTH="72"
                          VPOS="516"
                          HPOS="1197"
                          CONTENT="in"
                          SUBS_TYPE="HypPart1"
                          SUBS_CONTENT="intellectuali,"/>
                  <HYP CONTENT="-"/>
               </TextLine>
               <TextLine ID="r1l31"
                         BASELINE="599"
                         HEIGHT="50"
                         WIDTH="512"
                         VPOS="549"
                         HPOS="757">
                  <String HEIGHT="50"
                          WIDTH="216"
                          VPOS="549"
                          HPOS="744"
                          CONTENT="tellectuali,"
                          SUBS_TYPE="HypPart2"
                          SUBS_CONTENT="intellectuali,"/>
                  <SP HEIGHT="50" WIDTH="13" VPOS="549" HPOS="959"/>
                  <String HEIGHT="50"
                          WIDTH="108"
                          VPOS="549"
                          HPOS="919"
                          CONTENT="quae"/>
                  <SP HEIGHT="50" WIDTH="13" VPOS="549" HPOS="1026"/>
                  <String HEIGHT="50" WIDTH="94" VPOS="549" HPOS="986" CONTENT="est"/>
                  <SP HEIGHT="50" WIDTH="13" VPOS="549" HPOS="1080"/>
                  <String HEIGHT="50"
                          WIDTH="148"
                          VPOS="549"
                          HPOS="1040"
                          CONTENT="similis"/>
                  <SP HEIGHT="50" WIDTH="13" VPOS="549" HPOS="1188"/>
                  <String HEIGHT="50" WIDTH="94" VPOS="549" HPOS="1148" CONTENT="vni"/>
                  <SP HEIGHT="50" WIDTH="13" VPOS="549" HPOS="1242"/>
                  <String HEIGHT="50"
                          WIDTH="81"
                          VPOS="549"
                          HPOS="1188"
                          CONTENT="for"
                          SUBS_TYPE="HypPart1"
                          SUBS_CONTENT="formae"/>
                  <HYP CONTENT="-"/>
               </TextLine>
               <TextLine ID="r1l32"
                         BASELINE="641"
                         HEIGHT="52"
                         WIDTH="509"
                         VPOS="589"
                         HPOS="766">
                  <String HEIGHT="52"
                          WIDTH="99"
                          VPOS="589"
                          HPOS="752"
                          CONTENT="mae"
                          SUBS_TYPE="HypPart2"
                          SUBS_CONTENT="formae"/>
                  <SP HEIGHT="52" WIDTH="14" VPOS="589" HPOS="851"/>
                  <String HEIGHT="52"
                          WIDTH="127"
                          VPOS="589"
                          HPOS="808"
                          CONTENT="vnius"/>
                  <SP HEIGHT="52" WIDTH="14" VPOS="589" HPOS="936"/>
                  <String HEIGHT="52"
                          WIDTH="127"
                          VPOS="589"
                          HPOS="893"
                          CONTENT="artis"/>
                  <SP HEIGHT="52" WIDTH="14" VPOS="589" HPOS="1021"/>
                  <String HEIGHT="52"
                          WIDTH="226"
                          VPOS="589"
                          HPOS="978"
                          CONTENT="principalis,"/>
                  <SP HEIGHT="52" WIDTH="14" VPOS="589" HPOS="1204"/>
                  <String HEIGHT="52" WIDTH="99" VPOS="589" HPOS="1162" CONTENT="sub"/>
                  <SP HEIGHT="52" WIDTH="14" VPOS="589" HPOS="1261"/>
                  <String HEIGHT="52" WIDTH="71" VPOS="589" HPOS="1204" CONTENT="qua"/>
               </TextLine>
               <TextLine ID="r1l35"
                         BASELINE="674"
                         HEIGHT="45"
                         WIDTH="512"
                         VPOS="629"
                         HPOS="756">
                  <String HEIGHT="45"
                          WIDTH="117"
                          VPOS="629"
                          HPOS="741"
                          CONTENT="sunt"/>
                  <SP HEIGHT="45" WIDTH="15" VPOS="629" HPOS="858"/>
                  <String HEIGHT="45"
                          WIDTH="132"
                          VPOS="629"
                          HPOS="815"
                          CONTENT="artes"/>
                  <SP HEIGHT="45" WIDTH="15" VPOS="629" HPOS="946"/>
                  <String HEIGHT="45"
                          WIDTH="161"
                          VPOS="629"
                          HPOS="902"
                          CONTENT="plures."/>
                  <SP HEIGHT="45" WIDTH="15" VPOS="629" HPOS="1063"/>
                  <String HEIGHT="45"
                          WIDTH="176"
                          VPOS="629"
                          HPOS="1019"
                          CONTENT="Secundum"/>
                  <SP HEIGHT="45" WIDTH="15" VPOS="629" HPOS="1195"/>
                  <String HEIGHT="45"
                          WIDTH="102"
                          VPOS="629"
                          HPOS="1151"
                          CONTENT="hoc"/>
                  <SP HEIGHT="45" WIDTH="15" VPOS="629" HPOS="1253"/>
                  <String HEIGHT="45" WIDTH="73" VPOS="629" HPOS="1195" CONTENT="ioi"/>
               </TextLine>
               <TextLine ID="r1l36"
                         BASELINE="717"
                         HEIGHT="60"
                         WIDTH="502"
                         VPOS="657"
                         HPOS="760">
                  <String HEIGHT="60" WIDTH="92" VPOS="657" HPOS="747" CONTENT="tur"/>
                  <SP HEIGHT="60" WIDTH="13" VPOS="657" HPOS="839"/>
                  <String HEIGHT="60" WIDTH="92" VPOS="657" HPOS="800" CONTENT="est"/>
                  <SP HEIGHT="60" WIDTH="13" VPOS="657" HPOS="892"/>
                  <String HEIGHT="60"
                          WIDTH="238"
                          VPOS="657"
                          HPOS="852"
                          CONTENT="intelligendum,"/>
                  <SP HEIGHT="60" WIDTH="13" VPOS="657" HPOS="1090"/>
                  <String HEIGHT="60"
                          WIDTH="106"
                          VPOS="657"
                          HPOS="1051"
                          CONTENT="quod"/>
                  <SP HEIGHT="60" WIDTH="13" VPOS="657" HPOS="1156"/>
                  <String HEIGHT="60"
                          WIDTH="132"
                          VPOS="657"
                          HPOS="1117"
                          CONTENT="natura"/>
                  <SP HEIGHT="60" WIDTH="13" VPOS="657" HPOS="1249"/>
                  <String HEIGHT="60"
                          WIDTH="66"
                          VPOS="657"
                          HPOS="1196"
                          CONTENT="fa"
                          SUBS_TYPE="HypPart1"
                          SUBS_CONTENT="facit"/>
                  <HYP CONTENT="-"/>
               </TextLine>
               <TextLine ID="r1l40"
                         BASELINE="754"
                         HEIGHT="46"
                         WIDTH="508"
                         VPOS="708"
                         HPOS="763">
                  <String HEIGHT="46"
                          WIDTH="94"
                          VPOS="708"
                          HPOS="750"
                          CONTENT="cit"
                          SUBS_TYPE="HypPart2"
                          SUBS_CONTENT="facit"/>
                  <SP HEIGHT="46" WIDTH="13" VPOS="708" HPOS="843"/>
                  <String HEIGHT="46"
                          WIDTH="147"
                          VPOS="708"
                          HPOS="803"
                          CONTENT="aliquid"/>
                  <SP HEIGHT="46" WIDTH="13" VPOS="708" HPOS="950"/>
                  <String HEIGHT="46"
                          WIDTH="174"
                          VPOS="708"
                          HPOS="910"
                          CONTENT="perfecte,"/>
                  <SP HEIGHT="46" WIDTH="13" VPOS="708" HPOS="1084"/>
                  <String HEIGHT="46" WIDTH="67" VPOS="708" HPOS="1044" CONTENT="&amp;"/>
                  <SP HEIGHT="46" WIDTH="13" VPOS="708" HPOS="1111"/>
                  <String HEIGHT="46"
                          WIDTH="174"
                          VPOS="708"
                          HPOS="1070"
                          CONTENT="ordinate,"/>
                  <SP HEIGHT="46" WIDTH="13" VPOS="708" HPOS="1244"/>
                  <String HEIGHT="46"
                          WIDTH="80"
                          VPOS="708"
                          HPOS="1191"
                          CONTENT="quam"/>
               </TextLine>
               <TextLine ID="r1l42"
                         BASELINE="786"
                         HEIGHT="42"
                         WIDTH="495"
                         VPOS="744"
                         HPOS="762">
                  <String HEIGHT="42" WIDTH="94" VPOS="744" HPOS="749" CONTENT="uis"/>
                  <SP HEIGHT="42" WIDTH="13" VPOS="744" HPOS="842"/>
                  <String HEIGHT="42" WIDTH="94" VPOS="744" HPOS="802" CONTENT="non"/>
                  <SP HEIGHT="42" WIDTH="13" VPOS="744" HPOS="896"/>
                  <String HEIGHT="42"
                          WIDTH="201"
                          VPOS="744"
                          HPOS="856"
                          CONTENT="intelligat,"/>
                  <SP HEIGHT="42" WIDTH="13" VPOS="744" HPOS="1056"/>
                  <String HEIGHT="42"
                          WIDTH="120"
                          VPOS="744"
                          HPOS="1016"
                          CONTENT="quasi"/>
                  <SP HEIGHT="42" WIDTH="13" VPOS="744" HPOS="1137"/>
                  <String HEIGHT="42"
                          WIDTH="120"
                          VPOS="744"
                          HPOS="1096"
                          CONTENT="esset"/>
                  <SP HEIGHT="42" WIDTH="13" VPOS="744" HPOS="1217"/>
                  <String HEIGHT="42"
                          WIDTH="94"
                          VPOS="744"
                          HPOS="1163"
                          CONTENT="remet"/>
               </TextLine>
               <TextLine ID="r1l43"
                         BASELINE="836"
                         HEIGHT="54"
                         WIDTH="504"
                         VPOS="782"
                         HPOS="767">
                  <String HEIGHT="54"
                          WIDTH="153"
                          VPOS="782"
                          HPOS="752"
                          CONTENT="morata"/>
                  <SP HEIGHT="54" WIDTH="15" VPOS="782" HPOS="904"/>
                  <String HEIGHT="54" WIDTH="92" VPOS="782" HPOS="859" CONTENT="ex"/>
                  <SP HEIGHT="54" WIDTH="15" VPOS="782" HPOS="950"/>
                  <String HEIGHT="54"
                          WIDTH="214"
                          VPOS="782"
                          HPOS="904"
                          CONTENT="virtutibus"/>
                  <SP HEIGHT="54" WIDTH="15" VPOS="782" HPOS="1118"/>
                  <String HEIGHT="54"
                          WIDTH="199"
                          VPOS="782"
                          HPOS="1072"
                          CONTENT="agentibus"/>
                  <SP HEIGHT="54" WIDTH="15" VPOS="782" HPOS="1271"/>
                  <String HEIGHT="54" WIDTH="61" VPOS="782" HPOS="1210" CONTENT="no"/>
               </TextLine>
               <TextLine ID="r1l46"
                         BASELINE="873"
                         HEIGHT="52"
                         WIDTH="498"
                         VPOS="821"
                         HPOS="771">
                  <String HEIGHT="52"
                          WIDTH="188"
                          VPOS="821"
                          HPOS="758"
                          CONTENT="bilioribus"/>
                  <SP HEIGHT="52" WIDTH="13" VPOS="821" HPOS="946"/>
                  <String HEIGHT="52" WIDTH="94" VPOS="821" HPOS="906" CONTENT="ea,"/>
                  <SP HEIGHT="52" WIDTH="13" VPOS="821" HPOS="1000"/>
                  <String HEIGHT="52"
                          WIDTH="108"
                          VPOS="821"
                          HPOS="959"
                          CONTENT="quae"/>
                  <SP HEIGHT="52" WIDTH="13" VPOS="821" HPOS="1067"/>
                  <String HEIGHT="52"
                          WIDTH="162"
                          VPOS="821"
                          HPOS="1027"
                          CONTENT="dicuntur"/>
                  <SP HEIGHT="52" WIDTH="13" VPOS="821" HPOS="1188"/>
                  <String HEIGHT="52"
                          WIDTH="135"
                          VPOS="821"
                          HPOS="1134"
                          CONTENT="intelli"
                          SUBS_TYPE="HypPart1"
                          SUBS_CONTENT="intelligentiae."/>
                  <HYP CONTENT="-"/>
               </TextLine>
               <TextLine ID="r1l49"
                         BASELINE="910"
                         HEIGHT="42"
                         WIDTH="503"
                         VPOS="868"
                         HPOS="764">
                  <String HEIGHT="42"
                          WIDTH="151"
                          VPOS="868"
                          HPOS="751"
                          CONTENT="gentiae."
                          SUBS_TYPE="HypPart2"
                          SUBS_CONTENT="intelligentiae."/>
                  <SP HEIGHT="42" WIDTH="13" VPOS="868" HPOS="902"/>
                  <String HEIGHT="42"
                          WIDTH="113"
                          VPOS="868"
                          HPOS="865"
                          CONTENT="Istae"/>
                  <SP HEIGHT="42" WIDTH="13" VPOS="868" HPOS="978"/>
                  <String HEIGHT="42"
                          WIDTH="113"
                          VPOS="868"
                          HPOS="940"
                          CONTENT="autem"/>
                  <SP HEIGHT="42" WIDTH="13" VPOS="868" HPOS="1053"/>
                  <String HEIGHT="42"
                          WIDTH="214"
                          VPOS="868"
                          HPOS="1016"
                          CONTENT="proportiones,"/>
                  <SP HEIGHT="42" WIDTH="13" VPOS="868" HPOS="1229"/>
                  <String HEIGHT="42" WIDTH="63" VPOS="868" HPOS="1192" CONTENT="&amp;"/>
                  <SP HEIGHT="42" WIDTH="13" VPOS="868" HPOS="1254"/>
                  <String HEIGHT="42" WIDTH="63" VPOS="868" HPOS="1204" CONTENT="vir"/>
               </TextLine>
               <TextLine ID="r1l53"
                         BASELINE="949"
                         HEIGHT="50"
                         WIDTH="502"
                         VPOS="899"
                         HPOS="766">
                  <String HEIGHT="50"
                          WIDTH="126"
                          VPOS="899"
                          HPOS="752"
                          CONTENT="tutes"/>
                  <SP HEIGHT="50" WIDTH="14" VPOS="899" HPOS="878"/>
                  <String HEIGHT="50"
                          WIDTH="112"
                          VPOS="899"
                          HPOS="836"
                          CONTENT="quae"/>
                  <SP HEIGHT="50" WIDTH="14" VPOS="899" HPOS="947"/>
                  <String HEIGHT="50"
                          WIDTH="126"
                          VPOS="899"
                          HPOS="905"
                          CONTENT="fiunt"/>
                  <SP HEIGHT="50" WIDTH="14" VPOS="899" HPOS="1031"/>
                  <String HEIGHT="50" WIDTH="84" VPOS="899" HPOS="989" CONTENT="in"/>
                  <SP HEIGHT="50" WIDTH="14" VPOS="899" HPOS="1073"/>
                  <String HEIGHT="50"
                          WIDTH="181"
                          VPOS="899"
                          HPOS="1031"
                          CONTENT="elementis"/>
                  <SP HEIGHT="50" WIDTH="14" VPOS="899" HPOS="1212"/>
                  <String HEIGHT="50" WIDTH="70" VPOS="899" HPOS="1170" CONTENT="a"/>
                  <SP HEIGHT="50" WIDTH="14" VPOS="899" HPOS="1240"/>
                  <String HEIGHT="50"
                          WIDTH="84"
                          VPOS="899"
                          HPOS="1184"
                          CONTENT="moti"/>
               </TextLine>
               <TextLine ID="r1l56"
                         BASELINE="978"
                         HEIGHT="40"
                         WIDTH="500"
                         VPOS="938"
                         HPOS="771">
                  <String HEIGHT="40" WIDTH="100" VPOS="938" HPOS="757" CONTENT="bus"/>
                  <SP HEIGHT="40" WIDTH="14" VPOS="938" HPOS="857"/>
                  <String HEIGHT="40"
                          WIDTH="129"
                          VPOS="938"
                          HPOS="814"
                          CONTENT="Solis"/>
                  <SP HEIGHT="40" WIDTH="14" VPOS="938" HPOS="942"/>
                  <String HEIGHT="40" WIDTH="71" VPOS="938" HPOS="900" CONTENT="&amp;"/>
                  <SP HEIGHT="40" WIDTH="14" VPOS="938" HPOS="971"/>
                  <String HEIGHT="40"
                          WIDTH="157"
                          VPOS="938"
                          HPOS="928"
                          CONTENT="aliarum"/>
                  <SP HEIGHT="40" WIDTH="14" VPOS="938" HPOS="1085"/>
                  <String HEIGHT="40"
                          WIDTH="200"
                          VPOS="938"
                          HPOS="1042"
                          CONTENT="stellarum,"/>
                  <SP HEIGHT="40" WIDTH="14" VPOS="938" HPOS="1242"/>
                  <String HEIGHT="40"
                          WIDTH="86"
                          VPOS="938"
                          HPOS="1185"
                          CONTENT="sunt"/>
               </TextLine>
               <TextLine ID="r1l60"
                         BASELINE="1022"
                         HEIGHT="44"
                         WIDTH="503"
                         VPOS="978"
                         HPOS="766">
                  <String HEIGHT="44"
                          WIDTH="112"
                          VPOS="978"
                          HPOS="752"
                          CONTENT="hae,"/>
                  <SP HEIGHT="44" WIDTH="14" VPOS="978" HPOS="864"/>
                  <String HEIGHT="44"
                          WIDTH="112"
                          VPOS="978"
                          HPOS="822"
                          CONTENT="quas"/>
                  <SP HEIGHT="44" WIDTH="14" VPOS="978" HPOS="934"/>
                  <String HEIGHT="44"
                          WIDTH="154"
                          VPOS="978"
                          HPOS="892"
                          CONTENT="reputat"/>
                  <SP HEIGHT="44" WIDTH="14" VPOS="978" HPOS="1045"/>
                  <String HEIGHT="44"
                          WIDTH="126"
                          VPOS="978"
                          HPOS="1004"
                          CONTENT="Plato"/>
                  <SP HEIGHT="44" WIDTH="14" VPOS="978" HPOS="1129"/>
                  <String HEIGHT="44"
                          WIDTH="112"
                          VPOS="978"
                          HPOS="1087"
                          CONTENT="esse"/>
                  <SP HEIGHT="44" WIDTH="14" VPOS="978" HPOS="1199"/>
                  <String HEIGHT="44"
                          WIDTH="126"
                          VPOS="978"
                          HPOS="1143"
                          CONTENT="formas,"/>
               </TextLine>
               <TextLine ID="r1l62"
                         BASELINE="1067"
                         HEIGHT="51"
                         WIDTH="510"
                         VPOS="1016"
                         HPOS="764">
                  <String HEIGHT="51" WIDTH="71" VPOS="1016" HPOS="750" CONTENT="&amp;"/>
                  <SP HEIGHT="51" WIDTH="14" VPOS="1016" HPOS="821"/>
                  <String HEIGHT="51" WIDTH="99" VPOS="1016" HPOS="778" CONTENT="eas"/>
                  <SP HEIGHT="51" WIDTH="14" VPOS="1016" HPOS="877"/>
                  <String HEIGHT="51"
                          WIDTH="184"
                          VPOS="1016"
                          HPOS="835"
                          CONTENT="intendit:"/>
                  <SP HEIGHT="51" WIDTH="14" VPOS="1016" HPOS="1019"/>
                  <String HEIGHT="51" WIDTH="99" VPOS="1016" HPOS="977" CONTENT="sed"/>
                  <SP HEIGHT="51" WIDTH="14" VPOS="1016" HPOS="1076"/>
                  <String HEIGHT="51"
                          WIDTH="113"
                          VPOS="1016"
                          HPOS="1033"
                          CONTENT="loge"/>
                  <SP HEIGHT="51" WIDTH="14" VPOS="1016" HPOS="1147"/>
                  <String HEIGHT="51"
                          WIDTH="184"
                          VPOS="1016"
                          HPOS="1090"
                          CONTENT="respiciebat"/>
               </TextLine>
               <TextLine ID="r1l66"
                         BASELINE="1098"
                         HEIGHT="45"
                         WIDTH="497"
                         VPOS="1053"
                         HPOS="768">
                  <String HEIGHT="45"
                          WIDTH="117"
                          VPOS="1053"
                          HPOS="753"
                          CONTENT="eas,"/>
                  <SP HEIGHT="45" WIDTH="15" VPOS="1053" HPOS="870"/>
                  <String HEIGHT="45"
                          WIDTH="205"
                          VPOS="1053"
                          HPOS="826"
                          CONTENT="quapropter"/>
                  <SP HEIGHT="45" WIDTH="15" VPOS="1053" HPOS="1031"/>
                  <String HEIGHT="45"
                          WIDTH="132"
                          VPOS="1053"
                          HPOS="987"
                          CONTENT="dicit"/>
                  <SP HEIGHT="45" WIDTH="15" VPOS="1053" HPOS="1119"/>
                  <String HEIGHT="45"
                          WIDTH="146"
                          VPOS="1053"
                          HPOS="1075"
                          CONTENT="formas"/>
                  <SP HEIGHT="45" WIDTH="15" VPOS="1053" HPOS="1221"/>
                  <String HEIGHT="45"
                          WIDTH="102"
                          VPOS="1053"
                          HPOS="1163"
                          CONTENT="esse:"/>
               </TextLine>
               <TextLine ID="r1l70"
                         BASELINE="1146"
                         HEIGHT="46"
                         WIDTH="500"
                         VPOS="1100"
                         HPOS="769">
                  <String HEIGHT="46"
                          WIDTH="91"
                          VPOS="1100"
                          HPOS="760"
                          CONTENT="Arist."/>
                  <SP HEIGHT="46" WIDTH="9" VPOS="1100" HPOS="851"/>
                  <String HEIGHT="46"
                          WIDTH="82"
                          VPOS="1100"
                          HPOS="824"
                          CONTENT="autem"/>
                  <SP HEIGHT="46" WIDTH="9" VPOS="1100" HPOS="905"/>
                  <String HEIGHT="46"
                          WIDTH="136"
                          VPOS="1100"
                          HPOS="878"
                          CONTENT="sustentatur"/>
                  <SP HEIGHT="46" WIDTH="9" VPOS="1100" HPOS="1014"/>
                  <String HEIGHT="46"
                          WIDTH="82"
                          VPOS="1100"
                          HPOS="987"
                          CONTENT="super"/>
                  <SP HEIGHT="46" WIDTH="9" VPOS="1100" HPOS="1069"/>
                  <String HEIGHT="46"
                          WIDTH="73"
                          VPOS="1100"
                          HPOS="1042"
                          CONTENT="hoc,"/>
                  <SP HEIGHT="46" WIDTH="9" VPOS="1100" HPOS="1114"/>
                  <String HEIGHT="46"
                          WIDTH="109"
                          VPOS="1100"
                          HPOS="1087"
                          CONTENT="scilicet"/>
                  <SP HEIGHT="46" WIDTH="9" VPOS="1100" HPOS="1196"/>
                  <String HEIGHT="46"
                          WIDTH="73"
                          VPOS="1100"
                          HPOS="1169"
                          CONTENT="quod"/>
                  <SP HEIGHT="46" WIDTH="9" VPOS="1100" HPOS="1242"/>
                  <String HEIGHT="46"
                          WIDTH="64"
                          VPOS="1100"
                          HPOS="1205"
                          CONTENT="agens"/>
               </TextLine>
               <TextLine ID="r1l72"
                         BASELINE="1178"
                         HEIGHT="46"
                         WIDTH="495"
                         VPOS="1132"
                         HPOS="772">
                  <String HEIGHT="46"
                          WIDTH="108"
                          VPOS="1132"
                          HPOS="757"
                          CONTENT="non"/>
                  <SP HEIGHT="46" WIDTH="15" VPOS="1132" HPOS="865"/>
                  <String HEIGHT="46"
                          WIDTH="170"
                          VPOS="1132"
                          HPOS="818"
                          CONTENT="inuenit"/>
                  <SP HEIGHT="46" WIDTH="15" VPOS="1132" HPOS="989"/>
                  <String HEIGHT="46"
                          WIDTH="170"
                          VPOS="1132"
                          HPOS="942"
                          CONTENT="formam,"/>
                  <SP HEIGHT="46" WIDTH="15" VPOS="1132" HPOS="1112"/>
                  <String HEIGHT="46"
                          WIDTH="170"
                          VPOS="1132"
                          HPOS="1066"
                          CONTENT="creando"/>
                  <SP HEIGHT="46" WIDTH="15" VPOS="1132" HPOS="1236"/>
                  <String HEIGHT="46"
                          WIDTH="93"
                          VPOS="1132"
                          HPOS="1174"
                          CONTENT="eam."/>
               </TextLine>
               <TextLine ID="r1l76"
                         BASELINE="1218"
                         HEIGHT="45"
                         WIDTH="498"
                         VPOS="1173"
                         HPOS="771">
                  <String HEIGHT="45"
                          WIDTH="115"
                          VPOS="1173"
                          HPOS="758"
                          CONTENT="quam,"/>
                  <SP HEIGHT="45" WIDTH="13" VPOS="1173" HPOS="873"/>
                  <String HEIGHT="45" WIDTH="77" VPOS="1173" HPOS="835" CONTENT="si"/>
                  <SP HEIGHT="45" WIDTH="13" VPOS="1173" HPOS="911"/>
                  <String HEIGHT="45"
                          WIDTH="153"
                          VPOS="1173"
                          HPOS="873"
                          CONTENT="creasset"/>
                  <SP HEIGHT="45" WIDTH="13" VPOS="1173" HPOS="1026"/>
                  <String HEIGHT="45"
                          WIDTH="102"
                          VPOS="1173"
                          HPOS="988"
                          CONTENT="eam,"/>
                  <SP HEIGHT="45" WIDTH="13" VPOS="1173" HPOS="1090"/>
                  <String HEIGHT="45"
                          WIDTH="102"
                          VPOS="1173"
                          HPOS="1052"
                          CONTENT="tunc"/>
                  <SP HEIGHT="45" WIDTH="13" VPOS="1173" HPOS="1154"/>
                  <String HEIGHT="45"
                          WIDTH="140"
                          VPOS="1173"
                          HPOS="1116"
                          CONTENT="aliquid"/>
                  <SP HEIGHT="45" WIDTH="13" VPOS="1173" HPOS="1256"/>
                  <String HEIGHT="45"
                          WIDTH="64"
                          VPOS="1173"
                          HPOS="1205"
                          CONTENT="fie"/>
               </TextLine>
               <TextLine ID="r1l80"
                         BASELINE="1259"
                         HEIGHT="46"
                         WIDTH="491"
                         VPOS="1213"
                         HPOS="770">
                  <String HEIGHT="46" WIDTH="98" VPOS="1213" HPOS="756" CONTENT="ret"/>
                  <SP HEIGHT="46" WIDTH="14" VPOS="1213" HPOS="854"/>
                  <String HEIGHT="46" WIDTH="84" VPOS="1213" HPOS="812" CONTENT="ex"/>
                  <SP HEIGHT="46" WIDTH="14" VPOS="1213" HPOS="896"/>
                  <String HEIGHT="46"
                          WIDTH="154"
                          VPOS="1213"
                          HPOS="854"
                          CONTENT="nihilo."/>
                  <SP HEIGHT="46" WIDTH="14" VPOS="1213" HPOS="1008"/>
                  <String HEIGHT="46" WIDTH="70" VPOS="1213" HPOS="966" CONTENT="&amp;"/>
                  <SP HEIGHT="46" WIDTH="14" VPOS="1213" HPOS="1037"/>
                  <String HEIGHT="46"
                          WIDTH="112"
                          VPOS="1213"
                          HPOS="994"
                          CONTENT="ideo"/>
                  <SP HEIGHT="46" WIDTH="14" VPOS="1213" HPOS="1107"/>
                  <String HEIGHT="46"
                          WIDTH="126"
                          VPOS="1213"
                          HPOS="1065"
                          CONTENT="forma"/>
                  <SP HEIGHT="46" WIDTH="14" VPOS="1213" HPOS="1191"/>
                  <String HEIGHT="46"
                          WIDTH="112"
                          VPOS="1213"
                          HPOS="1149"
                          CONTENT="apud"/>
                  <SP HEIGHT="46" WIDTH="14" VPOS="1213" HPOS="1261"/>
                  <String HEIGHT="46" WIDTH="56" VPOS="1213" HPOS="1205" CONTENT="il"/>
               </TextLine>
               <TextLine ID="r1l83"
                         BASELINE="1306"
                         HEIGHT="53"
                         WIDTH="493"
                         VPOS="1253"
                         HPOS="767">
                  <String HEIGHT="53"
                          WIDTH="105"
                          VPOS="1253"
                          HPOS="752"
                          CONTENT="sum"/>
                  <SP HEIGHT="53" WIDTH="15" VPOS="1253" HPOS="857"/>
                  <String HEIGHT="53"
                          WIDTH="105"
                          VPOS="1253"
                          HPOS="812"
                          CONTENT="non"/>
                  <SP HEIGHT="53" WIDTH="15" VPOS="1253" HPOS="916"/>
                  <String HEIGHT="53"
                          WIDTH="134"
                          VPOS="1253"
                          HPOS="872"
                          CONTENT="habet"/>
                  <SP HEIGHT="53" WIDTH="15" VPOS="1253" HPOS="1006"/>
                  <String HEIGHT="53"
                          WIDTH="254"
                          VPOS="1253"
                          HPOS="961"
                          CONTENT="generationem,"/>
                  <SP HEIGHT="53" WIDTH="15" VPOS="1253" HPOS="1215"/>
                  <String HEIGHT="53"
                          WIDTH="105"
                          VPOS="1253"
                          HPOS="1155"
                          CONTENT="neque"/>
               </TextLine>
               <TextLine ID="r1l86"
                         BASELINE="1343"
                         HEIGHT="52"
                         WIDTH="501"
                         VPOS="1291"
                         HPOS="764">
                  <String HEIGHT="52"
                          WIDTH="181"
                          VPOS="1291"
                          HPOS="753"
                          CONTENT="corruptionem,"/>
                  <SP HEIGHT="52" WIDTH="11" VPOS="1291" HPOS="935"/>
                  <String HEIGHT="52"
                          WIDTH="85"
                          VPOS="1291"
                          HPOS="903"
                          CONTENT="nisi"/>
                  <SP HEIGHT="52" WIDTH="11" VPOS="1291" HPOS="988"/>
                  <String HEIGHT="52"
                          WIDTH="203"
                          VPOS="1291"
                          HPOS="956"
                          CONTENT="accidentaliter."/>
                  <SP HEIGHT="52" WIDTH="11" VPOS="1291" HPOS="1158"/>
                  <String HEIGHT="52"
                          WIDTH="128"
                          VPOS="1291"
                          HPOS="1126"
                          CONTENT="scilicet"/>
                  <SP HEIGHT="52" WIDTH="11" VPOS="1291" HPOS="1254"/>
                  <String HEIGHT="52"
                          WIDTH="53"
                          VPOS="1291"
                          HPOS="1212"
                          CONTENT="per"/>
               </TextLine>
               <TextLine ID="r1l89"
                         BASELINE="1382"
                         HEIGHT="47"
                         WIDTH="500"
                         VPOS="1335"
                         HPOS="768">
                  <String HEIGHT="47"
                          WIDTH="250"
                          VPOS="1335"
                          HPOS="752"
                          CONTENT="generationem"/>
                  <SP HEIGHT="47" WIDTH="16" VPOS="1335" HPOS="1002"/>
                  <String HEIGHT="47" WIDTH="78" VPOS="1335" HPOS="956" CONTENT="&amp;"/>
                  <SP HEIGHT="47" WIDTH="16" VPOS="1335" HPOS="1034"/>
                  <String HEIGHT="47"
                          WIDTH="250"
                          VPOS="1335"
                          HPOS="987"
                          CONTENT="corruptionem"/>
                  <SP HEIGHT="47" WIDTH="16" VPOS="1335" HPOS="1237"/>
                  <String HEIGHT="47"
                          WIDTH="94"
                          VPOS="1335"
                          HPOS="1174"
                          CONTENT="con"
                          SUBS_TYPE="HypPart1"
                          SUBS_CONTENT="conpositi."/>
                  <HYP CONTENT="-"/>
               </TextLine>
               <TextLine ID="r1l92"
                         BASELINE="1416"
                         HEIGHT="47"
                         WIDTH="496"
                         VPOS="1369"
                         HPOS="772">
                  <String HEIGHT="47"
                          WIDTH="147"
                          VPOS="1369"
                          HPOS="759"
                          CONTENT="positi."
                          SUBS_TYPE="HypPart2"
                          SUBS_CONTENT="conpositi."/>
                  <SP HEIGHT="47" WIDTH="13" VPOS="1369" HPOS="906"/>
                  <String HEIGHT="47" WIDTH="80" VPOS="1369" HPOS="866" CONTENT="&amp;,"/>
                  <SP HEIGHT="47" WIDTH="13" VPOS="1369" HPOS="946"/>
                  <String HEIGHT="47" WIDTH="94" VPOS="1369" HPOS="906" CONTENT="cum"/>
                  <SP HEIGHT="47" WIDTH="13" VPOS="1369" HPOS="1000"/>
                  <String HEIGHT="47"
                          WIDTH="107"
                          VPOS="1369"
                          HPOS="960"
                          CONTENT="homo"/>
                  <SP HEIGHT="47" WIDTH="13" VPOS="1369" HPOS="1067"/>
                  <String HEIGHT="47"
                          WIDTH="228"
                          VPOS="1369"
                          HPOS="1027"
                          CONTENT="conseruauerit"/>
                  <SP HEIGHT="47" WIDTH="13" VPOS="1369" HPOS="1255"/>
                  <String HEIGHT="47"
                          WIDTH="67"
                          VPOS="1369"
                          HPOS="1201"
                          CONTENT="hoc"/>
               </TextLine>
               <TextLine ID="r1l94"
                         BASELINE="1451"
                         HEIGHT="39"
                         WIDTH="498"
                         VPOS="1412"
                         HPOS="763">
                  <String HEIGHT="39"
                          WIDTH="215"
                          VPOS="1412"
                          HPOS="750"
                          CONTENT="fundamentum,"/>
                  <SP HEIGHT="39" WIDTH="13" VPOS="1412" HPOS="965"/>
                  <String HEIGHT="39"
                          WIDTH="135"
                          VPOS="1412"
                          HPOS="925"
                          CONTENT="nullus"/>
                  <SP HEIGHT="39" WIDTH="13" VPOS="1412" HPOS="1059"/>
                  <String HEIGHT="39"
                          WIDTH="121"
                          VPOS="1412"
                          HPOS="1019"
                          CONTENT="error"/>
                  <SP HEIGHT="39" WIDTH="13" VPOS="1412" HPOS="1140"/>
                  <String HEIGHT="39"
                          WIDTH="148"
                          VPOS="1412"
                          HPOS="1099"
                          CONTENT="accidet"/>
                  <SP HEIGHT="39" WIDTH="13" VPOS="1412" HPOS="1248"/>
                  <String HEIGHT="39"
                          WIDTH="67"
                          VPOS="1412"
                          HPOS="1194"
                          CONTENT="eit"/>
               </TextLine>
               <TextLine ID="r1l96"
                         BASELINE="1501"
                         HEIGHT="53"
                         WIDTH="500"
                         VPOS="1448"
                         HPOS="770">
                  <String HEIGHT="53"
                          WIDTH="219"
                          VPOS="1448"
                          HPOS="754"
                          CONTENT="Imaginatio"/>
                  <SP HEIGHT="53" WIDTH="16" VPOS="1448" HPOS="973"/>
                  <String HEIGHT="53"
                          WIDTH="125"
                          VPOS="1448"
                          HPOS="926"
                          CONTENT="eroo"/>
                  <SP HEIGHT="53" WIDTH="16" VPOS="1448" HPOS="1051"/>
                  <String HEIGHT="53"
                          WIDTH="141"
                          VPOS="1448"
                          HPOS="1004"
                          CONTENT="super"/>
                  <SP HEIGHT="53" WIDTH="16" VPOS="1448" HPOS="1145"/>
                  <String HEIGHT="53"
                          WIDTH="188"
                          VPOS="1448"
                          HPOS="1083"
                          CONTENT="creationes"/>
               </TextLine>
               <TextLine ID="r1l98"
                         BASELINE="1530"
                         HEIGHT="51"
                         WIDTH="482"
                         VPOS="1479"
                         HPOS="774">
                  <String HEIGHT="51"
                          WIDTH="199"
                          VPOS="1479"
                          HPOS="757"
                          CONTENT="formarum"/>
                  <SP HEIGHT="51" WIDTH="17" VPOS="1479" HPOS="957"/>
                  <String HEIGHT="51"
                          WIDTH="183"
                          VPOS="1479"
                          HPOS="907"
                          CONTENT="induxit"/>
                  <SP HEIGHT="51" WIDTH="17" VPOS="1479" HPOS="1090"/>
                  <String HEIGHT="51"
                          WIDTH="183"
                          VPOS="1479"
                          HPOS="1040"
                          CONTENT="homines"/>
                  <SP HEIGHT="51" WIDTH="17" VPOS="1479" HPOS="1223"/>
                  <String HEIGHT="51"
                          WIDTH="100"
                          VPOS="1479"
                          HPOS="1156"
                          CONTENT="dice"/>
               </TextLine>
               <TextLine ID="r1l100"
                         BASELINE="1570"
                         HEIGHT="46"
                         WIDTH="494"
                         VPOS="1524"
                         HPOS="774">
                  <String HEIGHT="46" WIDTH="87" VPOS="1524" HPOS="759" CONTENT="re"/>
                  <SP HEIGHT="46" WIDTH="15" VPOS="1524" HPOS="847"/>
                  <String HEIGHT="46"
                          WIDTH="145"
                          VPOS="1524"
                          HPOS="803"
                          CONTENT="formas"/>
                  <SP HEIGHT="46" WIDTH="15" VPOS="1524" HPOS="948"/>
                  <String HEIGHT="46"
                          WIDTH="116"
                          VPOS="1524"
                          HPOS="905"
                          CONTENT="esse"/>
                  <SP HEIGHT="46" WIDTH="15" VPOS="1524" HPOS="1021"/>
                  <String HEIGHT="46" WIDTH="73" VPOS="1524" HPOS="977" CONTENT="&amp;"/>
                  <SP HEIGHT="46" WIDTH="15" VPOS="1524" HPOS="1050"/>
                  <String HEIGHT="46"
                          WIDTH="160"
                          VPOS="1524"
                          HPOS="1006"
                          CONTENT="datorem"/>
                  <SP HEIGHT="46" WIDTH="15" VPOS="1524" HPOS="1166"/>
                  <String HEIGHT="46"
                          WIDTH="116"
                          VPOS="1524"
                          HPOS="1123"
                          CONTENT="esse"/>
                  <SP HEIGHT="46" WIDTH="15" VPOS="1524" HPOS="1239"/>
                  <String HEIGHT="46"
                          WIDTH="87"
                          VPOS="1524"
                          HPOS="1181"
                          CONTENT="for"
                          SUBS_TYPE="HypPart1"
                          SUBS_CONTENT="formarum:"/>
                  <HYP CONTENT="-"/>
               </TextLine>
               <TextLine ID="r1l102"
                         BASELINE="1610"
                         HEIGHT="45"
                         WIDTH="509"
                         VPOS="1565"
                         HPOS="766">
                  <String HEIGHT="45"
                          WIDTH="159"
                          VPOS="1565"
                          HPOS="750"
                          CONTENT="marum:"
                          SUBS_TYPE="HypPart2"
                          SUBS_CONTENT="formarum:"/>
                  <SP HEIGHT="45" WIDTH="16" VPOS="1565" HPOS="909"/>
                  <String HEIGHT="45" WIDTH="80" VPOS="1565" HPOS="861" CONTENT="&amp;"/>
                  <SP HEIGHT="45" WIDTH="16" VPOS="1565" HPOS="941"/>
                  <String HEIGHT="45"
                          WIDTH="175"
                          VPOS="1565"
                          HPOS="893"
                          CONTENT="induxit"/>
                  <SP HEIGHT="45" WIDTH="16" VPOS="1565" HPOS="1068"/>
                  <String HEIGHT="45"
                          WIDTH="207"
                          VPOS="1565"
                          HPOS="1021"
                          CONTENT="Loquentes"/>
                  <SP HEIGHT="45" WIDTH="16" VPOS="1565" HPOS="1227"/>
                  <String HEIGHT="45"
                          WIDTH="111"
                          VPOS="1565"
                          HPOS="1164"
                          CONTENT="trium"/>
               </TextLine>
               <TextLine ID="r1l104"
                         BASELINE="1660"
                         HEIGHT="56"
                         WIDTH="495"
                         VPOS="1604"
                         HPOS="770">
                  <String HEIGHT="56"
                          WIDTH="138"
                          VPOS="1604"
                          HPOS="756"
                          CONTENT="legum,"/>
                  <SP HEIGHT="56" WIDTH="14" VPOS="1604" HPOS="894"/>
                  <String HEIGHT="56"
                          WIDTH="110"
                          VPOS="1604"
                          HPOS="853"
                          CONTENT="quae"/>
                  <SP HEIGHT="56" WIDTH="14" VPOS="1604" HPOS="963"/>
                  <String HEIGHT="56"
                          WIDTH="124"
                          VPOS="1604"
                          HPOS="921"
                          CONTENT="hodie"/>
                  <SP HEIGHT="56" WIDTH="14" VPOS="1604" HPOS="1045"/>
                  <String HEIGHT="56"
                          WIDTH="138"
                          VPOS="1604"
                          HPOS="1004"
                          CONTENT="quidem"/>
                  <SP HEIGHT="56" WIDTH="14" VPOS="1604" HPOS="1141"/>
                  <String HEIGHT="56"
                          WIDTH="124"
                          VPOS="1604"
                          HPOS="1100"
                          CONTENT="sunt,"/>
                  <SP HEIGHT="56" WIDTH="14" VPOS="1604" HPOS="1224"/>
                  <String HEIGHT="56"
                          WIDTH="96"
                          VPOS="1604"
                          HPOS="1169"
                          CONTENT="dice"
                          SUBS_TYPE="HypPart1"
                          SUBS_CONTENT="dicere"/>
                  <HYP CONTENT="-"/>
               </TextLine>
               <TextLine ID="r1l106"
                         BASELINE="1697"
                         HEIGHT="52"
                         WIDTH="496"
                         VPOS="1645"
                         HPOS="771">
                  <String HEIGHT="52"
                          WIDTH="80"
                          VPOS="1645"
                          HPOS="758"
                          CONTENT="re"
                          SUBS_TYPE="HypPart2"
                          SUBS_CONTENT="dicere"/>
                  <SP HEIGHT="52" WIDTH="13" VPOS="1645" HPOS="838"/>
                  <String HEIGHT="52"
                          WIDTH="147"
                          VPOS="1645"
                          HPOS="798"
                          CONTENT="aliquid"/>
                  <SP HEIGHT="52" WIDTH="13" VPOS="1645" HPOS="945"/>
                  <String HEIGHT="52"
                          WIDTH="121"
                          VPOS="1645"
                          HPOS="905"
                          CONTENT="fieri"/>
                  <SP HEIGHT="52" WIDTH="13" VPOS="1645" HPOS="1026"/>
                  <String HEIGHT="52" WIDTH="80" VPOS="1645" HPOS="985" CONTENT="ex"/>
                  <SP HEIGHT="52" WIDTH="13" VPOS="1645" HPOS="1066"/>
                  <String HEIGHT="52"
                          WIDTH="147"
                          VPOS="1645"
                          HPOS="1026"
                          CONTENT="nihilo."/>
                  <SP HEIGHT="52" WIDTH="13" VPOS="1645" HPOS="1173"/>
                  <String HEIGHT="52" WIDTH="67" VPOS="1645" HPOS="1133" CONTENT="&amp;"/>
                  <SP HEIGHT="52" WIDTH="13" VPOS="1645" HPOS="1200"/>
                  <String HEIGHT="52"
                          WIDTH="94"
                          VPOS="1645"
                          HPOS="1160"
                          CONTENT="cum"/>
                  <SP HEIGHT="52" WIDTH="13" VPOS="1645" HPOS="1254"/>
                  <String HEIGHT="52"
                          WIDTH="67"
                          VPOS="1645"
                          HPOS="1200"
                          CONTENT="Lo"
                          SUBS_TYPE="HypPart1"
                          SUBS_CONTENT="Loquentes"/>
                  <HYP CONTENT="-"/>
               </TextLine>
               <TextLine ID="r1l108"
                         BASELINE="1736"
                         HEIGHT="51"
                         WIDTH="497"
                         VPOS="1685"
                         HPOS="776">
                  <String HEIGHT="51"
                          WIDTH="144"
                          VPOS="1685"
                          HPOS="763"
                          CONTENT="quentes"
                          SUBS_TYPE="HypPart2"
                          SUBS_CONTENT="Loquentes"/>
                  <SP HEIGHT="51" WIDTH="13" VPOS="1685" HPOS="907"/>
                  <String HEIGHT="51"
                          WIDTH="144"
                          VPOS="1685"
                          HPOS="868"
                          CONTENT="nostrae"/>
                  <SP HEIGHT="51" WIDTH="13" VPOS="1685" HPOS="1011"/>
                  <String HEIGHT="51"
                          WIDTH="118"
                          VPOS="1685"
                          HPOS="972"
                          CONTENT="legis"/>
                  <SP HEIGHT="51" WIDTH="13" VPOS="1685" HPOS="1090"/>
                  <String HEIGHT="51"
                          WIDTH="196"
                          VPOS="1685"
                          HPOS="1051"
                          CONTENT="opinabantur"/>
                  <SP HEIGHT="51" WIDTH="13" VPOS="1685" HPOS="1247"/>
                  <String HEIGHT="51"
                          WIDTH="78"
                          VPOS="1685"
                          HPOS="1195"
                          CONTENT="quod"/>
               </TextLine>
               <TextLine ID="r1l109"
                         BASELINE="1774"
                         HEIGHT="44"
                         WIDTH="489"
                         VPOS="1730"
                         HPOS="777">
                  <String HEIGHT="44"
                          WIDTH="129"
                          VPOS="1730"
                          HPOS="763"
                          CONTENT="agens"/>
                  <SP HEIGHT="44" WIDTH="14" VPOS="1730" HPOS="892"/>
                  <String HEIGHT="44"
                          WIDTH="115"
                          VPOS="1730"
                          HPOS="849"
                          CONTENT="agit"/>
                  <SP HEIGHT="44" WIDTH="14" VPOS="1730" HPOS="964"/>
                  <String HEIGHT="44"
                          WIDTH="158"
                          VPOS="1730"
                          HPOS="921"
                          CONTENT="creando"/>
                  <SP HEIGHT="44" WIDTH="14" VPOS="1730" HPOS="1079"/>
                  <String HEIGHT="44"
                          WIDTH="144"
                          VPOS="1730"
                          HPOS="1036"
                          CONTENT="formam"/>
                  <SP HEIGHT="44" WIDTH="14" VPOS="1730" HPOS="1180"/>
                  <String HEIGHT="44" WIDTH="86" VPOS="1730" HPOS="1137" CONTENT="ex"/>
                  <SP HEIGHT="44" WIDTH="14" VPOS="1730" HPOS="1223"/>
                  <String HEIGHT="44"
                          WIDTH="101"
                          VPOS="1730"
                          HPOS="1165"
                          CONTENT="nihi"
                          SUBS_TYPE="HypPart1"
                          SUBS_CONTENT="nihilo,"/>
                  <HYP CONTENT="-"/>
               </TextLine>
               <TextLine ID="r1l111"
                         BASELINE="1802"
                         HEIGHT="41"
                         WIDTH="505"
                         VPOS="1761"
                         HPOS="774">
                  <String HEIGHT="41"
                          WIDTH="96"
                          VPOS="1761"
                          HPOS="760"
                          CONTENT="lo,"
                          SUBS_TYPE="HypPart2"
                          SUBS_CONTENT="nihilo,"/>
                  <SP HEIGHT="41" WIDTH="14" VPOS="1761" HPOS="856"/>
                  <String HEIGHT="41" WIDTH="68" VPOS="1761" HPOS="815" CONTENT="&amp;"/>
                  <SP HEIGHT="41" WIDTH="14" VPOS="1761" HPOS="883"/>
                  <String HEIGHT="41"
                          WIDTH="136"
                          VPOS="1761"
                          HPOS="842"
                          CONTENT="nullum"/>
                  <SP HEIGHT="41" WIDTH="14" VPOS="1761" HPOS="979"/>
                  <String HEIGHT="41"
                          WIDTH="177"
                          VPOS="1761"
                          HPOS="938"
                          CONTENT="huiusmodi"/>
                  <SP HEIGHT="41" WIDTH="14" VPOS="1761" HPOS="1115"/>
                  <String HEIGHT="41"
                          WIDTH="123"
                          VPOS="1761"
                          HPOS="1074"
                          CONTENT="agens"/>
                  <SP HEIGHT="41" WIDTH="14" VPOS="1761" HPOS="1197"/>
                  <String HEIGHT="41"
                          WIDTH="136"
                          VPOS="1761"
                          HPOS="1143"
                          CONTENT="viderunt"/>
               </TextLine>
               <TextLine ID="r1l113"
                         BASELINE="1842"
                         HEIGHT="42"
                         WIDTH="496"
                         VPOS="1800"
                         HPOS="772">
                  <String HEIGHT="42"
                          WIDTH="132"
                          VPOS="1800"
                          HPOS="755"
                          CONTENT="hic,"/>
                  <SP HEIGHT="42" WIDTH="17" VPOS="1800" HPOS="888"/>
                  <String HEIGHT="42"
                          WIDTH="198"
                          VPOS="1800"
                          HPOS="838"
                          CONTENT="dixerunt"/>
                  <SP HEIGHT="42" WIDTH="17" VPOS="1800" HPOS="1037"/>
                  <String HEIGHT="42"
                          WIDTH="132"
                          VPOS="1800"
                          HPOS="987"
                          CONTENT="vnum"/>
                  <SP HEIGHT="42" WIDTH="17" VPOS="1800" HPOS="1119"/>
                  <String HEIGHT="42"
                          WIDTH="149"
                          VPOS="1800"
                          HPOS="1070"
                          CONTENT="agens"/>
                  <SP HEIGHT="42" WIDTH="17" VPOS="1800" HPOS="1218"/>
                  <String HEIGHT="42"
                          WIDTH="116"
                          VPOS="1800"
                          HPOS="1152"
                          CONTENT="omnia"/>
               </TextLine>
               <TextLine ID="r1l116"
                         BASELINE="1890"
                         HEIGHT="53"
                         WIDTH="498"
                         VPOS="1837"
                         HPOS="771">
                  <String HEIGHT="53"
                          WIDTH="121"
                          VPOS="1837"
                          HPOS="758"
                          CONTENT="entia"/>
                  <SP HEIGHT="53" WIDTH="13" VPOS="1837" HPOS="879"/>
                  <String HEIGHT="53"
                          WIDTH="108"
                          VPOS="1837"
                          HPOS="838"
                          CONTENT="sine"/>
                  <SP HEIGHT="53" WIDTH="13" VPOS="1837" HPOS="946"/>
                  <String HEIGHT="53"
                          WIDTH="135"
                          VPOS="1837"
                          HPOS="906"
                          CONTENT="medio,"/>
                  <SP HEIGHT="53" WIDTH="13" VPOS="1837" HPOS="1040"/>
                  <String HEIGHT="53" WIDTH="67" VPOS="1837" HPOS="1000" CONTENT="&amp;"/>
                  <SP HEIGHT="53" WIDTH="13" VPOS="1837" HPOS="1067"/>
                  <String HEIGHT="53"
                          WIDTH="108"
                          VPOS="1837"
                          HPOS="1027"
                          CONTENT="quod"/>
                  <SP HEIGHT="53" WIDTH="13" VPOS="1837" HPOS="1134"/>
                  <String HEIGHT="53"
                          WIDTH="121"
                          VPOS="1837"
                          HPOS="1094"
                          CONTENT="actio"/>
                  <SP HEIGHT="53" WIDTH="13" VPOS="1837" HPOS="1215"/>
                  <String HEIGHT="53"
                          WIDTH="108"
                          VPOS="1837"
                          HPOS="1161"
                          CONTENT="istius"/>
               </TextLine>
            </TextBlock>
         </PrintSpace>
      </Page>
   </Layout>
</alto>
