<?xml version="1.0" encoding="UTF-8"?>
<alto xmlns:xsi="http://www.w3.org/2001/XMLSchema-instance"
      xmlns="http://www.loc.gov/standards/alto/ns-v2#"
      xmlns:page="http://schema.primaresearch.org/PAGE/gts/pagecontent/2013-07-15"
      xsi:schemaLocation="http://www.loc.gov/standards/alto/ns-v2# http://www.loc.gov/standards/alto/alto.xsd">
   <Description>
      <MeasurementUnit>pixel</MeasurementUnit>
      <OCRProcessing ID="IdOcr">
         <ocrProcessingStep>
            <processingDateTime>2020-11-21T10:33:32.874-05:00</processingDateTime>
            <processingSoftware>
               <softwareCreator>READ COOP</softwareCreator>
               <softwareName>Transkribus</softwareName>
            </processingSoftware>
         </ocrProcessingStep>
      </OCRProcessing>
   </Description>
   <Tags/>
   <Layout>
      <Page ID="Page1" PHYSICAL_IMG_NR="1" HEIGHT="2066" WIDTH="1475">
         <TopMargin HEIGHT="0" WIDTH="1475" VPOS="0" HPOS="0"/>
         <LeftMargin HEIGHT="2066" WIDTH="0" VPOS="0" HPOS="0"/>
         <RightMargin HEIGHT="2066" WIDTH="0" VPOS="0" HPOS="1475"/>
         <BottomMargin HEIGHT="0" WIDTH="1475" VPOS="2066" HPOS="0"/>
         <PrintSpace HEIGHT="2066" WIDTH="1475" VPOS="0" HPOS="0">
            <TextBlock ID="TextRegion_1604792822942_4171"
                       HEIGHT="1819"
                       WIDTH="528"
                       VPOS="93"
                       HPOS="215">
               <Shape>
                  <Polygon POINTS="215,93 743,93 743,1912 215,1912"/>
               </Shape>
               <TextLine ID="line_1604792807694_4149"
                         BASELINE="189"
                         HEIGHT="48"
                         WIDTH="509"
                         VPOS="141"
                         HPOS="210">
                  <String HEIGHT="48"
                          WIDTH="124"
                          VPOS="141"
                          HPOS="196"
                          CONTENT="debat"/>
                  <SP HEIGHT="48" WIDTH="14" VPOS="141" HPOS="320"/>
                  <String HEIGHT="48"
                          WIDTH="124"
                          VPOS="141"
                          HPOS="279"
                          CONTENT="quod,"/>
                  <SP HEIGHT="48" WIDTH="14" VPOS="141" HPOS="403"/>
                  <String HEIGHT="48" WIDTH="83" VPOS="141" HPOS="361" CONTENT="si"/>
                  <SP HEIGHT="48" WIDTH="14" VPOS="141" HPOS="444"/>
                  <String HEIGHT="48"
                          WIDTH="179"
                          VPOS="141"
                          HPOS="403"
                          CONTENT="elementum"/>
                  <SP HEIGHT="48" WIDTH="14" VPOS="141" HPOS="581"/>
                  <String HEIGHT="48"
                          WIDTH="138"
                          VPOS="141"
                          HPOS="540"
                          CONTENT="omnium"/>
                  <SP HEIGHT="48" WIDTH="14" VPOS="141" HPOS="678"/>
                  <String HEIGHT="48"
                          WIDTH="96"
                          VPOS="141"
                          HPOS="623"
                          CONTENT="prae"
                          SUBS_TYPE="HypPart1"
                          SUBS_CONTENT="praedicamentorum"/>
                  <HYP CONTENT="-"/>
               </TextLine>
               <TextLine ID="r3l4"
                         BASELINE="227"
                         HEIGHT="46"
                         WIDTH="511"
                         VPOS="181"
                         HPOS="214">
                  <String HEIGHT="46"
                          WIDTH="264"
                          VPOS="181"
                          HPOS="198"
                          CONTENT="dicamentorum"
                          SUBS_TYPE="HypPart2"
                          SUBS_CONTENT="praedicamentorum"/>
                  <SP HEIGHT="46" WIDTH="16" VPOS="181" HPOS="461"/>
                  <String HEIGHT="46"
                          WIDTH="165"
                          VPOS="181"
                          HPOS="412"
                          CONTENT="fuerit"/>
                  <SP HEIGHT="46" WIDTH="16" VPOS="181" HPOS="577"/>
                  <String HEIGHT="46"
                          WIDTH="181"
                          VPOS="181"
                          HPOS="527"
                          CONTENT="aliquod"/>
                  <SP HEIGHT="46" WIDTH="16" VPOS="181" HPOS="709"/>
                  <String HEIGHT="46" WIDTH="82" VPOS="181" HPOS="643" CONTENT="ens"/>
               </TextLine>
               <TextLine ID="r3l6"
                         BASELINE="272"
                         HEIGHT="43"
                         WIDTH="512"
                         VPOS="229"
                         HPOS="220">
                  <String HEIGHT="43"
                          WIDTH="121"
                          VPOS="229"
                          HPOS="207"
                          CONTENT="aliud"/>
                  <SP HEIGHT="43" WIDTH="13" VPOS="229" HPOS="328"/>
                  <String HEIGHT="43" WIDTH="67" VPOS="229" HPOS="287" CONTENT="a"/>
                  <SP HEIGHT="43" WIDTH="13" VPOS="229" HPOS="355"/>
                  <String HEIGHT="43"
                          WIDTH="256"
                          VPOS="229"
                          HPOS="314"
                          CONTENT="praedicamentis,"/>
                  <SP HEIGHT="43" WIDTH="13" VPOS="229" HPOS="570"/>
                  <String HEIGHT="43"
                          WIDTH="148"
                          VPOS="229"
                          HPOS="530"
                          CONTENT="necesse"/>
                  <SP HEIGHT="43" WIDTH="13" VPOS="229" HPOS="678"/>
                  <String HEIGHT="43" WIDTH="94" VPOS="229" HPOS="638" CONTENT="est"/>
                  <SP HEIGHT="43" WIDTH="13" VPOS="229" HPOS="732"/>
                  <String HEIGHT="43" WIDTH="54" VPOS="229" HPOS="678" CONTENT="vt"/>
               </TextLine>
               <TextLine ID="r3l8"
                         BASELINE="298"
                         HEIGHT="40"
                         WIDTH="510"
                         VPOS="258"
                         HPOS="218">
                  <String HEIGHT="40"
                          WIDTH="155"
                          VPOS="258"
                          HPOS="203"
                          CONTENT="habeat"/>
                  <SP HEIGHT="40" WIDTH="15" VPOS="258" HPOS="357"/>
                  <String HEIGHT="40"
                          WIDTH="139"
                          VPOS="258"
                          HPOS="311"
                          CONTENT="etiam"/>
                  <SP HEIGHT="40" WIDTH="15" VPOS="258" HPOS="450"/>
                  <String HEIGHT="40"
                          WIDTH="216"
                          VPOS="258"
                          HPOS="403"
                          CONTENT="elementum."/>
                  <SP HEIGHT="40" WIDTH="15" VPOS="258" HPOS="620"/>
                  <String HEIGHT="40"
                          WIDTH="124"
                          VPOS="258"
                          HPOS="573"
                          CONTENT="Omne"/>
                  <SP HEIGHT="40" WIDTH="15" VPOS="258" HPOS="697"/>
                  <String HEIGHT="40" WIDTH="93" VPOS="258" HPOS="635" CONTENT="enim"/>
               </TextLine>
               <TextLine ID="r3l10"
                         BASELINE="338"
                         HEIGHT="40"
                         WIDTH="513"
                         VPOS="298"
                         HPOS="212">
                  <String HEIGHT="40"
                          WIDTH="140"
                          VPOS="298"
                          HPOS="196"
                          CONTENT="habet"/>
                  <SP HEIGHT="40" WIDTH="16" VPOS="298" HPOS="336"/>
                  <String HEIGHT="40"
                          WIDTH="218"
                          VPOS="298"
                          HPOS="290"
                          CONTENT="elementum,"/>
                  <SP HEIGHT="40" WIDTH="16" VPOS="298" HPOS="507"/>
                  <String HEIGHT="40" WIDTH="109" VPOS="298" HPOS="461" CONTENT="aut"/>
                  <SP HEIGHT="40" WIDTH="16" VPOS="298" HPOS="570"/>
                  <String HEIGHT="40"
                          WIDTH="155"
                          VPOS="298"
                          HPOS="523"
                          CONTENT="igitur"/>
                  <SP HEIGHT="40" WIDTH="16" VPOS="298" HPOS="678"/>
                  <String HEIGHT="40"
                          WIDTH="109"
                          VPOS="298"
                          HPOS="616"
                          CONTENT="illud"/>
               </TextLine>
               <TextLine ID="r3l13"
                         BASELINE="378"
                         HEIGHT="31"
                         WIDTH="513"
                         VPOS="347"
                         HPOS="218">
                  <String HEIGHT="31"
                          WIDTH="208"
                          VPOS="347"
                          HPOS="202"
                          CONTENT="elementum"/>
                  <SP HEIGHT="31" WIDTH="16" VPOS="347" HPOS="410"/>
                  <String HEIGHT="31"
                          WIDTH="176"
                          VPOS="347"
                          HPOS="362"
                          CONTENT="habebit"/>
                  <SP HEIGHT="31" WIDTH="16" VPOS="347" HPOS="539"/>
                  <String HEIGHT="31"
                          WIDTH="224"
                          VPOS="347"
                          HPOS="491"
                          CONTENT="elementum,"/>
                  <SP HEIGHT="31" WIDTH="16" VPOS="347" HPOS="715"/>
                  <String HEIGHT="31" WIDTH="80" VPOS="347" HPOS="651" CONTENT="aut"/>
               </TextLine>
               <TextLine ID="r3l15"
                         BASELINE="418"
                         HEIGHT="41"
                         WIDTH="508"
                         VPOS="377"
                         HPOS="221">
                  <String HEIGHT="41"
                          WIDTH="228"
                          VPOS="377"
                          HPOS="203"
                          CONTENT="elementum"/>
                  <SP HEIGHT="41" WIDTH="18" VPOS="377" HPOS="431"/>
                  <String HEIGHT="41" WIDTH="88" VPOS="377" HPOS="379" CONTENT="&amp;"/>
                  <SP HEIGHT="41" WIDTH="18" VPOS="377" HPOS="466"/>
                  <String HEIGHT="41"
                          WIDTH="263"
                          VPOS="377"
                          HPOS="414"
                          CONTENT="elementatum"/>
                  <SP HEIGHT="41" WIDTH="18" VPOS="377" HPOS="676"/>
                  <String HEIGHT="41"
                          WIDTH="123"
                          VPOS="377"
                          HPOS="606"
                          CONTENT="erunt"/>
               </TextLine>
               <TextLine ID="r3l17"
                         BASELINE="466"
                         HEIGHT="52"
                         WIDTH="500"
                         VPOS="414"
                         HPOS="222">
                  <String HEIGHT="52"
                          WIDTH="100"
                          VPOS="414"
                          HPOS="211"
                          CONTENT="idem."/>
                  <SP HEIGHT="52" WIDTH="11" VPOS="414" HPOS="311"/>
                  <String HEIGHT="52" WIDTH="67" VPOS="414" HPOS="278" CONTENT="Et"/>
                  <SP HEIGHT="52" WIDTH="11" VPOS="414" HPOS="344"/>
                  <String HEIGHT="52" WIDTH="89" VPOS="414" HPOS="311" CONTENT="hoc,"/>
                  <SP HEIGHT="52" WIDTH="11" VPOS="414" HPOS="400"/>
                  <String HEIGHT="52" WIDTH="89" VPOS="414" HPOS="366" CONTENT="quod"/>
                  <SP HEIGHT="52" WIDTH="11" VPOS="414" HPOS="455"/>
                  <String HEIGHT="52"
                          WIDTH="100"
                          VPOS="414"
                          HPOS="422"
                          CONTENT="dicit"/>
                  <SP HEIGHT="52" WIDTH="11" VPOS="414" HPOS="522"/>
                  <String HEIGHT="52"
                          WIDTH="100"
                          VPOS="414"
                          HPOS="489"
                          CONTENT="Alex."/>
                  <SP HEIGHT="52" WIDTH="11" VPOS="414" HPOS="589"/>
                  <String HEIGHT="52" WIDTH="78" VPOS="414" HPOS="555" CONTENT="est"/>
                  <SP HEIGHT="52" WIDTH="11" VPOS="414" HPOS="633"/>
                  <String HEIGHT="52"
                          WIDTH="100"
                          VPOS="414"
                          HPOS="600"
                          CONTENT="etiam"/>
                  <SP HEIGHT="52" WIDTH="11" VPOS="414" HPOS="700"/>
                  <String HEIGHT="52"
                          WIDTH="67"
                          VPOS="414"
                          HPOS="655"
                          CONTENT="pro"
                          SUBS_TYPE="HypPart1"
                          SUBS_CONTENT="probabile"/>
                  <HYP CONTENT="-"/>
               </TextLine>
               <TextLine ID="r3l18"
                         BASELINE="510"
                         HEIGHT="53"
                         WIDTH="490"
                         VPOS="457"
                         HPOS="222">
                  <String HEIGHT="53"
                          WIDTH="136"
                          VPOS="457"
                          HPOS="208"
                          CONTENT="babile"
                          SUBS_TYPE="HypPart2"
                          SUBS_CONTENT="probabile"/>
                  <SP HEIGHT="53" WIDTH="14" VPOS="457" HPOS="345"/>
                  <String HEIGHT="53" WIDTH="95" VPOS="457" HPOS="304" CONTENT="non"/>
                  <SP HEIGHT="53" WIDTH="14" VPOS="457" HPOS="399"/>
                  <String HEIGHT="53"
                          WIDTH="109"
                          VPOS="457"
                          HPOS="358"
                          CONTENT="enim"/>
                  <SP HEIGHT="53" WIDTH="14" VPOS="457" HPOS="467"/>
                  <String HEIGHT="53"
                          WIDTH="191"
                          VPOS="457"
                          HPOS="426"
                          CONTENT="contingit,"/>
                  <SP HEIGHT="53" WIDTH="14" VPOS="457" HPOS="617"/>
                  <String HEIGHT="53" WIDTH="82" VPOS="457" HPOS="576" CONTENT="vt"/>
                  <SP HEIGHT="53" WIDTH="14" VPOS="457" HPOS="658"/>
                  <String HEIGHT="53"
                          WIDTH="109"
                          VPOS="457"
                          HPOS="603"
                          CONTENT="quidli"/>
               </TextLine>
               <TextLine ID="r3l20"
                         BASELINE="539"
                         HEIGHT="45"
                         WIDTH="507"
                         VPOS="494"
                         HPOS="218">
                  <String HEIGHT="45" WIDTH="87" VPOS="494" HPOS="206" CONTENT="bet"/>
                  <SP HEIGHT="45" WIDTH="12" VPOS="494" HPOS="292"/>
                  <String HEIGHT="45" WIDTH="87" VPOS="494" HPOS="255" CONTENT="sit"/>
                  <SP HEIGHT="45" WIDTH="12" VPOS="494" HPOS="342"/>
                  <String HEIGHT="45" WIDTH="74" VPOS="494" HPOS="305" CONTENT="ex"/>
                  <SP HEIGHT="45" WIDTH="12" VPOS="494" HPOS="379"/>
                  <String HEIGHT="45"
                          WIDTH="161"
                          VPOS="494"
                          HPOS="342"
                          CONTENT="elemento,"/>
                  <SP HEIGHT="45" WIDTH="12" VPOS="494" HPOS="502"/>
                  <String HEIGHT="45" WIDTH="87" VPOS="494" HPOS="465" CONTENT="cum"/>
                  <SP HEIGHT="45" WIDTH="12" VPOS="494" HPOS="552"/>
                  <String HEIGHT="45" WIDTH="99" VPOS="494" HPOS="515" CONTENT="omne"/>
                  <SP HEIGHT="45" WIDTH="12" VPOS="494" HPOS="614"/>
                  <String HEIGHT="45" WIDTH="87" VPOS="494" HPOS="577" CONTENT="ens"/>
                  <SP HEIGHT="45" WIDTH="12" VPOS="494" HPOS="663"/>
                  <String HEIGHT="45" WIDTH="87" VPOS="494" HPOS="626" CONTENT="aut"/>
                  <SP HEIGHT="45" WIDTH="12" VPOS="494" HPOS="713"/>
                  <String HEIGHT="45" WIDTH="62" VPOS="494" HPOS="663" CONTENT="sit"/>
               </TextLine>
               <TextLine ID="r3l22"
                         BASELINE="579"
                         HEIGHT="44"
                         WIDTH="502"
                         VPOS="535"
                         HPOS="220">
                  <String HEIGHT="44"
                          WIDTH="201"
                          VPOS="535"
                          HPOS="206"
                          CONTENT="elementum,"/>
                  <SP HEIGHT="44" WIDTH="14" VPOS="535" HPOS="406"/>
                  <String HEIGHT="44" WIDTH="100" VPOS="535" HPOS="363" CONTENT="aut"/>
                  <SP HEIGHT="44" WIDTH="14" VPOS="535" HPOS="464"/>
                  <String HEIGHT="44" WIDTH="86" VPOS="535" HPOS="421" CONTENT="ex"/>
                  <SP HEIGHT="44" WIDTH="14" VPOS="535" HPOS="507"/>
                  <String HEIGHT="44"
                          WIDTH="186"
                          VPOS="535"
                          HPOS="464"
                          CONTENT="elemento:"/>
                  <SP HEIGHT="44" WIDTH="14" VPOS="535" HPOS="650"/>
                  <String HEIGHT="44"
                          WIDTH="115"
                          VPOS="535"
                          HPOS="607"
                          CONTENT="nisi"/>
                  <SP HEIGHT="44" WIDTH="14" VPOS="535" HPOS="722"/>
                  <String HEIGHT="44" WIDTH="57" VPOS="535" HPOS="665" CONTENT="po"/>
               </TextLine>
               <TextLine ID="r3l24"
                         BASELINE="625"
                         HEIGHT="53"
                         WIDTH="505"
                         VPOS="572"
                         HPOS="216">
                  <String HEIGHT="53"
                          WIDTH="117"
                          VPOS="572"
                          HPOS="204"
                          CONTENT="natur,"/>
                  <SP HEIGHT="53" WIDTH="12" VPOS="572" HPOS="322"/>
                  <String HEIGHT="53" WIDTH="94" VPOS="572" HPOS="286" CONTENT="quod"/>
                  <SP HEIGHT="53" WIDTH="12" VPOS="572" HPOS="380"/>
                  <String HEIGHT="53" WIDTH="94" VPOS="572" HPOS="345" CONTENT="omne"/>
                  <SP HEIGHT="53" WIDTH="12" VPOS="572" HPOS="439"/>
                  <String HEIGHT="53" WIDTH="82" VPOS="572" HPOS="404" CONTENT="ens"/>
                  <SP HEIGHT="53" WIDTH="12" VPOS="572" HPOS="486"/>
                  <String HEIGHT="53" WIDTH="70" VPOS="572" HPOS="451" CONTENT="in"/>
                  <SP HEIGHT="53" WIDTH="12" VPOS="572" HPOS="521"/>
                  <String HEIGHT="53" WIDTH="94" VPOS="572" HPOS="486" CONTENT="actu"/>
                  <SP HEIGHT="53" WIDTH="12" VPOS="572" HPOS="580"/>
                  <String HEIGHT="53"
                          WIDTH="129"
                          VPOS="572"
                          HPOS="545"
                          CONTENT="necesse"/>
                  <SP HEIGHT="53" WIDTH="12" VPOS="572" HPOS="674"/>
                  <String HEIGHT="53" WIDTH="82" VPOS="572" HPOS="639" CONTENT="est"/>
                  <SP HEIGHT="53" WIDTH="12" VPOS="572" HPOS="721"/>
                  <String HEIGHT="53" WIDTH="47" VPOS="572" HPOS="674" CONTENT="vt"/>
               </TextLine>
               <TextLine ID="r3l26"
                         BASELINE="667"
                         HEIGHT="53"
                         WIDTH="498"
                         VPOS="614"
                         HPOS="223">
                  <String HEIGHT="53" WIDTH="94" VPOS="614" HPOS="210" CONTENT="sit"/>
                  <SP HEIGHT="53" WIDTH="13" VPOS="614" HPOS="304"/>
                  <String HEIGHT="53" WIDTH="81" VPOS="614" HPOS="263" CONTENT="ex"/>
                  <SP HEIGHT="53" WIDTH="13" VPOS="614" HPOS="344"/>
                  <String HEIGHT="53"
                          WIDTH="188"
                          VPOS="614"
                          HPOS="304"
                          CONTENT="elementis."/>
                  <SP HEIGHT="53" WIDTH="13" VPOS="614" HPOS="492"/>
                  <String HEIGHT="53" WIDTH="81" VPOS="614" HPOS="452" CONTENT="Si"/>
                  <SP HEIGHT="53" WIDTH="13" VPOS="614" HPOS="533"/>
                  <String HEIGHT="53"
                          WIDTH="135"
                          VPOS="614"
                          HPOS="492"
                          CONTENT="igitur"/>
                  <SP HEIGHT="53" WIDTH="13" VPOS="614" HPOS="627"/>
                  <String HEIGHT="53"
                          WIDTH="121"
                          VPOS="614"
                          HPOS="586"
                          CONTENT="omnia"/>
                  <SP HEIGHT="53" WIDTH="13" VPOS="614" HPOS="708"/>
                  <String HEIGHT="53" WIDTH="67" VPOS="614" HPOS="654" CONTENT="ele"/>
               </TextLine>
               <TextLine ID="r3l28"
                         BASELINE="704"
                         HEIGHT="44"
                         WIDTH="501"
                         VPOS="660"
                         HPOS="220">
                  <String HEIGHT="44"
                          WIDTH="119"
                          VPOS="660"
                          HPOS="207"
                          CONTENT="menta"/>
                  <SP HEIGHT="44" WIDTH="13" VPOS="660" HPOS="325"/>
                  <String HEIGHT="44"
                          WIDTH="105"
                          VPOS="660"
                          HPOS="286"
                          CONTENT="sunt"/>
                  <SP HEIGHT="44" WIDTH="13" VPOS="660" HPOS="391"/>
                  <String HEIGHT="44" WIDTH="79" VPOS="660" HPOS="352" CONTENT="in"/>
                  <SP HEIGHT="44" WIDTH="13" VPOS="660" HPOS="431"/>
                  <String HEIGHT="44"
                          WIDTH="119"
                          VPOS="660"
                          HPOS="391"
                          CONTENT="actu,"/>
                  <SP HEIGHT="44" WIDTH="13" VPOS="660" HPOS="510"/>
                  <String HEIGHT="44"
                          WIDTH="185"
                          VPOS="660"
                          HPOS="471"
                          CONTENT="continget,"/>
                  <SP HEIGHT="44" WIDTH="13" VPOS="660" HPOS="655"/>
                  <String HEIGHT="44" WIDTH="79" VPOS="660" HPOS="616" CONTENT="vt"/>
                  <SP HEIGHT="44" WIDTH="13" VPOS="660" HPOS="695"/>
                  <String HEIGHT="44" WIDTH="79" VPOS="660" HPOS="642" CONTENT="omne"/>
               </TextLine>
               <TextLine ID="r3l30"
                         BASELINE="730"
                         HEIGHT="35"
                         WIDTH="505"
                         VPOS="695"
                         HPOS="222">
                  <String HEIGHT="35"
                          WIDTH="237"
                          VPOS="695"
                          HPOS="206"
                          CONTENT="elementatum"/>
                  <SP HEIGHT="35" WIDTH="16" VPOS="695" HPOS="443"/>
                  <String HEIGHT="35"
                          WIDTH="158"
                          VPOS="695"
                          HPOS="396"
                          CONTENT="habeat"/>
                  <SP HEIGHT="35" WIDTH="16" VPOS="695" HPOS="553"/>
                  <String HEIGHT="35"
                          WIDTH="221"
                          VPOS="695"
                          HPOS="506"
                          CONTENT="elementum."/>
                  <SP HEIGHT="35" WIDTH="16" VPOS="695" HPOS="727"/>
                  <String HEIGHT="35" WIDTH="79" VPOS="695" HPOS="680" CONTENT="&amp;"/>
                  <SP HEIGHT="35" WIDTH="16" VPOS="695" HPOS="759"/>
                  <String HEIGHT="35" WIDTH="32" VPOS="695" HPOS="695" CONTENT=""/>
               </TextLine>
               <TextLine ID="r3l32"
                         BASELINE="782"
                         HEIGHT="45"
                         WIDTH="510"
                         VPOS="737"
                         HPOS="214">
                  <String HEIGHT="45" WIDTH="105" VPOS="737" HPOS="199" CONTENT="hoc"/>
                  <SP HEIGHT="45" WIDTH="15" VPOS="737" HPOS="304"/>
                  <String HEIGHT="45" WIDTH="105" VPOS="737" HPOS="259" CONTENT="aut"/>
                  <SP HEIGHT="45" WIDTH="15" VPOS="737" HPOS="364"/>
                  <String HEIGHT="45"
                          WIDTH="180"
                          VPOS="737"
                          HPOS="319"
                          CONTENT="procedat"/>
                  <SP HEIGHT="45" WIDTH="15" VPOS="737" HPOS="499"/>
                  <String HEIGHT="45" WIDTH="90" VPOS="737" HPOS="454" CONTENT="in"/>
                  <SP HEIGHT="45" WIDTH="15" VPOS="737" HPOS="544"/>
                  <String HEIGHT="45"
                          WIDTH="210"
                          VPOS="737"
                          HPOS="499"
                          CONTENT="infinitum,"/>
                  <SP HEIGHT="45" WIDTH="15" VPOS="737" HPOS="709"/>
                  <String HEIGHT="45" WIDTH="75" VPOS="737" HPOS="649" CONTENT="aut"/>
               </TextLine>
               <TextLine ID="r3l34"
                         BASELINE="810"
                         HEIGHT="30"
                         WIDTH="503"
                         VPOS="780"
                         HPOS="224">
                  <String HEIGHT="30"
                          WIDTH="225"
                          VPOS="780"
                          HPOS="207"
                          CONTENT="elementum"/>
                  <SP HEIGHT="30" WIDTH="17" VPOS="780" HPOS="432"/>
                  <String HEIGHT="30" WIDTH="87" VPOS="780" HPOS="380" CONTENT="&amp;"/>
                  <SP HEIGHT="30" WIDTH="17" VPOS="780" HPOS="467"/>
                  <String HEIGHT="30"
                          WIDTH="260"
                          VPOS="780"
                          HPOS="415"
                          CONTENT="elementatum"/>
                  <SP HEIGHT="30" WIDTH="17" VPOS="780" HPOS="675"/>
                  <String HEIGHT="30"
                          WIDTH="121"
                          VPOS="780"
                          HPOS="606"
                          CONTENT="erunt"/>
               </TextLine>
               <TextLine ID="r3l35"
                         BASELINE="858"
                         HEIGHT="46"
                         WIDTH="498"
                         VPOS="812"
                         HPOS="222">
                  <String HEIGHT="46"
                          WIDTH="121"
                          VPOS="812"
                          HPOS="209"
                          CONTENT="idem."/>
                  <SP HEIGHT="46" WIDTH="13" VPOS="812" HPOS="330"/>
                  <String HEIGHT="46" WIDTH="81" VPOS="812" HPOS="289" CONTENT="Et"/>
                  <SP HEIGHT="46" WIDTH="13" VPOS="812" HPOS="370"/>
                  <String HEIGHT="46" WIDTH="94" VPOS="812" HPOS="330" CONTENT="hoc"/>
                  <SP HEIGHT="46" WIDTH="13" VPOS="812" HPOS="424"/>
                  <String HEIGHT="46"
                          WIDTH="202"
                          VPOS="812"
                          HPOS="384"
                          CONTENT="dissoluetur"/>
                  <SP HEIGHT="46" WIDTH="13" VPOS="812" HPOS="585"/>
                  <String HEIGHT="46"
                          WIDTH="162"
                          VPOS="812"
                          HPOS="545"
                          CONTENT="ponendo,"/>
                  <SP HEIGHT="46" WIDTH="13" VPOS="812" HPOS="707"/>
                  <String HEIGHT="46" WIDTH="67" VPOS="812" HPOS="653" CONTENT="quo"/>
               </TextLine>
               <TextLine ID="r3l37"
                         BASELINE="898"
                         HEIGHT="49"
                         WIDTH="514"
                         VPOS="849"
                         HPOS="217">
                  <String HEIGHT="49"
                          WIDTH="143"
                          VPOS="849"
                          HPOS="203"
                          CONTENT="eorum,"/>
                  <SP HEIGHT="49" WIDTH="14" VPOS="849" HPOS="346"/>
                  <String HEIGHT="49"
                          WIDTH="114"
                          VPOS="849"
                          HPOS="303"
                          CONTENT="quae"/>
                  <SP HEIGHT="49" WIDTH="14" VPOS="849" HPOS="417"/>
                  <String HEIGHT="49"
                          WIDTH="114"
                          VPOS="849"
                          HPOS="374"
                          CONTENT="sunt"/>
                  <SP HEIGHT="49" WIDTH="14" VPOS="849" HPOS="488"/>
                  <String HEIGHT="49" WIDTH="86" VPOS="849" HPOS="445" CONTENT="in"/>
                  <SP HEIGHT="49" WIDTH="14" VPOS="849" HPOS="531"/>
                  <String HEIGHT="49"
                          WIDTH="129"
                          VPOS="849"
                          HPOS="488"
                          CONTENT="actu,"/>
                  <SP HEIGHT="49" WIDTH="14" VPOS="849" HPOS="617"/>
                  <String HEIGHT="49"
                          WIDTH="157"
                          VPOS="849"
                          HPOS="574"
                          CONTENT="quaedam"/>
                  <SP HEIGHT="49" WIDTH="14" VPOS="849" HPOS="731"/>
                  <String HEIGHT="49" WIDTH="57" VPOS="849" HPOS="674" CONTENT="ha"/>
               </TextLine>
               <TextLine ID="r3l39"
                         BASELINE="930"
                         HEIGHT="42"
                         WIDTH="507"
                         VPOS="888"
                         HPOS="222">
                  <String HEIGHT="42"
                          WIDTH="116"
                          VPOS="888"
                          HPOS="208"
                          CONTENT="bent"/>
                  <SP HEIGHT="42" WIDTH="14" VPOS="888" HPOS="323"/>
                  <String HEIGHT="42"
                          WIDTH="174"
                          VPOS="888"
                          HPOS="280"
                          CONTENT="elementa"/>
                  <SP HEIGHT="42" WIDTH="14" VPOS="888" HPOS="454"/>
                  <String HEIGHT="42" WIDTH="87" VPOS="888" HPOS="410" CONTENT="in"/>
                  <SP HEIGHT="42" WIDTH="14" VPOS="888" HPOS="497"/>
                  <String HEIGHT="42"
                          WIDTH="130"
                          VPOS="888"
                          HPOS="454"
                          CONTENT="actu,"/>
                  <SP HEIGHT="42" WIDTH="14" VPOS="888" HPOS="584"/>
                  <String HEIGHT="42" WIDTH="72" VPOS="888" HPOS="541" CONTENT="&amp;"/>
                  <SP HEIGHT="42" WIDTH="14" VPOS="888" HPOS="613"/>
                  <String HEIGHT="42"
                          WIDTH="159"
                          VPOS="888"
                          HPOS="570"
                          CONTENT="quaedam"/>
                  <SP HEIGHT="42" WIDTH="14" VPOS="888" HPOS="729"/>
                  <String HEIGHT="42" WIDTH="58" VPOS="888" HPOS="671" CONTENT="in"/>
               </TextLine>
               <TextLine ID="r3l41"
                         BASELINE="974"
                         HEIGHT="41"
                         WIDTH="498"
                         VPOS="933"
                         HPOS="224">
                  <String HEIGHT="41"
                          WIDTH="175"
                          VPOS="933"
                          HPOS="211"
                          CONTENT="potentia."/>
                  <SP HEIGHT="41" WIDTH="13" VPOS="933" HPOS="386"/>
                  <String HEIGHT="41" WIDTH="67" VPOS="933" HPOS="345" CONTENT="&amp;"/>
                  <SP HEIGHT="41" WIDTH="13" VPOS="933" HPOS="412"/>
                  <String HEIGHT="41"
                          WIDTH="108"
                          VPOS="933"
                          HPOS="372"
                          CONTENT="haec"/>
                  <SP HEIGHT="41" WIDTH="13" VPOS="933" HPOS="480"/>
                  <String HEIGHT="41"
                          WIDTH="188"
                          VPOS="933"
                          HPOS="439"
                          CONTENT="dispositio"/>
                  <SP HEIGHT="41" WIDTH="13" VPOS="933" HPOS="628"/>
                  <String HEIGHT="41" WIDTH="94" VPOS="933" HPOS="587" CONTENT="est"/>
                  <SP HEIGHT="41" WIDTH="13" VPOS="933" HPOS="682"/>
                  <String HEIGHT="41"
                          WIDTH="94"
                          VPOS="933"
                          HPOS="628"
                          CONTENT="corpo"/>
               </TextLine>
               <TextLine ID="r3l43"
                         BASELINE="1020"
                         HEIGHT="55"
                         WIDTH="502"
                         VPOS="965"
                         HPOS="220">
                  <String HEIGHT="55" WIDTH="90" VPOS="965" HPOS="207" CONTENT="rum"/>
                  <SP HEIGHT="55" WIDTH="13" VPOS="965" HPOS="297"/>
                  <String HEIGHT="55"
                          WIDTH="193"
                          VPOS="965"
                          HPOS="259"
                          CONTENT="simplioium,"/>
                  <SP HEIGHT="55" WIDTH="13" VPOS="965" HPOS="452"/>
                  <String HEIGHT="55"
                          WIDTH="103"
                          VPOS="965"
                          HPOS="413"
                          CONTENT="quae"/>
                  <SP HEIGHT="55" WIDTH="13" VPOS="965" HPOS="516"/>
                  <String HEIGHT="55"
                          WIDTH="103"
                          VPOS="965"
                          HPOS="477"
                          CONTENT="sunt"/>
                  <SP HEIGHT="55" WIDTH="13" VPOS="965" HPOS="580"/>
                  <String HEIGHT="55"
                          WIDTH="154"
                          VPOS="965"
                          HPOS="542"
                          CONTENT="elementa"/>
                  <SP HEIGHT="55" WIDTH="13" VPOS="965" HPOS="696"/>
                  <String HEIGHT="55"
                          WIDTH="77"
                          VPOS="965"
                          HPOS="645"
                          CONTENT="con"
                          SUBS_TYPE="HypPart1"
                          SUBS_CONTENT="conpositorum."/>
                  <HYP CONTENT="-"/>
               </TextLine>
               <TextLine ID="r3l45"
                         BASELINE="1054"
                         HEIGHT="43"
                         WIDTH="498"
                         VPOS="1011"
                         HPOS="221">
                  <String HEIGHT="43"
                          WIDTH="218"
                          VPOS="1011"
                          HPOS="205"
                          CONTENT="positorum."
                          SUBS_TYPE="HypPart2"
                          SUBS_CONTENT="conpositorum."/>
                  <SP HEIGHT="43" WIDTH="16" VPOS="1011" HPOS="423"/>
                  <String HEIGHT="43"
                          WIDTH="218"
                          VPOS="1011"
                          HPOS="377"
                          CONTENT="Themistius"/>
                  <SP HEIGHT="43" WIDTH="16" VPOS="1011" HPOS="595"/>
                  <String HEIGHT="43"
                          WIDTH="140"
                          VPOS="1011"
                          HPOS="548"
                          CONTENT="autem"/>
                  <SP HEIGHT="43" WIDTH="16" VPOS="1011" HPOS="688"/>
                  <String HEIGHT="43"
                          WIDTH="93"
                          VPOS="1011"
                          HPOS="626"
                          CONTENT="ali"
                          SUBS_TYPE="HypPart1"
                          SUBS_CONTENT="aliter"/>
                  <HYP CONTENT="-"/>
               </TextLine>
               <TextLine ID="r3l47"
                         BASELINE="1096"
                         HEIGHT="42"
                         WIDTH="506"
                         VPOS="1054"
                         HPOS="221">
                  <String HEIGHT="42"
                          WIDTH="84"
                          VPOS="1054"
                          HPOS="209"
                          CONTENT="ter"
                          SUBS_TYPE="HypPart2"
                          SUBS_CONTENT="aliter"/>
                  <SP HEIGHT="42" WIDTH="12" VPOS="1054" HPOS="293"/>
                  <String HEIGHT="42"
                          WIDTH="157"
                          VPOS="1054"
                          HPOS="257"
                          CONTENT="exposuit,"/>
                  <SP HEIGHT="42" WIDTH="12" VPOS="1054" HPOS="414"/>
                  <String HEIGHT="42"
                          WIDTH="133"
                          VPOS="1054"
                          HPOS="378"
                          CONTENT="dicendo"/>
                  <SP HEIGHT="42" WIDTH="12" VPOS="1054" HPOS="510"/>
                  <String HEIGHT="42"
                          WIDTH="108"
                          VPOS="1054"
                          HPOS="474"
                          CONTENT="quod,"/>
                  <SP HEIGHT="42" WIDTH="12" VPOS="1054" HPOS="582"/>
                  <String HEIGHT="42" WIDTH="72" VPOS="1054" HPOS="546" CONTENT="si"/>
                  <SP HEIGHT="42" WIDTH="12" VPOS="1054" HPOS="619"/>
                  <String HEIGHT="42"
                          WIDTH="108"
                          VPOS="1054"
                          HPOS="582"
                          CONTENT="decem"/>
                  <SP HEIGHT="42" WIDTH="12" VPOS="1054" HPOS="691"/>
                  <String HEIGHT="42"
                          WIDTH="84"
                          VPOS="1054"
                          HPOS="643"
                          CONTENT="prae"
                          SUBS_TYPE="HypPart1"
                          SUBS_CONTENT="praedicamenta"/>
                  <HYP CONTENT="-"/>
               </TextLine>
               <TextLine ID="r3l49"
                         BASELINE="1122"
                         HEIGHT="37"
                         WIDTH="498"
                         VPOS="1085"
                         HPOS="227">
                  <String HEIGHT="37"
                          WIDTH="202"
                          VPOS="1085"
                          HPOS="211"
                          CONTENT="dicamenta"
                          SUBS_TYPE="HypPart2"
                          SUBS_CONTENT="praedicamenta"/>
                  <SP HEIGHT="37" WIDTH="16" VPOS="1085" HPOS="414"/>
                  <String HEIGHT="37"
                          WIDTH="171"
                          VPOS="1085"
                          HPOS="367"
                          CONTENT="habeant"/>
                  <SP HEIGHT="37" WIDTH="16" VPOS="1085" HPOS="538"/>
                  <String HEIGHT="37"
                          WIDTH="202"
                          VPOS="1085"
                          HPOS="492"
                          CONTENT="elementum"/>
                  <SP HEIGHT="37" WIDTH="16" VPOS="1085" HPOS="694"/>
                  <String HEIGHT="37"
                          WIDTH="93"
                          VPOS="1085"
                          HPOS="632"
                          CONTENT="vnum"/>
               </TextLine>
               <TextLine ID="r3l51"
                         BASELINE="1162"
                         HEIGHT="30"
                         WIDTH="494"
                         VPOS="1132"
                         HPOS="224">
                  <String HEIGHT="30"
                          WIDTH="111"
                          VPOS="1132"
                          HPOS="212"
                          CONTENT="aliud"/>
                  <SP HEIGHT="30" WIDTH="12" VPOS="1132" HPOS="323"/>
                  <String HEIGHT="30" WIDTH="74" VPOS="1132" HPOS="286" CONTENT="ab"/>
                  <SP HEIGHT="30" WIDTH="12" VPOS="1132" HPOS="360"/>
                  <String HEIGHT="30"
                          WIDTH="99"
                          VPOS="1132"
                          HPOS="323"
                          CONTENT="eis,"/>
                  <SP HEIGHT="30" WIDTH="12" VPOS="1132" HPOS="422"/>
                  <String HEIGHT="30"
                          WIDTH="136"
                          VPOS="1132"
                          HPOS="385"
                          CONTENT="necesse"/>
                  <SP HEIGHT="30" WIDTH="12" VPOS="1132" HPOS="520"/>
                  <String HEIGHT="30" WIDTH="86" VPOS="1132" HPOS="483" CONTENT="est"/>
                  <SP HEIGHT="30" WIDTH="12" VPOS="1132" HPOS="570"/>
                  <String HEIGHT="30" WIDTH="86" VPOS="1132" HPOS="533" CONTENT="aut"/>
                  <SP HEIGHT="30" WIDTH="12" VPOS="1132" HPOS="619"/>
                  <String HEIGHT="30" WIDTH="74" VPOS="1132" HPOS="582" CONTENT="vt"/>
                  <SP HEIGHT="30" WIDTH="12" VPOS="1132" HPOS="656"/>
                  <String HEIGHT="30" WIDTH="86" VPOS="1132" HPOS="619" CONTENT="sit"/>
                  <SP HEIGHT="30" WIDTH="12" VPOS="1132" HPOS="706"/>
                  <String HEIGHT="30"
                          WIDTH="62"
                          VPOS="1132"
                          HPOS="656"
                          CONTENT="ex"
                          SUBS_TYPE="HypPart1"
                          SUBS_CONTENT="extrinsecum"/>
                  <HYP CONTENT="-"/>
               </TextLine>
               <TextLine ID="r3l53"
                         BASELINE="1203"
                         HEIGHT="42"
                         WIDTH="491"
                         VPOS="1161"
                         HPOS="220">
                  <String HEIGHT="42"
                          WIDTH="164"
                          VPOS="1161"
                          HPOS="207"
                          CONTENT="trinsecum"
                          SUBS_TYPE="HypPart2"
                          SUBS_CONTENT="extrinsecum"/>
                  <SP HEIGHT="42" WIDTH="13" VPOS="1161" HPOS="371"/>
                  <String HEIGHT="42" WIDTH="76" VPOS="1161" HPOS="333" CONTENT="ab"/>
                  <SP HEIGHT="42" WIDTH="13" VPOS="1161" HPOS="409"/>
                  <String HEIGHT="42"
                          WIDTH="101"
                          VPOS="1161"
                          HPOS="371"
                          CONTENT="eis,"/>
                  <SP HEIGHT="42" WIDTH="13" VPOS="1161" HPOS="472"/>
                  <String HEIGHT="42" WIDTH="76" VPOS="1161" HPOS="434" CONTENT="i."/>
                  <SP HEIGHT="42" WIDTH="13" VPOS="1161" HPOS="510"/>
                  <String HEIGHT="42"
                          WIDTH="189"
                          VPOS="1161"
                          HPOS="472"
                          CONTENT="praedicatum"/>
                  <SP HEIGHT="42" WIDTH="13" VPOS="1161" HPOS="661"/>
                  <String HEIGHT="42" WIDTH="76" VPOS="1161" HPOS="623" CONTENT="de"/>
                  <SP HEIGHT="42" WIDTH="13" VPOS="1161" HPOS="698"/>
                  <String HEIGHT="42" WIDTH="63" VPOS="1161" HPOS="648" CONTENT="eis"/>
               </TextLine>
               <TextLine ID="r3l55"
                         BASELINE="1242"
                         HEIGHT="41"
                         WIDTH="489"
                         VPOS="1201"
                         HPOS="226">
                  <String HEIGHT="41" WIDTH="78" VPOS="1201" HPOS="215" CONTENT="aut"/>
                  <SP HEIGHT="41" WIDTH="11" VPOS="1201" HPOS="293"/>
                  <String HEIGHT="41"
                          WIDTH="167"
                          VPOS="1201"
                          HPOS="259"
                          CONTENT="intrinsecum"/>
                  <SP HEIGHT="41" WIDTH="11" VPOS="1201" HPOS="426"/>
                  <String HEIGHT="41" WIDTH="67" VPOS="1201" HPOS="393" CONTENT="in"/>
                  <SP HEIGHT="41" WIDTH="11" VPOS="1201" HPOS="459"/>
                  <String HEIGHT="41" WIDTH="78" VPOS="1201" HPOS="426" CONTENT="eis"/>
                  <SP HEIGHT="41" WIDTH="11" VPOS="1201" HPOS="504"/>
                  <String HEIGHT="41" WIDTH="56" VPOS="1201" HPOS="470" CONTENT=","/>
                  <SP HEIGHT="41" WIDTH="11" VPOS="1201" HPOS="526"/>
                  <String HEIGHT="41" WIDTH="67" VPOS="1201" HPOS="493" CONTENT="i."/>
                  <SP HEIGHT="41" WIDTH="11" VPOS="1201" HPOS="559"/>
                  <String HEIGHT="41"
                          WIDTH="89"
                          VPOS="1201"
                          HPOS="526"
                          CONTENT="quod"/>
                  <SP HEIGHT="41" WIDTH="11" VPOS="1201" HPOS="615"/>
                  <String HEIGHT="41"
                          WIDTH="100"
                          VPOS="1201"
                          HPOS="582"
                          CONTENT="omnia"/>
                  <SP HEIGHT="41" WIDTH="11" VPOS="1201" HPOS="682"/>
                  <String HEIGHT="41"
                          WIDTH="78"
                          VPOS="1201"
                          HPOS="637"
                          CONTENT="prae"
                          SUBS_TYPE="HypPart1"
                          SUBS_CONTENT="praedicantur"/>
                  <HYP CONTENT="-"/>
               </TextLine>
               <TextLine ID="r3l57"
                         BASELINE="1282"
                         HEIGHT="41"
                         WIDTH="490"
                         VPOS="1241"
                         HPOS="225">
                  <String HEIGHT="41"
                          WIDTH="168"
                          VPOS="1241"
                          HPOS="211"
                          CONTENT="dicantur"
                          SUBS_TYPE="HypPart2"
                          SUBS_CONTENT="praedicantur"/>
                  <SP HEIGHT="41" WIDTH="14" VPOS="1241" HPOS="379"/>
                  <String HEIGHT="41" WIDTH="84" VPOS="1241" HPOS="337" CONTENT="de"/>
                  <SP HEIGHT="41" WIDTH="14" VPOS="1241" HPOS="421"/>
                  <String HEIGHT="41" WIDTH="98" VPOS="1241" HPOS="379" CONTENT="ea."/>
                  <SP HEIGHT="41" WIDTH="14" VPOS="1241" HPOS="477"/>
                  <String HEIGHT="41" WIDTH="84" VPOS="1241" HPOS="435" CONTENT="Si"/>
                  <SP HEIGHT="41" WIDTH="14" VPOS="1241" HPOS="519"/>
                  <String HEIGHT="41"
                          WIDTH="224"
                          VPOS="1241"
                          HPOS="477"
                          CONTENT="extrinsecum,"/>
                  <SP HEIGHT="41" WIDTH="14" VPOS="1241" HPOS="701"/>
                  <String HEIGHT="41" WIDTH="70" VPOS="1241" HPOS="645" CONTENT="con"/>
               </TextLine>
               <TextLine ID="r3l59"
                         BASELINE="1322"
                         HEIGHT="43"
                         WIDTH="490"
                         VPOS="1279"
                         HPOS="225">
                  <String HEIGHT="43"
                          WIDTH="140"
                          VPOS="1279"
                          HPOS="211"
                          CONTENT="tingit"/>
                  <SP HEIGHT="43" WIDTH="14" VPOS="1279" HPOS="351"/>
                  <String HEIGHT="43" WIDTH="84" VPOS="1279" HPOS="309" CONTENT="vt"/>
                  <SP HEIGHT="43" WIDTH="14" VPOS="1279" HPOS="393"/>
                  <String HEIGHT="43"
                          WIDTH="154"
                          VPOS="1279"
                          HPOS="351"
                          CONTENT="aliquid"/>
                  <SP HEIGHT="43" WIDTH="14" VPOS="1279" HPOS="505"/>
                  <String HEIGHT="43"
                          WIDTH="182"
                          VPOS="1279"
                          HPOS="463"
                          CONTENT="praecedat"/>
                  <SP HEIGHT="43" WIDTH="14" VPOS="1279" HPOS="645"/>
                  <String HEIGHT="43"
                          WIDTH="126"
                          VPOS="1279"
                          HPOS="589"
                          CONTENT="substan"/>
               </TextLine>
               <TextLine ID="line_1604792807701_4151"
                         BASELINE="1362"
                         HEIGHT="42"
                         WIDTH="513"
                         VPOS="1320"
                         HPOS="210">
                  <String HEIGHT="42"
                          WIDTH="117"
                          VPOS="1320"
                          HPOS="195"
                          CONTENT="tiam"/>
                  <SP HEIGHT="42" WIDTH="15" VPOS="1320" HPOS="313"/>
                  <String HEIGHT="42" WIDTH="73" VPOS="1320" HPOS="269" CONTENT="&amp;"/>
                  <SP HEIGHT="42" WIDTH="15" VPOS="1320" HPOS="342"/>
                  <String HEIGHT="42"
                          WIDTH="117"
                          VPOS="1320"
                          HPOS="298"
                          CONTENT="alia"/>
                  <SP HEIGHT="42" WIDTH="15" VPOS="1320" HPOS="415"/>
                  <String HEIGHT="42"
                          WIDTH="264"
                          VPOS="1320"
                          HPOS="371"
                          CONTENT="praedicamenta."/>
                  <SP HEIGHT="42" WIDTH="15" VPOS="1320" HPOS="635"/>
                  <String HEIGHT="42" WIDTH="88" VPOS="1320" HPOS="591" CONTENT="Si"/>
                  <SP HEIGHT="42" WIDTH="15" VPOS="1320" HPOS="679"/>
                  <String HEIGHT="42"
                          WIDTH="103"
                          VPOS="1320"
                          HPOS="620"
                          CONTENT="autem"/>
               </TextLine>
               <TextLine ID="r3l63"
                         BASELINE="1410"
                         HEIGHT="52"
                         WIDTH="502"
                         VPOS="1358"
                         HPOS="220">
                  <String HEIGHT="52"
                          WIDTH="243"
                          VPOS="1358"
                          HPOS="205"
                          CONTENT="intrinsecum,"/>
                  <SP HEIGHT="52" WIDTH="15" VPOS="1358" HPOS="448"/>
                  <String HEIGHT="52"
                          WIDTH="213"
                          VPOS="1358"
                          HPOS="403"
                          CONTENT="continget,"/>
                  <SP HEIGHT="52" WIDTH="15" VPOS="1358" HPOS="616"/>
                  <String HEIGHT="52" WIDTH="91" VPOS="1358" HPOS="570" CONTENT="vt"/>
                  <SP HEIGHT="52" WIDTH="15" VPOS="1358" HPOS="661"/>
                  <String HEIGHT="52"
                          WIDTH="122"
                          VPOS="1358"
                          HPOS="600"
                          CONTENT="compo"
                          SUBS_TYPE="HypPart1"
                          SUBS_CONTENT="compositum"/>
                  <HYP CONTENT="-"/>
               </TextLine>
               <TextLine ID="r3l65"
                         BASELINE="1449"
                         HEIGHT="53"
                         WIDTH="501"
                         VPOS="1396"
                         HPOS="220">
                  <String HEIGHT="53"
                          WIDTH="122"
                          VPOS="1396"
                          HPOS="206"
                          CONTENT="situm"
                          SUBS_TYPE="HypPart2"
                          SUBS_CONTENT="compositum"/>
                  <SP HEIGHT="53" WIDTH="14" VPOS="1396" HPOS="328"/>
                  <String HEIGHT="53"
                          WIDTH="203"
                          VPOS="1396"
                          HPOS="288"
                          CONTENT="praedicetur"/>
                  <SP HEIGHT="53" WIDTH="14" VPOS="1396" HPOS="491"/>
                  <String HEIGHT="53" WIDTH="81" VPOS="1396" HPOS="450" CONTENT="de"/>
                  <SP HEIGHT="53" WIDTH="14" VPOS="1396" HPOS="531"/>
                  <String HEIGHT="53"
                          WIDTH="176"
                          VPOS="1396"
                          HPOS="491"
                          CONTENT="simplici,"/>
                  <SP HEIGHT="53" WIDTH="14" VPOS="1396" HPOS="667"/>
                  <String HEIGHT="53" WIDTH="81" VPOS="1396" HPOS="626" CONTENT="ex"/>
                  <SP HEIGHT="53" WIDTH="14" VPOS="1396" HPOS="707"/>
                  <String HEIGHT="53" WIDTH="68" VPOS="1396" HPOS="653" CONTENT="quo"/>
               </TextLine>
               <TextLine ID="r3l67"
                         BASELINE="1488"
                         HEIGHT="51"
                         WIDTH="495"
                         VPOS="1437"
                         HPOS="218">
                  <String HEIGHT="51"
                          WIDTH="240"
                          VPOS="1437"
                          HPOS="202"
                          CONTENT="componitur:"/>
                  <SP HEIGHT="51" WIDTH="16" VPOS="1437" HPOS="442"/>
                  <String HEIGHT="51" WIDTH="80" VPOS="1437" HPOS="394" CONTENT="&amp;"/>
                  <SP HEIGHT="51" WIDTH="16" VPOS="1437" HPOS="473"/>
                  <String HEIGHT="51"
                          WIDTH="128"
                          VPOS="1437"
                          HPOS="426"
                          CONTENT="tunc"/>
                  <SP HEIGHT="51" WIDTH="16" VPOS="1437" HPOS="553"/>
                  <String HEIGHT="51"
                          WIDTH="112"
                          VPOS="1437"
                          HPOS="505"
                          CONTENT="res"/>
                  <SP HEIGHT="51" WIDTH="16" VPOS="1437" HPOS="617"/>
                  <String HEIGHT="51"
                          WIDTH="160"
                          VPOS="1437"
                          HPOS="553"
                          CONTENT="praedica"/>
               </TextLine>
               <TextLine ID="r3l69"
                         BASELINE="1528"
                         HEIGHT="43"
                         WIDTH="501"
                         VPOS="1485"
                         HPOS="224">
                  <String HEIGHT="43"
                          WIDTH="113"
                          VPOS="1485"
                          HPOS="208"
                          CONTENT="tur"/>
                  <SP HEIGHT="43" WIDTH="16" VPOS="1485" HPOS="321"/>
                  <String HEIGHT="43" WIDTH="97" VPOS="1485" HPOS="272" CONTENT="de"/>
                  <SP HEIGHT="43" WIDTH="16" VPOS="1485" HPOS="369"/>
                  <String HEIGHT="43"
                          WIDTH="113"
                          VPOS="1485"
                          HPOS="321"
                          CONTENT="suo"/>
                  <SP HEIGHT="43" WIDTH="16" VPOS="1485" HPOS="434"/>
                  <String HEIGHT="43"
                          WIDTH="210"
                          VPOS="1485"
                          HPOS="386"
                          CONTENT="elemento."/>
                  <SP HEIGHT="43" WIDTH="16" VPOS="1485" HPOS="596"/>
                  <String HEIGHT="43"
                          WIDTH="194"
                          VPOS="1485"
                          HPOS="531"
                          CONTENT="Quapropter"/>
               </TextLine>
               <TextLine ID="r3l71"
                         BASELINE="1561"
                         HEIGHT="37"
                         WIDTH="488"
                         VPOS="1524"
                         HPOS="227">
                  <String HEIGHT="37"
                          WIDTH="129"
                          VPOS="1524"
                          HPOS="213"
                          CONTENT="erunt"/>
                  <SP HEIGHT="37" WIDTH="14" VPOS="1524" HPOS="342"/>
                  <String HEIGHT="37"
                          WIDTH="115"
                          VPOS="1524"
                          HPOS="299"
                          CONTENT="idem"/>
                  <SP HEIGHT="37" WIDTH="14" VPOS="1524" HPOS="414"/>
                  <String HEIGHT="37"
                          WIDTH="100"
                          VPOS="1524"
                          HPOS="371"
                          CONTENT="hoc"/>
                  <SP HEIGHT="37" WIDTH="14" VPOS="1524" HPOS="471"/>
                  <String HEIGHT="37"
                          WIDTH="129"
                          VPOS="1524"
                          HPOS="428"
                          CONTENT="modo:"/>
                  <SP HEIGHT="37" WIDTH="14" VPOS="1524" HPOS="557"/>
                  <String HEIGHT="37"
                          WIDTH="100"
                          VPOS="1524"
                          HPOS="514"
                          CONTENT="ita"/>
                  <SP HEIGHT="37" WIDTH="14" VPOS="1524" HPOS="615"/>
                  <String HEIGHT="37"
                          WIDTH="115"
                          VPOS="1524"
                          HPOS="571"
                          CONTENT="quod"/>
                  <SP HEIGHT="37" WIDTH="14" VPOS="1524" HPOS="686"/>
                  <String HEIGHT="37"
                          WIDTH="86"
                          VPOS="1524"
                          HPOS="629"
                          CONTENT="vere"/>
               </TextLine>
               <TextLine ID="r3l73"
                         BASELINE="1603"
                         HEIGHT="47"
                         WIDTH="494"
                         VPOS="1556"
                         HPOS="218">
                  <String HEIGHT="47"
                          WIDTH="254"
                          VPOS="1556"
                          HPOS="203"
                          CONTENT="praedicabitur"/>
                  <SP HEIGHT="47" WIDTH="15" VPOS="1556" HPOS="458"/>
                  <String HEIGHT="47"
                          WIDTH="165"
                          VPOS="1556"
                          HPOS="413"
                          CONTENT="syllaba"/>
                  <SP HEIGHT="47" WIDTH="15" VPOS="1556" HPOS="577"/>
                  <String HEIGHT="47" WIDTH="90" VPOS="1556" HPOS="532" CONTENT="de"/>
                  <SP HEIGHT="47" WIDTH="15" VPOS="1556" HPOS="622"/>
                  <String HEIGHT="47"
                          WIDTH="150"
                          VPOS="1556"
                          HPOS="562"
                          CONTENT="consonan"/>
               </TextLine>
               <TextLine ID="r3l75"
                         BASELINE="1634"
                         HEIGHT="43"
                         WIDTH="492"
                         VPOS="1591"
                         HPOS="224">
                  <String HEIGHT="43" WIDTH="84" VPOS="1591" HPOS="210" CONTENT="te"/>
                  <SP HEIGHT="43" WIDTH="14" VPOS="1591" HPOS="294"/>
                  <String HEIGHT="43" WIDTH="70" VPOS="1591" HPOS="252" CONTENT="&amp;"/>
                  <SP HEIGHT="43" WIDTH="14" VPOS="1591" HPOS="322"/>
                  <String HEIGHT="43" WIDTH="98" VPOS="1591" HPOS="280" CONTENT="non"/>
                  <SP HEIGHT="43" WIDTH="14" VPOS="1591" HPOS="379"/>
                  <String HEIGHT="43"
                          WIDTH="211"
                          VPOS="1591"
                          HPOS="336"
                          CONTENT="consonante,"/>
                  <SP HEIGHT="43" WIDTH="14" VPOS="1591" HPOS="547"/>
                  <String HEIGHT="43"
                          WIDTH="112"
                          VPOS="1591"
                          HPOS="505"
                          CONTENT="quae"/>
                  <SP HEIGHT="43" WIDTH="14" VPOS="1591" HPOS="618"/>
                  <String HEIGHT="43"
                          WIDTH="112"
                          VPOS="1591"
                          HPOS="575"
                          CONTENT="sunt"/>
                  <SP HEIGHT="43" WIDTH="14" VPOS="1591" HPOS="688"/>
                  <String HEIGHT="43"
                          WIDTH="84"
                          VPOS="1591"
                          HPOS="632"
                          CONTENT="ele"
                          SUBS_TYPE="HypPart1"
                          SUBS_CONTENT="elementa"/>
                  <HYP CONTENT="-"/>
               </TextLine>
               <TextLine ID="r3l77"
                         BASELINE="1675"
                         HEIGHT="46"
                         WIDTH="501"
                         VPOS="1629"
                         HPOS="224">
                  <String HEIGHT="46"
                          WIDTH="122"
                          VPOS="1629"
                          HPOS="210"
                          CONTENT="menta"
                          SUBS_TYPE="HypPart2"
                          SUBS_CONTENT="elementa"/>
                  <SP HEIGHT="46" WIDTH="14" VPOS="1629" HPOS="332"/>
                  <String HEIGHT="46"
                          WIDTH="176"
                          VPOS="1629"
                          HPOS="292"
                          CONTENT="syllabae."/>
                  <SP HEIGHT="46" WIDTH="14" VPOS="1629" HPOS="468"/>
                  <String HEIGHT="46" WIDTH="68" VPOS="1629" HPOS="427" CONTENT="&amp;"/>
                  <SP HEIGHT="46" WIDTH="14" VPOS="1629" HPOS="495"/>
                  <String HEIGHT="46"
                          WIDTH="162"
                          VPOS="1629"
                          HPOS="454"
                          CONTENT="vtrunque"/>
                  <SP HEIGHT="46" WIDTH="14" VPOS="1629" HPOS="617"/>
                  <String HEIGHT="46"
                          WIDTH="122"
                          VPOS="1629"
                          HPOS="576"
                          CONTENT="eorum"/>
                  <SP HEIGHT="46" WIDTH="14" VPOS="1629" HPOS="698"/>
                  <String HEIGHT="46" WIDTH="95" VPOS="1629" HPOS="657" CONTENT="est"/>
                  <SP HEIGHT="46" WIDTH="14" VPOS="1629" HPOS="752"/>
                  <String HEIGHT="46" WIDTH="27" VPOS="1629" HPOS="698" CONTENT=""/>
               </TextLine>
               <TextLine ID="r3l79"
                         BASELINE="1722"
                         HEIGHT="52"
                         WIDTH="485"
                         VPOS="1670"
                         HPOS="230">
                  <String HEIGHT="52" WIDTH="94" VPOS="1670" HPOS="217" CONTENT="vna"/>
                  <SP HEIGHT="52" WIDTH="13" VPOS="1670" HPOS="311"/>
                  <String HEIGHT="52"
                          WIDTH="108"
                          VPOS="1670"
                          HPOS="270"
                          CONTENT="pars"/>
                  <SP HEIGHT="52" WIDTH="13" VPOS="1670" HPOS="378"/>
                  <String HEIGHT="52"
                          WIDTH="175"
                          VPOS="1670"
                          HPOS="338"
                          CONTENT="syllabae."/>
                  <SP HEIGHT="52" WIDTH="13" VPOS="1670" HPOS="513"/>
                  <String HEIGHT="52" WIDTH="67" VPOS="1670" HPOS="473" CONTENT="&amp;"/>
                  <SP HEIGHT="52" WIDTH="13" VPOS="1670" HPOS="540"/>
                  <String HEIGHT="52" WIDTH="94" VPOS="1670" HPOS="499" CONTENT="hoc"/>
                  <SP HEIGHT="52" WIDTH="13" VPOS="1670" HPOS="594"/>
                  <String HEIGHT="52"
                          WIDTH="121"
                          VPOS="1670"
                          HPOS="553"
                          CONTENT="inten"/>
                  <SP HEIGHT="52" WIDTH="13" VPOS="1670" HPOS="675"/>
                  <String HEIGHT="52"
                          WIDTH="94"
                          VPOS="1670"
                          HPOS="621"
                          CONTENT="debat"/>
               </TextLine>
               <TextLine ID="r3l81"
                         BASELINE="1754"
                         HEIGHT="45"
                         WIDTH="491"
                         VPOS="1709"
                         HPOS="220">
                  <String HEIGHT="45" WIDTH="95" VPOS="1709" HPOS="206" CONTENT="cum"/>
                  <SP HEIGHT="45" WIDTH="14" VPOS="1709" HPOS="302"/>
                  <String HEIGHT="45"
                          WIDTH="136"
                          VPOS="1709"
                          HPOS="261"
                          CONTENT="dicit:"/>
                  <SP HEIGHT="45" WIDTH="14" VPOS="1709" HPOS="397"/>
                  <String HEIGHT="45" WIDTH="82" VPOS="1709" HPOS="356" CONTENT="Vt"/>
                  <SP HEIGHT="45" WIDTH="14" VPOS="1709" HPOS="438"/>
                  <String HEIGHT="45" WIDTH="68" VPOS="1709" HPOS="397" CONTENT="A"/>
                  <SP HEIGHT="45" WIDTH="14" VPOS="1709" HPOS="466"/>
                  <String HEIGHT="45" WIDTH="95" VPOS="1709" HPOS="425" CONTENT="sit"/>
                  <SP HEIGHT="45" WIDTH="14" VPOS="1709" HPOS="520"/>
                  <String HEIGHT="45"
                          WIDTH="150"
                          VPOS="1709"
                          HPOS="479"
                          CONTENT="quoddam"/>
                  <SP HEIGHT="45" WIDTH="14" VPOS="1709" HPOS="629"/>
                  <String HEIGHT="45" WIDTH="82" VPOS="1709" HPOS="588" CONTENT="8."/>
                  <SP HEIGHT="45" WIDTH="14" VPOS="1709" HPOS="670"/>
                  <String HEIGHT="45" WIDTH="82" VPOS="1709" HPOS="629" CONTENT="i."/>
                  <SP HEIGHT="45" WIDTH="14" VPOS="1709" HPOS="711"/>
                  <String HEIGHT="45" WIDTH="55" VPOS="1709" HPOS="656" CONTENT="v."/>
               </TextLine>
               <TextLine ID="r3l83"
                         BASELINE="1799"
                         HEIGHT="51"
                         WIDTH="488"
                         VPOS="1748"
                         HPOS="222">
                  <String HEIGHT="51" WIDTH="79" VPOS="1748" HPOS="209" CONTENT="g."/>
                  <SP HEIGHT="51" WIDTH="13" VPOS="1748" HPOS="288"/>
                  <String HEIGHT="51"
                          WIDTH="106"
                          VPOS="1748"
                          HPOS="248"
                          CONTENT="quod"/>
                  <SP HEIGHT="51" WIDTH="13" VPOS="1748" HPOS="354"/>
                  <String HEIGHT="51" WIDTH="66" VPOS="1748" HPOS="314" CONTENT="A"/>
                  <SP HEIGHT="51" WIDTH="13" VPOS="1748" HPOS="380"/>
                  <String HEIGHT="51" WIDTH="92" VPOS="1748" HPOS="341" CONTENT="non"/>
                  <SP HEIGHT="51" WIDTH="13" VPOS="1748" HPOS="433"/>
                  <String HEIGHT="51" WIDTH="92" VPOS="1748" HPOS="393" CONTENT="est"/>
                  <SP HEIGHT="51" WIDTH="13" VPOS="1748" HPOS="486"/>
                  <String HEIGHT="51"
                          WIDTH="185"
                          VPOS="1748"
                          HPOS="446"
                          CONTENT="consonans."/>
                  <SP HEIGHT="51" WIDTH="13" VPOS="1748" HPOS="631"/>
                  <String HEIGHT="51" WIDTH="66" VPOS="1748" HPOS="591" CONTENT="&amp;"/>
                  <SP HEIGHT="51" WIDTH="13" VPOS="1748" HPOS="657"/>
                  <String HEIGHT="51"
                          WIDTH="106"
                          VPOS="1748"
                          HPOS="604"
                          CONTENT="simili"/>
               </TextLine>
               <TextLine ID="r3l85"
                         BASELINE="1836"
                         HEIGHT="48"
                         WIDTH="498"
                         VPOS="1788"
                         HPOS="226">
                  <String HEIGHT="48" WIDTH="87" VPOS="1788" HPOS="214" CONTENT="ter"/>
                  <SP HEIGHT="48" WIDTH="12" VPOS="1788" HPOS="301"/>
                  <String HEIGHT="48" WIDTH="87" VPOS="1788" HPOS="263" CONTENT="est"/>
                  <SP HEIGHT="48" WIDTH="12" VPOS="1788" HPOS="351"/>
                  <String HEIGHT="48" WIDTH="75" VPOS="1788" HPOS="313" CONTENT="de"/>
                  <SP HEIGHT="48" WIDTH="12" VPOS="1788" HPOS="388"/>
                  <String HEIGHT="48"
                          WIDTH="199"
                          VPOS="1788"
                          HPOS="351"
                          CONTENT="dictionibus."/>
                  <SP HEIGHT="48" WIDTH="12" VPOS="1788" HPOS="550"/>
                  <String HEIGHT="48" WIDTH="87" VPOS="1788" HPOS="512" CONTENT="cum"/>
                  <SP HEIGHT="48" WIDTH="12" VPOS="1788" HPOS="600"/>
                  <String HEIGHT="48"
                          WIDTH="162"
                          VPOS="1788"
                          HPOS="562"
                          CONTENT="syllabis."/>
                  <SP HEIGHT="48" WIDTH="12" VPOS="1788" HPOS="724"/>
                  <String HEIGHT="48" WIDTH="50" VPOS="1788" HPOS="674" CONTENT="Et"/>
               </TextLine>
               <TextLine ID="r3l86"
                         BASELINE="1882"
                         HEIGHT="54"
                         WIDTH="489"
                         VPOS="1828"
                         HPOS="220">
                  <String HEIGHT="54"
                          WIDTH="212"
                          VPOS="1828"
                          HPOS="204"
                          CONTENT="inuenimus"/>
                  <SP HEIGHT="54" WIDTH="16" VPOS="1828" HPOS="416"/>
                  <String HEIGHT="54"
                          WIDTH="179"
                          VPOS="1828"
                          HPOS="367"
                          CONTENT="Alexan."/>
                  <SP HEIGHT="54" WIDTH="16" VPOS="1828" HPOS="546"/>
                  <String HEIGHT="54"
                          WIDTH="130"
                          VPOS="1828"
                          HPOS="497"
                          CONTENT="post"/>
                  <SP HEIGHT="54" WIDTH="16" VPOS="1828" HPOS="628"/>
                  <String HEIGHT="54"
                          WIDTH="147"
                          VPOS="1828"
                          HPOS="562"
                          CONTENT="exponen"/>
               </TextLine>
            </TextBlock>
            <TextBlock ID="TextRegion_1604792822942_4170"
                       HEIGHT="1819"
                       WIDTH="537"
                       VPOS="93"
                       HPOS="743">
               <Shape>
                  <Polygon POINTS="743,93 1280,93 1280,1912 743,1912"/>
               </Shape>
               <TextLine ID="line_1604792818732_4168"
                         BASELINE="184"
                         HEIGHT="51"
                         WIDTH="528"
                         VPOS="133"
                         HPOS="757">
                  <String HEIGHT="51" WIDTH="100" VPOS="133" HPOS="743" CONTENT="tem"/>
                  <SP HEIGHT="51" WIDTH="14" VPOS="133" HPOS="843"/>
                  <String HEIGHT="51"
                          WIDTH="114"
                          VPOS="133"
                          HPOS="800"
                          CONTENT="hunc"/>
                  <SP HEIGHT="51" WIDTH="14" VPOS="133" HPOS="914"/>
                  <String HEIGHT="51"
                          WIDTH="171"
                          VPOS="133"
                          HPOS="871"
                          CONTENT="sermonem"/>
                  <SP HEIGHT="51" WIDTH="14" VPOS="133" HPOS="1042"/>
                  <String HEIGHT="51"
                          WIDTH="100"
                          VPOS="133"
                          HPOS="1000"
                          CONTENT="hac"/>
                  <SP HEIGHT="51" WIDTH="14" VPOS="133" HPOS="1099"/>
                  <String HEIGHT="51"
                          WIDTH="228"
                          VPOS="133"
                          HPOS="1057"
                          CONTENT="expositione."/>
                  <SP HEIGHT="51" WIDTH="14" VPOS="133" HPOS="1285"/>
                  <String HEIGHT="51" WIDTH="57" VPOS="133" HPOS="1228" CONTENT="Et"/>
               </TextLine>
               <TextLine ID="r3l5"
                         BASELINE="233"
                         HEIGHT="53"
                         WIDTH="506"
                         VPOS="180"
                         HPOS="759">
                  <String HEIGHT="53" WIDTH="89" VPOS="180" HPOS="744" CONTENT="in"/>
                  <SP HEIGHT="53" WIDTH="15" VPOS="180" HPOS="833"/>
                  <String HEIGHT="53"
                          WIDTH="149"
                          VPOS="180"
                          HPOS="789"
                          CONTENT="quadam"/>
                  <SP HEIGHT="53" WIDTH="15" VPOS="180" HPOS="938"/>
                  <String HEIGHT="53"
                          WIDTH="193"
                          VPOS="180"
                          HPOS="893"
                          CONTENT="scriptura"/>
                  <SP HEIGHT="53" WIDTH="15" VPOS="180" HPOS="1086"/>
                  <String HEIGHT="53"
                          WIDTH="193"
                          VPOS="180"
                          HPOS="1042"
                          CONTENT="inuenimus"/>
                  <SP HEIGHT="53" WIDTH="15" VPOS="180" HPOS="1235"/>
                  <String HEIGHT="53"
                          WIDTH="89"
                          VPOS="180"
                          HPOS="1176"
                          CONTENT="sic:"/>
               </TextLine>
               <TextLine ID="r3l7"
                         BASELINE="258"
                         HEIGHT="37"
                         WIDTH="514"
                         VPOS="221"
                         HPOS="758">
                  <String HEIGHT="37" WIDTH="75" VPOS="221" HPOS="745" CONTENT="Et"/>
                  <SP HEIGHT="37" WIDTH="13" VPOS="221" HPOS="821"/>
                  <String HEIGHT="37" WIDTH="88" VPOS="221" HPOS="783" CONTENT="et,"/>
                  <SP HEIGHT="37" WIDTH="13" VPOS="221" HPOS="871"/>
                  <String HEIGHT="37"
                          WIDTH="138"
                          VPOS="221"
                          HPOS="833"
                          CONTENT="quomodo"/>
                  <SP HEIGHT="37" WIDTH="13" VPOS="221" HPOS="971"/>
                  <String HEIGHT="37" WIDTH="88" VPOS="221" HPOS="934" CONTENT="est"/>
                  <SP HEIGHT="37" WIDTH="13" VPOS="221" HPOS="1021"/>
                  <String HEIGHT="37"
                          WIDTH="163"
                          VPOS="221"
                          HPOS="984"
                          CONTENT="possibile"/>
                  <SP HEIGHT="37" WIDTH="13" VPOS="221" HPOS="1147"/>
                  <String HEIGHT="37"
                          WIDTH="125"
                          VPOS="221"
                          HPOS="1109"
                          CONTENT="dicere"/>
                  <SP HEIGHT="37" WIDTH="13" VPOS="221" HPOS="1234"/>
                  <String HEIGHT="37"
                          WIDTH="88"
                          VPOS="221"
                          HPOS="1184"
                          CONTENT="eadem"/>
               </TextLine>
               <TextLine ID="r3l9"
                         BASELINE="299"
                         HEIGHT="41"
                         WIDTH="494"
                         VPOS="258"
                         HPOS="765">
                  <String HEIGHT="41"
                          WIDTH="113"
                          VPOS="258"
                          HPOS="751"
                          CONTENT="esse"/>
                  <SP HEIGHT="41" WIDTH="14" VPOS="258" HPOS="864"/>
                  <String HEIGHT="41"
                          WIDTH="169"
                          VPOS="258"
                          HPOS="821"
                          CONTENT="elementa"/>
                  <SP HEIGHT="41" WIDTH="14" VPOS="258" HPOS="991"/>
                  <String HEIGHT="41"
                          WIDTH="155"
                          VPOS="258"
                          HPOS="948"
                          CONTENT="omnium:"/>
                  <SP HEIGHT="41" WIDTH="14" VPOS="258" HPOS="1104"/>
                  <String HEIGHT="41" WIDTH="85" VPOS="258" HPOS="1061" CONTENT="i."/>
                  <SP HEIGHT="41" WIDTH="14" VPOS="258" HPOS="1146"/>
                  <String HEIGHT="41" WIDTH="99" VPOS="258" HPOS="1104" CONTENT="cum"/>
                  <SP HEIGHT="41" WIDTH="14" VPOS="258" HPOS="1203"/>
                  <String HEIGHT="41" WIDTH="99" VPOS="258" HPOS="1160" CONTENT="hoc"/>
                  <SP HEIGHT="41" WIDTH="14" VPOS="258" HPOS="1259"/>
                  <String HEIGHT="41" WIDTH="56" VPOS="258" HPOS="1203" CONTENT="no"/>
               </TextLine>
               <TextLine ID="r3l11"
                         BASELINE="338"
                         HEIGHT="37"
                         WIDTH="512"
                         VPOS="301"
                         HPOS="757">
                  <String HEIGHT="37" WIDTH="112" VPOS="301" HPOS="741" CONTENT="men"/>
                  <SP HEIGHT="37" WIDTH="16" VPOS="301" HPOS="853"/>
                  <String HEIGHT="37" WIDTH="112" VPOS="301" HPOS="805" CONTENT="ens"/>
                  <SP HEIGHT="37" WIDTH="16" VPOS="301" HPOS="917"/>
                  <String HEIGHT="37"
                          WIDTH="224"
                          VPOS="301"
                          HPOS="869"
                          CONTENT="demonstret"/>
                  <SP HEIGHT="37" WIDTH="16" VPOS="301" HPOS="1093"/>
                  <String HEIGHT="37"
                          WIDTH="112"
                          VPOS="301"
                          HPOS="1045"
                          CONTENT="eis"/>
                  <SP HEIGHT="37" WIDTH="16" VPOS="301" HPOS="1157"/>
                  <String HEIGHT="37"
                          WIDTH="176"
                          VPOS="301"
                          HPOS="1093"
                          CONTENT="elementum"/>
               </TextLine>
               <TextLine ID="r3l12"
                         BASELINE="379"
                         HEIGHT="42"
                         WIDTH="504"
                         VPOS="337"
                         HPOS="758">
                  <String HEIGHT="42"
                          WIDTH="158"
                          VPOS="337"
                          HPOS="744"
                          CONTENT="ommune,"/>
                  <SP HEIGHT="42" WIDTH="14" VPOS="337" HPOS="902"/>
                  <String HEIGHT="42" WIDTH="86" VPOS="337" HPOS="859" CONTENT="i."/>
                  <SP HEIGHT="42" WIDTH="14" VPOS="337" HPOS="945"/>
                  <String HEIGHT="42" WIDTH="101" VPOS="337" HPOS="902" CONTENT="cum"/>
                  <SP HEIGHT="42" WIDTH="14" VPOS="337" HPOS="1003"/>
                  <String HEIGHT="42" WIDTH="101" VPOS="337" HPOS="960" CONTENT="hoc"/>
                  <SP HEIGHT="42" WIDTH="14" VPOS="337" HPOS="1060"/>
                  <String HEIGHT="42"
                          WIDTH="130"
                          VPOS="337"
                          HPOS="1017"
                          CONTENT="nomen"/>
                  <SP HEIGHT="42" WIDTH="14" VPOS="337" HPOS="1147"/>
                  <String HEIGHT="42"
                          WIDTH="101"
                          VPOS="337"
                          HPOS="1104"
                          CONTENT="ens"/>
                  <SP HEIGHT="42" WIDTH="14" VPOS="337" HPOS="1204"/>
                  <String HEIGHT="42"
                          WIDTH="115"
                          VPOS="337"
                          HPOS="1147"
                          CONTENT="demon"
                          SUBS_TYPE="HypPart1"
                          SUBS_CONTENT="demonstret"/>
                  <HYP CONTENT="-"/>
               </TextLine>
               <TextLine ID="r3l14"
                         BASELINE="428"
                         HEIGHT="51"
                         WIDTH="502"
                         VPOS="377"
                         HPOS="757">
                  <String HEIGHT="51"
                          WIDTH="113"
                          VPOS="377"
                          HPOS="744"
                          CONTENT="stret"
                          SUBS_TYPE="HypPart2"
                          SUBS_CONTENT="demonstret"/>
                  <SP HEIGHT="51" WIDTH="13" VPOS="377" HPOS="857"/>
                  <String HEIGHT="51" WIDTH="88" VPOS="377" HPOS="820" CONTENT="eis"/>
                  <SP HEIGHT="51" WIDTH="13" VPOS="377" HPOS="908"/>
                  <String HEIGHT="51"
                          WIDTH="163"
                          VPOS="377"
                          HPOS="870"
                          CONTENT="elementum"/>
                  <SP HEIGHT="51" WIDTH="13" VPOS="377" HPOS="1033"/>
                  <String HEIGHT="51" WIDTH="75" VPOS="377" HPOS="995" CONTENT="in"/>
                  <SP HEIGHT="51" WIDTH="13" VPOS="377" HPOS="1071"/>
                  <String HEIGHT="51"
                          WIDTH="126"
                          VPOS="377"
                          HPOS="1033"
                          CONTENT="aliqua"/>
                  <SP HEIGHT="51" WIDTH="13" VPOS="377" HPOS="1159"/>
                  <String HEIGHT="51" WIDTH="75" VPOS="377" HPOS="1121" CONTENT="na"/>
                  <SP HEIGHT="51" WIDTH="13" VPOS="377" HPOS="1196"/>
                  <String HEIGHT="51"
                          WIDTH="113"
                          VPOS="377"
                          HPOS="1146"
                          CONTENT="communi"/>
               </TextLine>
               <TextLine ID="r3l16"
                         BASELINE="459"
                         HEIGHT="44"
                         WIDTH="502"
                         VPOS="415"
                         HPOS="758">
                  <String HEIGHT="44" WIDTH="81" VPOS="415" HPOS="742" CONTENT="&amp;"/>
                  <SP HEIGHT="44" WIDTH="16" VPOS="415" HPOS="823"/>
                  <String HEIGHT="44"
                          WIDTH="227"
                          VPOS="415"
                          HPOS="774"
                          CONTENT="demonstrat"/>
                  <SP HEIGHT="44" WIDTH="16" VPOS="415" HPOS="1001"/>
                  <String HEIGHT="44"
                          WIDTH="243"
                          VPOS="415"
                          HPOS="952"
                          CONTENT="vnumquedque"/>
                  <SP HEIGHT="44" WIDTH="16" VPOS="415" HPOS="1195"/>
                  <String HEIGHT="44"
                          WIDTH="130"
                          VPOS="415"
                          HPOS="1130"
                          CONTENT="eorum:"/>
               </TextLine>
               <TextLine ID="r3l19"
                         BASELINE="500"
                         HEIGHT="46"
                         WIDTH="461"
                         VPOS="454"
                         HPOS="754">
                  <String HEIGHT="46"
                          WIDTH="123"
                          VPOS="454"
                          HPOS="739"
                          CONTENT="ergo"/>
                  <SP HEIGHT="46" WIDTH="15" VPOS="454" HPOS="862"/>
                  <String HEIGHT="46"
                          WIDTH="123"
                          VPOS="454"
                          HPOS="815"
                          CONTENT="ipsa"/>
                  <SP HEIGHT="46" WIDTH="15" VPOS="454" HPOS="938"/>
                  <String HEIGHT="46"
                          WIDTH="123"
                          VPOS="454"
                          HPOS="892"
                          CONTENT="sunt"/>
                  <SP HEIGHT="46" WIDTH="15" VPOS="454" HPOS="1015"/>
                  <String HEIGHT="46"
                          WIDTH="123"
                          VPOS="454"
                          HPOS="969"
                          CONTENT="vera"/>
                  <SP HEIGHT="46" WIDTH="15" VPOS="454" HPOS="1092"/>
                  <String HEIGHT="46"
                          WIDTH="184"
                          VPOS="454"
                          HPOS="1046"
                          CONTENT="elementa"/>
                  <SP HEIGHT="46" WIDTH="15" VPOS="454" HPOS="1230"/>
                  <String HEIGHT="46" WIDTH="46" VPOS="454" HPOS="1169" CONTENT="&amp;"/>
               </TextLine>
               <TextLine ID="r3l21"
                         BASELINE="563"
                         HEIGHT="54"
                         WIDTH="507"
                         VPOS="509"
                         HPOS="762">
                  <String HEIGHT="54"
                          WIDTH="134"
                          VPOS="509"
                          HPOS="747"
                          CONTENT="Neque"/>
                  <SP HEIGHT="54" WIDTH="15" VPOS="509" HPOS="881"/>
                  <String HEIGHT="54"
                          WIDTH="134"
                          VPOS="509"
                          HPOS="837"
                          CONTENT="sanem"/>
                  <SP HEIGHT="54" WIDTH="15" VPOS="509" HPOS="971"/>
                  <String HEIGHT="54"
                          WIDTH="134"
                          VPOS="509"
                          HPOS="926"
                          CONTENT="vllum"/>
                  <SP HEIGHT="54" WIDTH="15" VPOS="509" HPOS="1060"/>
                  <String HEIGHT="54"
                          WIDTH="268"
                          VPOS="509"
                          HPOS="1001"
                          CONTENT="intelligibilium,"/>
               </TextLine>
               <TextLine ID="r3l23"
                         BASELINE="610"
                         HEIGHT="57"
                         WIDTH="500"
                         VPOS="553"
                         HPOS="758">
                  <String HEIGHT="57" WIDTH="97" VPOS="553" HPOS="742" CONTENT="vt"/>
                  <SP HEIGHT="57" WIDTH="16" VPOS="553" HPOS="839"/>
                  <String HEIGHT="57"
                          WIDTH="129"
                          VPOS="553"
                          HPOS="790"
                          CONTENT="vnum"/>
                  <SP HEIGHT="57" WIDTH="16" VPOS="553" HPOS="919"/>
                  <String HEIGHT="57" WIDTH="113" VPOS="553" HPOS="871" CONTENT="vel"/>
                  <SP HEIGHT="57" WIDTH="16" VPOS="553" HPOS="984"/>
                  <String HEIGHT="57"
                          WIDTH="129"
                          VPOS="553"
                          HPOS="935"
                          CONTENT="ens,"/>
                  <SP HEIGHT="57" WIDTH="16" VPOS="553" HPOS="1064"/>
                  <String HEIGHT="57"
                          WIDTH="210"
                          VPOS="553"
                          HPOS="1016"
                          CONTENT="elementum"/>
                  <SP HEIGHT="57" WIDTH="16" VPOS="553" HPOS="1226"/>
                  <String HEIGHT="57"
                          WIDTH="97"
                          VPOS="553"
                          HPOS="1161"
                          CONTENT="est,"/>
               </TextLine>
               <TextLine ID="r3l25"
                         BASELINE="649"
                         HEIGHT="56"
                         WIDTH="500"
                         VPOS="593"
                         HPOS="761">
                  <String HEIGHT="56"
                          WIDTH="133"
                          VPOS="593"
                          HPOS="744"
                          CONTENT="haec"/>
                  <SP HEIGHT="56" WIDTH="17" VPOS="593" HPOS="878"/>
                  <String HEIGHT="56"
                          WIDTH="133"
                          VPOS="593"
                          HPOS="828"
                          CONTENT="enim"/>
                  <SP HEIGHT="56" WIDTH="17" VPOS="593" HPOS="961"/>
                  <String HEIGHT="56"
                          WIDTH="217"
                          VPOS="593"
                          HPOS="911"
                          CONTENT="vnicuique"/>
                  <SP HEIGHT="56" WIDTH="17" VPOS="593" HPOS="1128"/>
                  <String HEIGHT="56"
                          WIDTH="200"
                          VPOS="593"
                          HPOS="1061"
                          CONTENT="composito"
                          SUBS_TYPE="HypPart1"
                          SUBS_CONTENT="compositorum"/>
                  <HYP CONTENT="-"/>
               </TextLine>
               <TextLine ID="r3l27"
                         BASELINE="685"
                         HEIGHT="47"
                         WIDTH="520"
                         VPOS="638"
                         HPOS="749">
                  <String HEIGHT="47"
                          WIDTH="117"
                          VPOS="638"
                          HPOS="732"
                          CONTENT="rum"
                          SUBS_TYPE="HypPart2"
                          SUBS_CONTENT="compositorum"/>
                  <SP HEIGHT="47" WIDTH="17" VPOS="638" HPOS="850"/>
                  <String HEIGHT="47"
                          WIDTH="185"
                          VPOS="638"
                          HPOS="799"
                          CONTENT="insunt."/>
                  <SP HEIGHT="47" WIDTH="17" VPOS="638" HPOS="984"/>
                  <String HEIGHT="47"
                          WIDTH="168"
                          VPOS="638"
                          HPOS="934"
                          CONTENT="nullum"/>
                  <SP HEIGHT="47" WIDTH="17" VPOS="638" HPOS="1101"/>
                  <String HEIGHT="47"
                          WIDTH="168"
                          VPOS="638"
                          HPOS="1051"
                          CONTENT="igitur"/>
                  <SP HEIGHT="47" WIDTH="17" VPOS="638" HPOS="1219"/>
                  <String HEIGHT="47"
                          WIDTH="117"
                          VPOS="638"
                          HPOS="1152"
                          CONTENT="eorum"/>
               </TextLine>
               <TextLine ID="r3l29"
                         BASELINE="730"
                         HEIGHT="52"
                         WIDTH="507"
                         VPOS="678"
                         HPOS="758">
                  <String HEIGHT="52"
                          WIDTH="143"
                          VPOS="678"
                          HPOS="742"
                          CONTENT="neque"/>
                  <SP HEIGHT="52" WIDTH="16" VPOS="678" HPOS="885"/>
                  <String HEIGHT="52"
                          WIDTH="238"
                          VPOS="678"
                          HPOS="837"
                          CONTENT="substantia,"/>
                  <SP HEIGHT="52" WIDTH="16" VPOS="678" HPOS="1075"/>
                  <String HEIGHT="52"
                          WIDTH="111"
                          VPOS="678"
                          HPOS="1027"
                          CONTENT="nec"/>
                  <SP HEIGHT="52" WIDTH="16" VPOS="678" HPOS="1138"/>
                  <String HEIGHT="52" WIDTH="95" VPOS="678" HPOS="1091" CONTENT="ad"/>
                  <SP HEIGHT="52" WIDTH="16" VPOS="678" HPOS="1186"/>
                  <String HEIGHT="52"
                          WIDTH="143"
                          VPOS="678"
                          HPOS="1122"
                          CONTENT="aliquid"/>
               </TextLine>
               <TextLine ID="r3l31"
                         BASELINE="771"
                         HEIGHT="50"
                         WIDTH="387"
                         VPOS="721"
                         HPOS="756">
                  <String HEIGHT="50"
                          WIDTH="139"
                          VPOS="721"
                          HPOS="741"
                          CONTENT="erit."/>
                  <SP HEIGHT="50" WIDTH="15" VPOS="721" HPOS="880"/>
                  <String HEIGHT="50" WIDTH="93" VPOS="721" HPOS="833" CONTENT="at"/>
                  <SP HEIGHT="50" WIDTH="15" VPOS="721" HPOS="926"/>
                  <String HEIGHT="50"
                          WIDTH="232"
                          VPOS="721"
                          HPOS="880"
                          CONTENT="necessarium"/>
                  <SP HEIGHT="50" WIDTH="15" VPOS="721" HPOS="1112"/>
                  <String HEIGHT="50"
                          WIDTH="93"
                          VPOS="721"
                          HPOS="1050"
                          CONTENT="est."/>
               </TextLine>
               <TextLine ID="r3l33"
                         BASELINE="821"
                         HEIGHT="60"
                         WIDTH="474"
                         VPOS="761"
                         HPOS="783">
                  <String HEIGHT="60"
                          WIDTH="135"
                          VPOS="761"
                          HPOS="769"
                          CONTENT="Neque,"/>
                  <SP HEIGHT="60" WIDTH="14" VPOS="761" HPOS="905"/>
                  <String HEIGHT="60" WIDTH="81" VPOS="761" HPOS="864" CONTENT="et"/>
                  <SP HEIGHT="60" WIDTH="14" VPOS="761" HPOS="946"/>
                  <String HEIGHT="60" WIDTH="81" VPOS="761" HPOS="905" CONTENT="ex"/>
                  <SP HEIGHT="60" WIDTH="14" VPOS="761" HPOS="986"/>
                  <String HEIGHT="60"
                          WIDTH="176"
                          VPOS="761"
                          HPOS="946"
                          CONTENT="elementis"/>
                  <SP HEIGHT="60" WIDTH="14" VPOS="761" HPOS="1122"/>
                  <String HEIGHT="60"
                          WIDTH="190"
                          VPOS="761"
                          HPOS="1067"
                          CONTENT="intellectis,"/>
               </TextLine>
               <TextLine ID="r3l36"
                         BASELINE="858"
                         HEIGHT="48"
                         WIDTH="498"
                         VPOS="810"
                         HPOS="762">
                  <String HEIGHT="48" WIDTH="81" VPOS="810" HPOS="749" CONTENT="vt"/>
                  <SP HEIGHT="48" WIDTH="13" VPOS="810" HPOS="829"/>
                  <String HEIGHT="48" WIDTH="81" VPOS="810" HPOS="789" CONTENT="de"/>
                  <SP HEIGHT="48" WIDTH="13" VPOS="810" HPOS="870"/>
                  <String HEIGHT="48"
                          WIDTH="108"
                          VPOS="810"
                          HPOS="829"
                          CONTENT="vno,"/>
                  <SP HEIGHT="48" WIDTH="13" VPOS="810" HPOS="937"/>
                  <String HEIGHT="48" WIDTH="94" VPOS="810" HPOS="897" CONTENT="aut"/>
                  <SP HEIGHT="48" WIDTH="13" VPOS="810" HPOS="991"/>
                  <String HEIGHT="48" WIDTH="81" VPOS="810" HPOS="950" CONTENT="de"/>
                  <SP HEIGHT="48" WIDTH="13" VPOS="810" HPOS="1031"/>
                  <String HEIGHT="48"
                          WIDTH="121"
                          VPOS="810"
                          HPOS="991"
                          CONTENT="ente."/>
                  <SP HEIGHT="48" WIDTH="13" VPOS="810" HPOS="1112"/>
                  <String HEIGHT="48"
                          WIDTH="108"
                          VPOS="810"
                          HPOS="1072"
                          CONTENT="haec"/>
                  <SP HEIGHT="48" WIDTH="13" VPOS="810" HPOS="1179"/>
                  <String HEIGHT="48"
                          WIDTH="108"
                          VPOS="810"
                          HPOS="1139"
                          CONTENT="enim"/>
                  <SP HEIGHT="48" WIDTH="13" VPOS="810" HPOS="1247"/>
                  <String HEIGHT="48" WIDTH="67" VPOS="810" HPOS="1193" CONTENT="duo"/>
               </TextLine>
               <TextLine ID="r3l38"
                         BASELINE="922"
                         HEIGHT="61"
                         WIDTH="496"
                         VPOS="861"
                         HPOS="763">
                  <String HEIGHT="61"
                          WIDTH="175"
                          VPOS="861"
                          HPOS="748"
                          CONTENT="existunt"/>
                  <SP HEIGHT="61" WIDTH="15" VPOS="861" HPOS="923"/>
                  <String HEIGHT="61" WIDTH="88" VPOS="861" HPOS="880" CONTENT="in"/>
                  <SP HEIGHT="61" WIDTH="15" VPOS="861" HPOS="967"/>
                  <String HEIGHT="61"
                          WIDTH="117"
                          VPOS="861"
                          HPOS="923"
                          CONTENT="omni"/>
                  <SP HEIGHT="61" WIDTH="15" VPOS="861" HPOS="1040"/>
                  <String HEIGHT="61"
                          WIDTH="204"
                          VPOS="861"
                          HPOS="996"
                          CONTENT="composito,"/>
                  <SP HEIGHT="61" WIDTH="15" VPOS="861" HPOS="1201"/>
                  <String HEIGHT="61"
                          WIDTH="117"
                          VPOS="861"
                          HPOS="1142"
                          CONTENT="nullum"/>
               </TextLine>
               <TextLine ID="r3l40"
                         BASELINE="962"
                         HEIGHT="54"
                         WIDTH="505"
                         VPOS="908"
                         HPOS="751">
                  <String HEIGHT="54"
                          WIDTH="122"
                          VPOS="908"
                          HPOS="736"
                          CONTENT="enim"/>
                  <SP HEIGHT="54" WIDTH="15" VPOS="908" HPOS="858"/>
                  <String HEIGHT="54"
                          WIDTH="138"
                          VPOS="908"
                          HPOS="812"
                          CONTENT="eorum"/>
                  <SP HEIGHT="54" WIDTH="15" VPOS="908" HPOS="950"/>
                  <String HEIGHT="54" WIDTH="107" VPOS="908" HPOS="904" CONTENT="est"/>
                  <SP HEIGHT="54" WIDTH="15" VPOS="908" HPOS="1011"/>
                  <String HEIGHT="54"
                          WIDTH="230"
                          VPOS="908"
                          HPOS="965"
                          CONTENT="substantia,"/>
                  <SP HEIGHT="54" WIDTH="15" VPOS="908" HPOS="1195"/>
                  <String HEIGHT="54"
                          WIDTH="107"
                          VPOS="908"
                          HPOS="1149"
                          CONTENT="aut"/>
                  <SP HEIGHT="54" WIDTH="15" VPOS="908" HPOS="1256"/>
                  <String HEIGHT="54" WIDTH="61" VPOS="908" HPOS="1195" CONTENT="re"/>
               </TextLine>
               <TextLine ID="r3l42"
                         BASELINE="1014"
                         HEIGHT="58"
                         WIDTH="356"
                         VPOS="956"
                         HPOS="748">
                  <String HEIGHT="58"
                          WIDTH="155"
                          VPOS="956"
                          HPOS="733"
                          CONTENT="latio."/>
                  <SP HEIGHT="58" WIDTH="15" VPOS="956" HPOS="887"/>
                  <String HEIGHT="58" WIDTH="108" VPOS="956" HPOS="841" CONTENT="sed"/>
                  <SP HEIGHT="58" WIDTH="15" VPOS="956" HPOS="949"/>
                  <String HEIGHT="58"
                          WIDTH="217"
                          VPOS="956"
                          HPOS="887"
                          CONTENT="necessarium."/>
               </TextLine>
               <TextLine ID="r3l44"
                         BASELINE="1055"
                         HEIGHT="51"
                         WIDTH="462"
                         VPOS="1004"
                         HPOS="802">
                  <String HEIGHT="51" WIDTH="98" VPOS="1004" HPOS="788" CONTENT="Cum"/>
                  <SP HEIGHT="51" WIDTH="14" VPOS="1004" HPOS="886"/>
                  <String HEIGHT="51"
                          WIDTH="210"
                          VPOS="1004"
                          HPOS="844"
                          CONTENT="declarauit,"/>
                  <SP HEIGHT="51" WIDTH="14" VPOS="1004" HPOS="1054"/>
                  <String HEIGHT="51"
                          WIDTH="112"
                          VPOS="1004"
                          HPOS="1012"
                          CONTENT="quod"/>
                  <SP HEIGHT="51" WIDTH="14" VPOS="1004" HPOS="1124"/>
                  <String HEIGHT="51"
                          WIDTH="196"
                          VPOS="1004"
                          HPOS="1068"
                          CONTENT="impossibile"
                          SUBS_TYPE="HypPart1"
                          SUBS_CONTENT="impossibileest"/>
                  <HYP CONTENT="-"/>
               </TextLine>
               <TextLine ID="r3l46"
                         BASELINE="1082"
                         HEIGHT="33"
                         WIDTH="497"
                         VPOS="1049"
                         HPOS="760">
                  <String HEIGHT="33"
                          WIDTH="102"
                          VPOS="1049"
                          HPOS="745"
                          CONTENT="est"
                          SUBS_TYPE="HypPart2"
                          SUBS_CONTENT="impossibileest"/>
                  <SP HEIGHT="33" WIDTH="15" VPOS="1049" HPOS="848"/>
                  <String HEIGHT="33" WIDTH="88" VPOS="1049" HPOS="804" CONTENT="vt"/>
                  <SP HEIGHT="33" WIDTH="15" VPOS="1049" HPOS="892"/>
                  <String HEIGHT="33"
                          WIDTH="132"
                          VPOS="1049"
                          HPOS="848"
                          CONTENT="decem"/>
                  <SP HEIGHT="33" WIDTH="15" VPOS="1049" HPOS="979"/>
                  <String HEIGHT="33"
                          WIDTH="249"
                          VPOS="1049"
                          HPOS="935"
                          CONTENT="praedicamenta"/>
                  <SP HEIGHT="33" WIDTH="15" VPOS="1049" HPOS="1184"/>
                  <String HEIGHT="33"
                          WIDTH="132"
                          VPOS="1049"
                          HPOS="1125"
                          CONTENT="habeant"/>
               </TextLine>
               <TextLine ID="r3l48"
                         BASELINE="1122"
                         HEIGHT="37"
                         WIDTH="508"
                         VPOS="1085"
                         HPOS="756">
                  <String HEIGHT="37"
                          WIDTH="123"
                          VPOS="1085"
                          HPOS="741"
                          CONTENT="vnum"/>
                  <SP HEIGHT="37" WIDTH="15" VPOS="1085" HPOS="864"/>
                  <String HEIGHT="37"
                          WIDTH="200"
                          VPOS="1085"
                          HPOS="818"
                          CONTENT="elementum"/>
                  <SP HEIGHT="37" WIDTH="15" VPOS="1085" HPOS="1018"/>
                  <String HEIGHT="37"
                          WIDTH="216"
                          VPOS="1085"
                          HPOS="972"
                          CONTENT="sensibile,"/>
                  <SP HEIGHT="37" WIDTH="15" VPOS="1085" HPOS="1187"/>
                  <String HEIGHT="37"
                          WIDTH="123"
                          VPOS="1085"
                          HPOS="1141"
                          CONTENT="vult"/>
                  <SP HEIGHT="37" WIDTH="15" VPOS="1085" HPOS="1264"/>
                  <String HEIGHT="37" WIDTH="62" VPOS="1085" HPOS="1202" CONTENT="de"/>
               </TextLine>
               <TextLine ID="r3l50"
                         BASELINE="1162"
                         HEIGHT="40"
                         WIDTH="502"
                         VPOS="1122"
                         HPOS="758">
                  <String HEIGHT="40"
                          WIDTH="143"
                          VPOS="1122"
                          HPOS="746"
                          CONTENT="clarare,"/>
                  <SP HEIGHT="40" WIDTH="12" VPOS="1122" HPOS="889"/>
                  <String HEIGHT="40"
                          WIDTH="96"
                          VPOS="1122"
                          HPOS="854"
                          CONTENT="quod"/>
                  <SP HEIGHT="40" WIDTH="12" VPOS="1122" HPOS="949"/>
                  <String HEIGHT="40"
                          WIDTH="108"
                          VPOS="1122"
                          HPOS="913"
                          CONTENT="neque"/>
                  <SP HEIGHT="40" WIDTH="12" VPOS="1122" HPOS="1021"/>
                  <String HEIGHT="40"
                          WIDTH="108"
                          VPOS="1122"
                          HPOS="985"
                          CONTENT="etiam"/>
                  <SP HEIGHT="40" WIDTH="12" VPOS="1122" HPOS="1093"/>
                  <String HEIGHT="40"
                          WIDTH="96"
                          VPOS="1122"
                          HPOS="1057"
                          CONTENT="erit"/>
                  <SP HEIGHT="40" WIDTH="12" VPOS="1122" HPOS="1152"/>
                  <String HEIGHT="40" WIDTH="72" VPOS="1122" HPOS="1117" CONTENT="ex"/>
                  <SP HEIGHT="40" WIDTH="12" VPOS="1122" HPOS="1188"/>
                  <String HEIGHT="40"
                          WIDTH="120"
                          VPOS="1122"
                          HPOS="1140"
                          CONTENT="intelle"
                          SUBS_TYPE="HypPart1"
                          SUBS_CONTENT="intellectis"/>
                  <HYP CONTENT="-"/>
               </TextLine>
               <TextLine ID="r3l52"
                         BASELINE="1211"
                         HEIGHT="51"
                         WIDTH="508"
                         VPOS="1160"
                         HPOS="757">
                  <String HEIGHT="51"
                          WIDTH="86"
                          VPOS="1160"
                          HPOS="746"
                          CONTENT="ctis"
                          SUBS_TYPE="HypPart2"
                          SUBS_CONTENT="intellectis"/>
                  <SP HEIGHT="51" WIDTH="11" VPOS="1160" HPOS="833"/>
                  <String HEIGHT="51"
                          WIDTH="184"
                          VPOS="1160"
                          HPOS="800"
                          CONTENT="vniversalibus"/>
                  <SP HEIGHT="51" WIDTH="11" VPOS="1160" HPOS="984"/>
                  <String HEIGHT="51"
                          WIDTH="86"
                          VPOS="1160"
                          HPOS="952"
                          CONTENT="vnum"/>
                  <SP HEIGHT="51" WIDTH="11" VPOS="1160" HPOS="1038"/>
                  <String HEIGHT="51" WIDTH="54" VPOS="1160" HPOS="1006" CONTENT="&amp;"/>
                  <SP HEIGHT="51" WIDTH="11" VPOS="1160" HPOS="1060"/>
                  <String HEIGHT="51"
                          WIDTH="76"
                          VPOS="1160"
                          HPOS="1027"
                          CONTENT="ens"/>
                  <SP HEIGHT="51" WIDTH="11" VPOS="1160" HPOS="1103"/>
                  <String HEIGHT="51" WIDTH="54" VPOS="1160" HPOS="1070" CONTENT="i"/>
                  <SP HEIGHT="51" WIDTH="11" VPOS="1160" HPOS="1124"/>
                  <String HEIGHT="51" WIDTH="65" VPOS="1160" HPOS="1092" CONTENT="it"/>
                  <SP HEIGHT="51" WIDTH="11" VPOS="1160" HPOS="1157"/>
                  <String HEIGHT="51"
                          WIDTH="86"
                          VPOS="1160"
                          HPOS="1124"
                          CONTENT="quod"/>
                  <SP HEIGHT="51" WIDTH="11" VPOS="1160" HPOS="1211"/>
                  <String HEIGHT="51"
                          WIDTH="76"
                          VPOS="1160"
                          HPOS="1179"
                          CONTENT="non"/>
                  <SP HEIGHT="51" WIDTH="11" VPOS="1160" HPOS="1254"/>
                  <String HEIGHT="51"
                          WIDTH="54"
                          VPOS="1160"
                          HPOS="1211"
                          CONTENT="po"
                          SUBS_TYPE="HypPart1"
                          SUBS_CONTENT="potest"/>
                  <HYP CONTENT="-"/>
               </TextLine>
               <TextLine ID="r3l54"
                         BASELINE="1251"
                         HEIGHT="52"
                         WIDTH="496"
                         VPOS="1199"
                         HPOS="756">
                  <String HEIGHT="52"
                          WIDTH="110"
                          VPOS="1199"
                          HPOS="742"
                          CONTENT="test"
                          SUBS_TYPE="HypPart2"
                          SUBS_CONTENT="potest"/>
                  <SP HEIGHT="52" WIDTH="14" VPOS="1199" HPOS="852"/>
                  <String HEIGHT="52"
                          WIDTH="152"
                          VPOS="1199"
                          HPOS="811"
                          CONTENT="aliquis"/>
                  <SP HEIGHT="52" WIDTH="14" VPOS="1199" HPOS="963"/>
                  <String HEIGHT="52"
                          WIDTH="152"
                          VPOS="1199"
                          HPOS="921"
                          CONTENT="dicere,"/>
                  <SP HEIGHT="52" WIDTH="14" VPOS="1199" HPOS="1073"/>
                  <String HEIGHT="52"
                          WIDTH="110"
                          VPOS="1199"
                          HPOS="1032"
                          CONTENT="quod"/>
                  <SP HEIGHT="52" WIDTH="14" VPOS="1199" HPOS="1142"/>
                  <String HEIGHT="52"
                          WIDTH="110"
                          VPOS="1199"
                          HPOS="1100"
                          CONTENT="vnum"/>
                  <SP HEIGHT="52" WIDTH="14" VPOS="1199" HPOS="1211"/>
                  <String HEIGHT="52" WIDTH="69" VPOS="1199" HPOS="1169" CONTENT="&amp;"/>
                  <SP HEIGHT="52" WIDTH="14" VPOS="1199" HPOS="1238"/>
                  <String HEIGHT="52"
                          WIDTH="69"
                          VPOS="1199"
                          HPOS="1183"
                          CONTENT="ens"/>
               </TextLine>
               <TextLine ID="r3l56"
                         BASELINE="1291"
                         HEIGHT="55"
                         WIDTH="501"
                         VPOS="1236"
                         HPOS="757">
                  <String HEIGHT="55"
                          WIDTH="105"
                          VPOS="1236"
                          HPOS="744"
                          CONTENT="sunt"/>
                  <SP HEIGHT="55" WIDTH="13" VPOS="1236" HPOS="849"/>
                  <String HEIGHT="55"
                          WIDTH="132"
                          VPOS="1236"
                          HPOS="810"
                          CONTENT="genera"/>
                  <SP HEIGHT="55" WIDTH="13" VPOS="1236" HPOS="942"/>
                  <String HEIGHT="55" WIDTH="66" VPOS="1236" HPOS="902" CONTENT="&amp;"/>
                  <SP HEIGHT="55" WIDTH="13" VPOS="1236" HPOS="968"/>
                  <String HEIGHT="55"
                          WIDTH="158"
                          VPOS="1236"
                          HPOS="928"
                          CONTENT="elementa"/>
                  <SP HEIGHT="55" WIDTH="13" VPOS="1236" HPOS="1087"/>
                  <String HEIGHT="55"
                          WIDTH="158"
                          VPOS="1236"
                          HPOS="1047"
                          CONTENT="istorum,"/>
                  <SP HEIGHT="55" WIDTH="13" VPOS="1236" HPOS="1205"/>
                  <String HEIGHT="55" WIDTH="66" VPOS="1236" HPOS="1166" CONTENT="&amp;"/>
                  <SP HEIGHT="55" WIDTH="13" VPOS="1236" HPOS="1232"/>
                  <String HEIGHT="55"
                          WIDTH="79"
                          VPOS="1236"
                          HPOS="1179"
                          CONTENT="quod"/>
               </TextLine>
               <TextLine ID="r3l58"
                         BASELINE="1314"
                         HEIGHT="37"
                         WIDTH="501"
                         VPOS="1277"
                         HPOS="756">
                  <String HEIGHT="37"
                          WIDTH="111"
                          VPOS="1277"
                          HPOS="742"
                          CONTENT="sunt"/>
                  <SP HEIGHT="37" WIDTH="14" VPOS="1277" HPOS="853"/>
                  <String HEIGHT="37"
                          WIDTH="195"
                          VPOS="1277"
                          HPOS="812"
                          CONTENT="extrinseca"/>
                  <SP HEIGHT="37" WIDTH="14" VPOS="1277" HPOS="1007"/>
                  <String HEIGHT="37" WIDTH="84" VPOS="1277" HPOS="965" CONTENT="ab"/>
                  <SP HEIGHT="37" WIDTH="14" VPOS="1277" HPOS="1048"/>
                  <String HEIGHT="37"
                          WIDTH="111"
                          VPOS="1277"
                          HPOS="1006"
                          CONTENT="eis."/>
                  <SP HEIGHT="37" WIDTH="14" VPOS="1277" HPOS="1118"/>
                  <String HEIGHT="37" WIDTH="70" VPOS="1277" HPOS="1076" CONTENT="&amp;"/>
                  <SP HEIGHT="37" WIDTH="14" VPOS="1277" HPOS="1146"/>
                  <String HEIGHT="37"
                          WIDTH="97"
                          VPOS="1277"
                          HPOS="1104"
                          CONTENT="hoc"/>
                  <SP HEIGHT="37" WIDTH="14" VPOS="1277" HPOS="1201"/>
                  <String HEIGHT="37"
                          WIDTH="111"
                          VPOS="1277"
                          HPOS="1146"
                          CONTENT="inten"
                          SUBS_TYPE="HypPart1"
                          SUBS_CONTENT="intendebat,"/>
                  <HYP CONTENT="-"/>
               </TextLine>
               <TextLine ID="r3l60"
                         BASELINE="1362"
                         HEIGHT="46"
                         WIDTH="506"
                         VPOS="1316"
                         HPOS="752">
                  <String HEIGHT="46"
                          WIDTH="130"
                          VPOS="1316"
                          HPOS="739"
                          CONTENT="debat,"
                          SUBS_TYPE="HypPart2"
                          SUBS_CONTENT="intendebat,"/>
                  <SP HEIGHT="46" WIDTH="13" VPOS="1316" HPOS="869"/>
                  <String HEIGHT="46" WIDTH="91" VPOS="1316" HPOS="830" CONTENT="cum"/>
                  <SP HEIGHT="46" WIDTH="13" VPOS="1316" HPOS="921"/>
                  <String HEIGHT="46"
                          WIDTH="130"
                          VPOS="1316"
                          HPOS="882"
                          CONTENT="dicit:"/>
                  <SP HEIGHT="46" WIDTH="13" VPOS="1316" HPOS="1011"/>
                  <String HEIGHT="46"
                          WIDTH="117"
                          VPOS="1316"
                          HPOS="973"
                          CONTENT="Neque"/>
                  <SP HEIGHT="46" WIDTH="13" VPOS="1316" HPOS="1089"/>
                  <String HEIGHT="46"
                          WIDTH="117"
                          VPOS="1316"
                          HPOS="1050"
                          CONTENT="etita"/>
                  <SP HEIGHT="46" WIDTH="13" VPOS="1316" HPOS="1167"/>
                  <String HEIGHT="46" WIDTH="78" VPOS="1316" HPOS="1128" CONTENT="ex"/>
                  <SP HEIGHT="46" WIDTH="13" VPOS="1316" HPOS="1206"/>
                  <String HEIGHT="46"
                          WIDTH="104"
                          VPOS="1316"
                          HPOS="1154"
                          CONTENT="elemen"/>
               </TextLine>
               <TextLine ID="r3l62"
                         BASELINE="1395"
                         HEIGHT="39"
                         WIDTH="492"
                         VPOS="1356"
                         HPOS="758">
                  <String HEIGHT="39"
                          WIDTH="101"
                          VPOS="1356"
                          HPOS="745"
                          CONTENT="tis,"/>
                  <SP HEIGHT="39" WIDTH="13" VPOS="1356" HPOS="846"/>
                  <String HEIGHT="39" WIDTH="88" VPOS="1356" HPOS="808" CONTENT="&amp;c."/>
                  <SP HEIGHT="39" WIDTH="13" VPOS="1356" HPOS="897"/>
                  <String HEIGHT="39"
                          WIDTH="101"
                          VPOS="1356"
                          HPOS="859"
                          CONTENT="D.d."/>
                  <SP HEIGHT="39" WIDTH="13" VPOS="1356" HPOS="960"/>
                  <String HEIGHT="39"
                          WIDTH="101"
                          VPOS="1356"
                          HPOS="922"
                          CONTENT="haec"/>
                  <SP HEIGHT="39" WIDTH="13" VPOS="1356" HPOS="1023"/>
                  <String HEIGHT="39"
                          WIDTH="101"
                          VPOS="1356"
                          HPOS="985"
                          CONTENT="enim"/>
                  <SP HEIGHT="39" WIDTH="13" VPOS="1356" HPOS="1086"/>
                  <String HEIGHT="39"
                          WIDTH="88"
                          VPOS="1356"
                          HPOS="1048"
                          CONTENT="duo"/>
                  <SP HEIGHT="39" WIDTH="13" VPOS="1356" HPOS="1136"/>
                  <String HEIGHT="39"
                          WIDTH="151"
                          VPOS="1356"
                          HPOS="1099"
                          CONTENT="existunt"/>
                  <SP HEIGHT="39" WIDTH="13" VPOS="1356" HPOS="1250"/>
                  <String HEIGHT="39" WIDTH="50" VPOS="1356" HPOS="1200" CONTENT="in"/>
               </TextLine>
               <TextLine ID="r3l64"
                         BASELINE="1442"
                         HEIGHT="43"
                         WIDTH="501"
                         VPOS="1399"
                         HPOS="756">
                  <String HEIGHT="43"
                          WIDTH="121"
                          VPOS="1399"
                          HPOS="741"
                          CONTENT="omni"/>
                  <SP HEIGHT="43" WIDTH="15" VPOS="1399" HPOS="862"/>
                  <String HEIGHT="43"
                          WIDTH="213"
                          VPOS="1399"
                          HPOS="817"
                          CONTENT="composito."/>
                  <SP HEIGHT="43" WIDTH="15" VPOS="1399" HPOS="1029"/>
                  <String HEIGHT="43" WIDTH="91" VPOS="1399" HPOS="984" CONTENT="Et"/>
                  <SP HEIGHT="43" WIDTH="15" VPOS="1399" HPOS="1075"/>
                  <String HEIGHT="43"
                          WIDTH="137"
                          VPOS="1399"
                          HPOS="1029"
                          CONTENT="Alex."/>
                  <SP HEIGHT="43" WIDTH="15" VPOS="1399" HPOS="1166"/>
                  <String HEIGHT="43"
                          WIDTH="152"
                          VPOS="1399"
                          HPOS="1105"
                          CONTENT="exposuit"/>
               </TextLine>
               <TextLine ID="r3l66"
                         BASELINE="1474"
                         HEIGHT="40"
                         WIDTH="503"
                         VPOS="1434"
                         HPOS="754">
                  <String HEIGHT="40"
                          WIDTH="130"
                          VPOS="1434"
                          HPOS="738"
                          CONTENT="hunc"/>
                  <SP HEIGHT="40" WIDTH="16" VPOS="1434" HPOS="868"/>
                  <String HEIGHT="40"
                          WIDTH="195"
                          VPOS="1434"
                          HPOS="819"
                          CONTENT="sermonem"/>
                  <SP HEIGHT="40" WIDTH="16" VPOS="1434" HPOS="1014"/>
                  <String HEIGHT="40"
                          WIDTH="162"
                          VPOS="1434"
                          HPOS="965"
                          CONTENT="duobus"/>
                  <SP HEIGHT="40" WIDTH="16" VPOS="1434" HPOS="1127"/>
                  <String HEIGHT="40"
                          WIDTH="146"
                          VPOS="1434"
                          HPOS="1079"
                          CONTENT="modis"/>
                  <SP HEIGHT="40" WIDTH="16" VPOS="1434" HPOS="1225"/>
                  <String HEIGHT="40"
                          WIDTH="97"
                          VPOS="1434"
                          HPOS="1160"
                          CONTENT="sic."/>
               </TextLine>
               <TextLine ID="r3l68"
                         BASELINE="1522"
                         HEIGHT="46"
                         WIDTH="504"
                         VPOS="1476"
                         HPOS="754">
                  <String HEIGHT="46"
                          WIDTH="104"
                          VPOS="1476"
                          HPOS="739"
                          CONTENT="Ens"/>
                  <SP HEIGHT="46" WIDTH="15" VPOS="1476" HPOS="843"/>
                  <String HEIGHT="46"
                          WIDTH="119"
                          VPOS="1476"
                          HPOS="798"
                          CONTENT="enim"/>
                  <SP HEIGHT="46" WIDTH="15" VPOS="1476" HPOS="917"/>
                  <String HEIGHT="46" WIDTH="74" VPOS="1476" HPOS="873" CONTENT="&amp;"/>
                  <SP HEIGHT="46" WIDTH="15" VPOS="1476" HPOS="947"/>
                  <String HEIGHT="46"
                          WIDTH="119"
                          VPOS="1476"
                          HPOS="902"
                          CONTENT="vnum"/>
                  <SP HEIGHT="46" WIDTH="15" VPOS="1476" HPOS="1021"/>
                  <String HEIGHT="46"
                          WIDTH="208"
                          VPOS="1476"
                          HPOS="976"
                          CONTENT="demonstrat"/>
                  <SP HEIGHT="46" WIDTH="15" VPOS="1476" HPOS="1184"/>
                  <String HEIGHT="46"
                          WIDTH="133"
                          VPOS="1476"
                          HPOS="1125"
                          CONTENT="simpli"
                          SUBS_TYPE="HypPart1"
                          SUBS_CONTENT="simplicia"/>
                  <HYP CONTENT="-"/>
               </TextLine>
               <TextLine ID="r3l70"
                         BASELINE="1554"
                         HEIGHT="38"
                         WIDTH="500"
                         VPOS="1516"
                         HPOS="755">
                  <String HEIGHT="38"
                          WIDTH="92"
                          VPOS="1516"
                          HPOS="742"
                          CONTENT="cia"
                          SUBS_TYPE="HypPart2"
                          SUBS_CONTENT="simplicia"/>
                  <SP HEIGHT="38" WIDTH="13" VPOS="1516" HPOS="834"/>
                  <String HEIGHT="38"
                          WIDTH="118"
                          VPOS="1516"
                          HPOS="794"
                          CONTENT="sicut"/>
                  <SP HEIGHT="38" WIDTH="13" VPOS="1516" HPOS="913"/>
                  <String HEIGHT="38"
                          WIDTH="184"
                          VPOS="1516"
                          HPOS="873"
                          CONTENT="composita."/>
                  <SP HEIGHT="38" WIDTH="13" VPOS="1516" HPOS="1058"/>
                  <String HEIGHT="38" WIDTH="79" VPOS="1516" HPOS="1018" CONTENT="si"/>
                  <SP HEIGHT="38" WIDTH="13" VPOS="1516" HPOS="1097"/>
                  <String HEIGHT="38"
                          WIDTH="132"
                          VPOS="1516"
                          HPOS="1058"
                          CONTENT="igitur"/>
                  <SP HEIGHT="38" WIDTH="13" VPOS="1516" HPOS="1189"/>
                  <String HEIGHT="38"
                          WIDTH="118"
                          VPOS="1516"
                          HPOS="1137"
                          CONTENT="elemen"
                          SUBS_TYPE="HypPart1"
                          SUBS_CONTENT="elementum"/>
                  <HYP CONTENT="-"/>
               </TextLine>
               <TextLine ID="r3l72"
                         BASELINE="1603"
                         HEIGHT="47"
                         WIDTH="504"
                         VPOS="1556"
                         HPOS="749">
                  <String HEIGHT="47"
                          WIDTH="110"
                          VPOS="1556"
                          HPOS="733"
                          CONTENT="tum"
                          SUBS_TYPE="HypPart2"
                          SUBS_CONTENT="elementum"/>
                  <SP HEIGHT="47" WIDTH="16" VPOS="1556" HPOS="844"/>
                  <String HEIGHT="47"
                          WIDTH="110"
                          VPOS="1556"
                          HPOS="796"
                          CONTENT="est"/>
                  <SP HEIGHT="47" WIDTH="16" VPOS="1556" HPOS="907"/>
                  <String HEIGHT="47"
                          WIDTH="126"
                          VPOS="1556"
                          HPOS="859"
                          CONTENT="vnum"/>
                  <SP HEIGHT="47" WIDTH="16" VPOS="1556" HPOS="985"/>
                  <String HEIGHT="47" WIDTH="79" VPOS="1556" HPOS="938" CONTENT="&amp;"/>
                  <SP HEIGHT="47" WIDTH="16" VPOS="1556" HPOS="1017"/>
                  <String HEIGHT="47"
                          WIDTH="126"
                          VPOS="1556"
                          HPOS="970"
                          CONTENT="ens,"/>
                  <SP HEIGHT="47" WIDTH="16" VPOS="1556" HPOS="1096"/>
                  <String HEIGHT="47"
                          WIDTH="126"
                          VPOS="1556"
                          HPOS="1048"
                          CONTENT="tunc"/>
                  <SP HEIGHT="47" WIDTH="16" VPOS="1556" HPOS="1174"/>
                  <String HEIGHT="47"
                          WIDTH="142"
                          VPOS="1556"
                          HPOS="1111"
                          CONTENT="simplex"/>
               </TextLine>
               <TextLine ID="r3l74"
                         BASELINE="1644"
                         HEIGHT="54"
                         WIDTH="508"
                         VPOS="1590"
                         HPOS="749">
                  <String HEIGHT="54"
                          WIDTH="108"
                          VPOS="1590"
                          HPOS="734"
                          CONTENT="non"/>
                  <SP HEIGHT="54" WIDTH="15" VPOS="1590" HPOS="841"/>
                  <String HEIGHT="54"
                          WIDTH="108"
                          VPOS="1590"
                          HPOS="795"
                          CONTENT="est"/>
                  <SP HEIGHT="54" WIDTH="15" VPOS="1590" HPOS="903"/>
                  <String HEIGHT="54"
                          WIDTH="139"
                          VPOS="1590"
                          HPOS="857"
                          CONTENT="magis"/>
                  <SP HEIGHT="54" WIDTH="15" VPOS="1590" HPOS="995"/>
                  <String HEIGHT="54"
                          WIDTH="200"
                          VPOS="1590"
                          HPOS="949"
                          CONTENT="elementum"/>
                  <SP HEIGHT="54" WIDTH="15" VPOS="1590" HPOS="1149"/>
                  <String HEIGHT="54"
                          WIDTH="169"
                          VPOS="1590"
                          HPOS="1088"
                          CONTENT="compositi"/>
               </TextLine>
               <TextLine ID="r3l76"
                         BASELINE="1683"
                         HEIGHT="54"
                         WIDTH="488"
                         VPOS="1629"
                         HPOS="759">
                  <String HEIGHT="54"
                          WIDTH="100"
                          VPOS="1629"
                          HPOS="745"
                          CONTENT="qua"/>
                  <SP HEIGHT="54" WIDTH="14" VPOS="1629" HPOS="845"/>
                  <String HEIGHT="54"
                          WIDTH="201"
                          VPOS="1629"
                          HPOS="802"
                          CONTENT="compositum"/>
                  <SP HEIGHT="54" WIDTH="14" VPOS="1629" HPOS="1003"/>
                  <String HEIGHT="54"
                          WIDTH="201"
                          VPOS="1629"
                          HPOS="960"
                          CONTENT="simplicis:"/>
                  <SP HEIGHT="54" WIDTH="14" VPOS="1629" HPOS="1161"/>
                  <String HEIGHT="54"
                          WIDTH="144"
                          VPOS="1629"
                          HPOS="1103"
                          CONTENT="vtrunque"/>
               </TextLine>
               <TextLine ID="r3l78"
                         BASELINE="1714"
                         HEIGHT="45"
                         WIDTH="492"
                         VPOS="1669"
                         HPOS="757">
                  <String HEIGHT="45"
                          WIDTH="116"
                          VPOS="1669"
                          HPOS="743"
                          CONTENT="enim"/>
                  <SP HEIGHT="45" WIDTH="14" VPOS="1669" HPOS="858"/>
                  <String HEIGHT="45"
                          WIDTH="101"
                          VPOS="1669"
                          HPOS="815"
                          CONTENT="est"/>
                  <SP HEIGHT="45" WIDTH="14" VPOS="1669" HPOS="916"/>
                  <String HEIGHT="45"
                          WIDTH="116"
                          VPOS="1669"
                          HPOS="873"
                          CONTENT="vnum"/>
                  <SP HEIGHT="45" WIDTH="14" VPOS="1669" HPOS="989"/>
                  <String HEIGHT="45" WIDTH="72" VPOS="1669" HPOS="945" CONTENT="&amp;"/>
                  <SP HEIGHT="45" WIDTH="14" VPOS="1669" HPOS="1017"/>
                  <String HEIGHT="45"
                          WIDTH="116"
                          VPOS="1669"
                          HPOS="974"
                          CONTENT="ens."/>
                  <SP HEIGHT="45" WIDTH="14" VPOS="1669" HPOS="1090"/>
                  <String HEIGHT="45"
                          WIDTH="101"
                          VPOS="1669"
                          HPOS="1046"
                          CONTENT="Aut"/>
                  <SP HEIGHT="45" WIDTH="14" VPOS="1669" HPOS="1148"/>
                  <String HEIGHT="45"
                          WIDTH="116"
                          VPOS="1669"
                          HPOS="1104"
                          CONTENT="sic:"/>
                  <SP HEIGHT="45" WIDTH="14" VPOS="1669" HPOS="1220"/>
                  <String HEIGHT="45"
                          WIDTH="87"
                          VPOS="1669"
                          HPOS="1162"
                          CONTENT="Con"
                          SUBS_TYPE="HypPart1"
                          SUBS_CONTENT="Contingit"/>
                  <HYP CONTENT="-"/>
               </TextLine>
               <TextLine ID="r3l80"
                         BASELINE="1761"
                         HEIGHT="52"
                         WIDTH="489"
                         VPOS="1709"
                         HPOS="752">
                  <String HEIGHT="52"
                          WIDTH="158"
                          VPOS="1709"
                          HPOS="736"
                          CONTENT="tingit"
                          SUBS_TYPE="HypPart2"
                          SUBS_CONTENT="Contingit"/>
                  <SP HEIGHT="52" WIDTH="16" VPOS="1709" HPOS="894"/>
                  <String HEIGHT="52"
                          WIDTH="126"
                          VPOS="1709"
                          HPOS="847"
                          CONTENT="enim"/>
                  <SP HEIGHT="52" WIDTH="16" VPOS="1709" HPOS="973"/>
                  <String HEIGHT="52" WIDTH="95" VPOS="1709" HPOS="926" CONTENT="vt"/>
                  <SP HEIGHT="52" WIDTH="16" VPOS="1709" HPOS="1020"/>
                  <String HEIGHT="52"
                          WIDTH="221"
                          VPOS="1709"
                          HPOS="973"
                          CONTENT="compositum"/>
                  <SP HEIGHT="52" WIDTH="16" VPOS="1709" HPOS="1194"/>
                  <String HEIGHT="52" WIDTH="79" VPOS="1709" HPOS="1146" CONTENT="&amp;"/>
                  <SP HEIGHT="52" WIDTH="16" VPOS="1709" HPOS="1225"/>
                  <String HEIGHT="52"
                          WIDTH="79"
                          VPOS="1709"
                          HPOS="1162"
                          CONTENT="sim"/>
               </TextLine>
               <TextLine ID="r3l82"
                         BASELINE="1795"
                         HEIGHT="48"
                         WIDTH="488"
                         VPOS="1747"
                         HPOS="756">
                  <String HEIGHT="48"
                          WIDTH="118"
                          VPOS="1747"
                          HPOS="741"
                          CONTENT="plex"/>
                  <SP HEIGHT="48" WIDTH="15" VPOS="1747" HPOS="860"/>
                  <String HEIGHT="48"
                          WIDTH="104"
                          VPOS="1747"
                          HPOS="815"
                          CONTENT="sit"/>
                  <SP HEIGHT="48" WIDTH="15" VPOS="1747" HPOS="919"/>
                  <String HEIGHT="48"
                          WIDTH="133"
                          VPOS="1747"
                          HPOS="874"
                          CONTENT="idem,"/>
                  <SP HEIGHT="48" WIDTH="15" VPOS="1747" HPOS="1007"/>
                  <String HEIGHT="48"
                          WIDTH="104"
                          VPOS="1747"
                          HPOS="963"
                          CONTENT="cum"/>
                  <SP HEIGHT="48" WIDTH="15" VPOS="1747" HPOS="1067"/>
                  <String HEIGHT="48"
                          WIDTH="104"
                          VPOS="1747"
                          HPOS="1022"
                          CONTENT="hoc"/>
                  <SP HEIGHT="48" WIDTH="15" VPOS="1747" HPOS="1126"/>
                  <String HEIGHT="48"
                          WIDTH="133"
                          VPOS="1747"
                          HPOS="1081"
                          CONTENT="nomen"/>
                  <SP HEIGHT="48" WIDTH="15" VPOS="1747" HPOS="1214"/>
                  <String HEIGHT="48"
                          WIDTH="89"
                          VPOS="1747"
                          HPOS="1155"
                          CONTENT="vnum"/>
               </TextLine>
               <TextLine ID="r3l84"
                         BASELINE="1827"
                         HEIGHT="38"
                         WIDTH="496"
                         VPOS="1789"
                         HPOS="756">
                  <String HEIGHT="38"
                          WIDTH="131"
                          VPOS="1789"
                          HPOS="741"
                          CONTENT="eodem"/>
                  <SP HEIGHT="38" WIDTH="15" VPOS="1789" HPOS="873"/>
                  <String HEIGHT="38"
                          WIDTH="117"
                          VPOS="1789"
                          HPOS="829"
                          CONTENT="modo"/>
                  <SP HEIGHT="38" WIDTH="15" VPOS="1789" HPOS="946"/>
                  <String HEIGHT="38"
                          WIDTH="160"
                          VPOS="1789"
                          HPOS="902"
                          CONTENT="dicatur"/>
                  <SP HEIGHT="38" WIDTH="15" VPOS="1789" HPOS="1062"/>
                  <String HEIGHT="38" WIDTH="88" VPOS="1789" HPOS="1019" CONTENT="de"/>
                  <SP HEIGHT="38" WIDTH="15" VPOS="1789" HPOS="1106"/>
                  <String HEIGHT="38"
                          WIDTH="117"
                          VPOS="1789"
                          HPOS="1062"
                          CONTENT="eis."/>
                  <SP HEIGHT="38" WIDTH="15" VPOS="1789" HPOS="1179"/>
                  <String HEIGHT="38"
                          WIDTH="117"
                          VPOS="1789"
                          HPOS="1135"
                          CONTENT="D.d."/>
                  <SP HEIGHT="38" WIDTH="15" VPOS="1789" HPOS="1252"/>
                  <String HEIGHT="38" WIDTH="73" VPOS="1789" HPOS="1208" CONTENT="&amp;"/>
                  <SP HEIGHT="38" WIDTH="15" VPOS="1789" HPOS="1281"/>
                  <String HEIGHT="38" WIDTH="29" VPOS="1789" HPOS="1223" CONTENT=""/>
               </TextLine>
               <TextLine ID="r3l87"
                         BASELINE="1874"
                         HEIGHT="45"
                         WIDTH="510"
                         VPOS="1829"
                         HPOS="746">
                  <String HEIGHT="45"
                          WIDTH="165"
                          VPOS="1829"
                          HPOS="730"
                          CONTENT="nullum"/>
                  <SP HEIGHT="45" WIDTH="16" VPOS="1829" HPOS="894"/>
                  <String HEIGHT="45"
                          WIDTH="148"
                          VPOS="1829"
                          HPOS="845"
                          CONTENT="eorum"/>
                  <SP HEIGHT="45" WIDTH="16" VPOS="1829" HPOS="993"/>
                  <String HEIGHT="45"
                          WIDTH="115"
                          VPOS="1829"
                          HPOS="943"
                          CONTENT="est"/>
                  <SP HEIGHT="45" WIDTH="16" VPOS="1829" HPOS="1059"/>
                  <String HEIGHT="45"
                          WIDTH="230"
                          VPOS="1829"
                          HPOS="1009"
                          CONTENT="substantia"/>
                  <SP HEIGHT="45" WIDTH="16" VPOS="1829" HPOS="1240"/>
                  <String HEIGHT="45"
                          WIDTH="82"
                          VPOS="1829"
                          HPOS="1174"
                          CONTENT="aut"/>
               </TextLine>
            </TextBlock>
         </PrintSpace>
      </Page>
   </Layout>
</alto>
