1475 2066
195 141 167 45 relatio,
321 141 98 45 sed
376 141 223 45 necessarium,
558 141 70 45 &
586 141 126 45 Alex.
655 141 70 45 di-

205 188 99 44 cit,
267 188 99 44 quod
328 188 136 44 oportet
427 188 173 44 coniungere
564 188 124 44 instum
638 188 74 44 ser-

211 219 104 47 monem
281 219 69 47 ad
316 219 116 47 illud,
397 219 93 47 quod
455 219 104 47 dixit
524 219 104 47 prius
594 219 139 47 scilicet
686 219 35 47 &

204 261 105 36 estm
269 261 92 36 quo
322 261 105 36 modo
387 261 92 36 est
439 261 170 36 possibile
570 261 131 36 dicere
649 261 65 36 ea-

196 298 111 40 dem
260 298 127 40 esse
339 298 190 40 elementa
481 298 174 40 omnium:
592 298 127 40 nullum

208 337 91 46 enim
265 337 183 46 elementorum,
413 337 80 46 &c.
459 337 68 46 i.
493 337 114 46 dicit,
573 337 126 46 quoniam
653 337 68 46 hoc,

204 376 105 42 quod
270 376 131 42 dicit,
361 376 131 42 nullum
453 376 105 42 enim
519 376 118 42 eorum
598 376 92 42 est
637 376 79 42 sub-

200 410 148 49 stantia
307 410 94 49 aut
361 410 162 49 relatio,
482 410 202 49 consequitur
644 410 108 49 hunc

201 453 163 45 sermonem:
327 453 138 45 quoniam
427 453 113 45 sermo
502 453 100 45 eius
565 453 88 45 est
615 453 75 45 de
640 453 75 45 ele-

200 500 155 45 mentis.
313 500 85 45 Et
355 500 141 45 dicit,
453 500 70 45 &
482 500 169 45 intendit
608 500 99 45 per
651 500 70 45 hoc

204 533 105 45 quod
270 533 132 45 dixit,
362 533 132 45 nullum
454 533 105 45 enim
520 533 118 45 eorum
599 533 92 45 est
638 533 79 45 sub-

204 573 152 45 stantia
314 573 96 45 aut
370 573 165 45 relatio.
494 573 96 45 sed
535 573 179 45 necessarium

210 615 122 56 quod,
292 615 81 56 si
332 615 108 56 vnum
400 615 68 56 &
427 615 95 56 ens
481 615 149 56 fuerint
575 615 149 56 elementum

204 652 217 38 substantiae
377 652 72 38 &
406 652 217 38 relationis:
565 652 159 38 elementum

209 700 138 30 autem
301 700 107 30 non
362 700 107 30 est
423 700 122 30 idem
499 700 107 30 cum
561 700 107 30 suo
607 700 122 30 elemen

193 730 137 47 tato:
284 730 121 47 tunc
360 730 212 47 substantia
527 730 76 47 &
557 730 182 47 relatio,
678 730 46 47 &

208 773 117 44 alia
281 773 248 44 praedicamenta
486 773 102 44 non
544 773 131 44 erunt
617 773 102 44 vnum,

206 818 117 33 neque
284 818 104 33 ens,
349 818 65 33 &
375 818 78 33 si
414 818 130 33 nullum
505 818 117 33 eorum
583 818 130 33 fuerit
661 818 65 33 aut

205 849 132 41 vnum
288 849 116 41 aut
354 849 132 41 ens,
437 849 165 41 nullum
553 849 149 41 eorum
635 849 83 41 eri

203 885 121 45 neque
283 885 202 45 substantia,
445 885 121 45 neque
525 885 161 45 relatio,
633 885 94 45 neque

209 927 100 43 alia,
275 927 89 43 quod
331 927 89 43 enim
386 927 78 43 est
431 927 78 43 non
475 927 89 43 ens,
530 927 78 43 non
575 927 89 43 est.
630 927 78 43 sed
664 927 55 43 non

209 973 203 34 cessarium
365 973 125 34 est,
443 973 94 34 vt
490 973 109 34 hoc
552 973 140 34 nomen
630 973 94 34 vnum

212 1006 156 51 dicatur
325 1006 85 51 de
368 1006 170 51 omnibus.
496 1006 142 51 Dixit:
595 1006 85 51 Et
624 1006 99 51 possi

209 1047 101 39 bile
273 1047 89 39 est
323 1047 76 39 vt
361 1047 101 39 hoc,
424 1047 101 39 quod
488 1047 127 39 dicit,
576 1047 127 39 nullum
652 1047 76 39 enim

206 1083 125 47 eorum
290 1083 97 47 est
345 1083 195 47 substantia
498 1083 97 47 aut
554 1083 167 47 relatio,
665 1083 56 47 si

216 1125 80 45 de
256 1125 93 45 vno
309 1125 67 45 &
336 1125 80 45 de
376 1125 120 45 ente,
456 1125 80 45 si
496 1125 147 45 aliquis
589 1125 134 45 dixerit.

215 1172 104 40 quod
280 1172 142 40 aliquid
383 1172 142 40 istorum
487 1172 129 40 duorum
578 1172 91 40 est
616 1172 104 40 elemen

207 1205 100 48 tum
264 1205 243 48 compositorum.
464 1205 114 48 haec
535 1205 114 48 enim
607 1205 100 48 duo
650 1205 71 48 in-

208 1244 143 54 digent
308 1244 86 54 ad
351 1244 100 54 hoc
408 1244 86 54 vt
451 1244 100 54 non
508 1244 115 54 sint
580 1244 129 54 eadem
651 1244 72 54 cum

207 1285 107 50 eis,
273 1285 107 50 quae
340 1285 120 50 fiunt
420 1285 80 50 ex
460 1285 107 50 eis,
526 1285 80 50 vt
566 1285 93 50 non
619 1285 107 50 sint
673 1285 53 50 in

193 1322 159 53 aliquo
305 1322 175 53 istorum
432 1322 191 53 generum.
576 1322 112 53 sed
623 1322 96 53 vnum

210 1365 172 49 quodque
335 1365 172 49 istorum
460 1365 172 49 generum
585 1365 109 49 est
632 1365 94 49 vnum

210 1400 72 43 &
238 1400 115 43 ens.
310 1400 72 43 &
339 1400 115 43 ideo
411 1400 130 43 neque
498 1400 115 43 vnum
570 1400 115 43 erit
627 1400 101 43 talis

212 1439 230 43 dispositionis
402 1439 122 43 sicut
483 1439 122 43 vnum,
565 1439 108 43 quod
632 1439 95 43 est
673 1439 54 43 in

210 1479 124 53 istis,
296 1479 112 53 neque
371 1479 99 53 ens.
433 1479 87 53 sed
482 1479 87 53 est
532 1479 198 53 impossibile,
680 1479 50 53 vt

209 1519 117 43 vnum
282 1519 73 43 &
312 1519 102 43 ens
370 1519 117 43 sint
443 1519 204 43 extrinseca
603 1519 73 43 a
618 1519 102 43 decen

214 1557 104 56 gener
284 1557 92 56 bus:
341 1557 81 56 sed
387 1557 127 56 necesse
480 1557 81 56 est
526 1557 104 56 quod,
595 1557 69 56 si
618 1557 104 56 aliquid

205 1598 115 44 fuerit
286 1598 81 44 ens
332 1598 58 44 &
356 1598 104 44 vnum,
425 1598 69 44 vt
459 1598 81 44 sit
506 1598 69 44 in
540 1598 115 44 istis,
610 1598 115 44 quoniam,

206 1635 82 53 si
247 1635 191 53 elementata
397 1635 109 53 sunt
466 1635 191 53 substantia
616 1635 68 53 &
629 1635 82 53 quam

211 1681 115 42 titas
288 1681 64 42 &
314 1681 154 42 qualitas
429 1681 90 42 aut
480 1681 115 42 aliud
557 1681 154 42 aliorum:
659 1681 64 42 ele

207 1724 144 39 menta
303 1724 144 39 autem
399 1724 128 39 sunt
478 1724 208 39 animalia:
622 1724 96 39 tunc

209 1757 141 39 nullum
308 1757 155 39 istorum
421 1757 113 39 erit
491 1757 113 39 ens,
562 1757 127 39 neque
632 1757 85 39 sub-

209 1797 156 53 stantia,
326 1797 117 53 neque
404 1797 182 53 quantitas,
548 1797 117 53 neque
613 1797 104 53 quali-

211 1834 112 56 tas,
281 1834 140 56 neques
379 1834 154 56 aliquod
491 1834 168 56 aliorum.
617 1834 98 56 sed
659 1834 70 56 hoc

731 143 90 44 est
783 143 206 44 necessarium,
950 143 141 44 necesse
1052 143 90 44 est
1104 143 103 44 enim
1168 143 77 44 vt
1194 143 64 44 ele

738 188 123 44 menta
821 188 110 44 sint
889 188 82 44 ex
930 188 164 44 entibus.
1053 188 82 44 Si
1095 188 137 44 igitur
1177 188 82 44 ali-

743 228 112 38 quod
813 228 155 38 istorum
926 228 141 38 fuerit
1024 228 112 38 ens,
1094 228 70 38 &
1122 228 127 38 vnum,
1193 228 70 38 ne-

737 259 124 39 cesse
820 259 97 39 est
875 259 83 39 vt
917 259 138 39 intret
1013 259 97 39 sub
1069 259 97 39 vno
1110 259 152 39 praedica-

734 304 203 34 mentorum.
890 304 125 34 haec
968 304 125 34 sunt
1047 304 140 34 verba
1125 304 140 34 Alexam.

746 336 80 42 Et
786 336 200 42 abbreuiatio
945 336 120 42 eius,
1025 336 107 42 quod
1092 336 120 42 dicit
1172 336 80 42 in
1198 336 67 42 hoc

740 376 152 50 capitulo,
857 376 58 50 &
880 376 70 50 in
915 376 152 50 praedicto
1032 376 93 50 est,
1090 376 105 50 quod,
1160 376 70 50 si
1183 376 82 50 decen

736 414 264 52 praedicamenta
954 414 233 52 communicent
1140 414 93 52 in
1171 414 93 52 ali-

741 460 116 46 quo,
814 460 116 46 quod
887 460 102 46 est
945 460 189 46 elementum
1090 460 145 46 eorum,
1178 460 87 46 v.g.

734 493 89 45 in
779 493 104 45 vno
838 493 74 45 &
867 493 89 45 in
912 493 133 45 ente:
1001 493 118 45 vnum
1075 493 133 45 autem
1163 493 74 45 &
1178 493 89 45 ens,

740 533 103 50 non
799 533 177 50 dicuntur
932 533 118 50 nisi
1006 533 89 50 de
1050 533 133 50 decem
1124 533 133 50 praedi-

739 580 194 31 camentis:
888 580 164 31 necesse
1008 580 120 31 est,
1083 580 90 31 vt
1113 580 149 31 elementa

732 613 113 50 sint
803 613 99 50 hic
859 613 254 50 praedicamenta.
1071 613 71 50 &
1099 613 99 50 hoc
1156 613 99 50 est
1212 613 85 50 in

742 653 212 50 conueniens.
912 653 184 50 continget
1053 653 113 50 enim
1124 653 85 50 vt
1152 653 113 50 elemen

744 689 117 43 tum
811 689 84 43 &
845 689 234 43 compositum
1028 689 134 43 sint
1112 689 150 43 idem.
1195 689 67 43 Et

743 732 129 39 etiam
829 732 115 39 vnum
900 732 72 39 &
929 732 100 39 ens
986 732 115 39 sunt
1058 732 86 39 ex
1101 732 129 39 rebus
1172 732 72 39 vni

737 767 224 46 uersalibus,
916 767 75 46 &
946 767 119 46 quae
1020 767 104 46 non
1080 767 149 46 habent
1170 767 89 46 esse

734 811 133 39 extra
823 811 162 39 animam.
941 811 74 39 &
970 811 251 39 vniuersaliter
1162 811 89 39 vnum

739 846 83 44 &
773 846 116 44 ens
839 846 116 44 non
905 846 232 44 demonstrat
1071 846 182 44 quodlibet

736 885 275 46 compositorum,
963 885 113 46 sed
1027 885 146 46 decem
1108 885 146 46 praedi-

735 931 227 47 camentorum.
916 931 197 47 Quodlibet
1068 931 151 47 igitur
1158 931 91 47 prae

741 964 247 51 dicamentorum
941 964 108 51 est
1003 964 108 51 non
1064 964 123 51 ens.
1141 964 92 51 de
1172 964 77 51 quo

737 1010 111 41 enim
806 1010 97 41 ens
862 1010 152 41 dicitur
972 1010 97 41 non
1028 1010 97 41 ens
1083 1010 166 41 dicitur.
1208 1010 69 41 &

741 1045 98 48 sic
797 1045 127 48 nulla
882 1045 112 48 erit
952 1045 211 48 substantia,
1120 1045 98 48 aut
1163 1045 84 48 quan

735 1084 129 54 titas,
826 1084 91 54 aut
877 1084 168 54 qualitas.
1007 1084 91 54 sed
1059 1084 142 54 necesse
1162 1084 91 54 est
1201 1084 52 54 vt

743 1125 145 51 sint:
839 1125 129 51 ergo
920 1125 145 51 vnum,
1017 1125 80 51 &
1049 1125 113 51 ens
1113 1125 113 51 non
1161 1125 97 51 sunt

735 1164 104 46 vna
795 1164 149 46 natura
899 1164 179 46 communis
1033 1164 134 46 alia.
1122 1164 89 46 ab
1152 1164 89 46 eis,

773 1237 137 53 Non
851 1237 156 53 sunt
948 1237 156 53 ergo
1046 1237 195 53 omnium
1163 1237 98 53 ea-

733 1277 118 53 dem
801 1277 220 53 elementa.
970 1277 101 53 An
1020 1277 118 53 (vt
1088 1277 203 53 diximus)

738 1332 177 40 quodam
862 1332 141 40 modo
950 1332 177 40 quidem
1074 1332 159 40 sunt,
1163 1332 88 40 quo

739 1365 120 45 dam
808 1365 137 45 modo
893 1365 137 45 vero
979 1365 137 45 non.
1065 1365 172 45 veluti
1168 1365 86 45 for

743 1413 164 37 tassis
857 1413 196 37 corporum
1005 1413 246 37 sensibilium
1185 1413 65 37 ca

740 1448 178 53 lidum,
865 1448 196 53 tanquam
1007 1448 178 53 forma,
1132 1448 89 53 &
1149 1448 107 53 alio

734 1492 131 56 modo
815 1492 212 56 frigidum,
979 1492 98 56 vt
1027 1492 212 56 priuatio.
1174 1492 82 56 ma-

742 1533 135 45 teria
832 1533 135 45 vero,
922 1533 120 45 quod
997 1533 135 45 primo
1087 1533 105 45 per
1147 1533 90 45 se
1177 1533 75 45 po-

735 1579 145 44 tentia
837 1579 116 44 haec
910 1579 131 44 erat.
997 1579 218 44 substantiae
1156 1579 102 44 vero,

743 1618 114 52 tum
808 1618 147 52 haec,
906 1618 114 52 tum
971 1618 98 52 ea
1020 1618 98 52 ex
1069 1618 131 52 his,
1134 1618 131 52 quorum

742 1660 125 51 haec
820 1660 202 51 principia
976 1660 140 51 sunt:
1069 1660 109 51 aut
1132 1660 93 51 si
1163 1660 93 51 quid

732 1701 93 53 ex
779 1701 187 53 frigido,
919 1701 78 53 &
950 1701 155 53 calido
1059 1701 109 53 fit
1121 1701 140 53 vnum,
1199 1701 62 53 vt

743 1754 134 32 caro,
833 1754 104 32 aut
892 1754 104 32 os,
952 1754 164 32 necesse
1071 1754 179 32 profecto
1190 1754 75 32 est

734 1789 129 45 aliud
820 1789 86 45 ab
862 1789 100 45 his
920 1789 114 45 esse
991 1789 143 45 illud,
1091 1789 114 45 quod
1149 1789 114 45 factum

732 1830 133 44 est.
815 1830 149 44 horum
915 1830 166 44 itaque
1031 1830 149 44 eadem
1114 1830 149 44 elemen
