1475 2066
194 141 107 54 ta,
255 141 137 54 atque
346 141 198 54 principia
499 141 137 54 sunt,
591 141 122 54 alia
652 141 76 54 ve-

199 197 113 38 ro
256 197 227 38 aliorum.
426 197 189 38 Omnium
558 197 151 38 vero
634 197 94 38 ita

206 229 164 53 quidem
320 229 164 53 dicere
435 229 115 53 non
501 229 131 53 est,
583 229 115 53 sed
632 229 82 53 ana

207 268 158 47 logice.
321 268 215 47 quemadmodum
494 268 86 47 si
537 268 115 47 quis
594 268 115 47 dicat,

211 322 107 46 quod
278 322 174 46 principia
412 322 107 46 sunt
479 322 121 46 tria.
559 322 134 46 forma,
640 322 80 46 pri-

204 357 175 45 uatio,
326 357 87 45 &
361 357 210 45 materia.
518 357 157 45 verum
605 357 105 45 vnum

203 396 184 54 quodque
337 396 150 54 horum
437 396 150 54 circa
537 396 217 54 vnumquid¬

205 444 102 50 que
264 444 146 50 geneus
366 444 131 50 aliud
453 444 117 50 est.
526 444 88 50 vt
570 444 88 50 in
599 444 117 50 colori

213 485 112 54 bus
277 485 160 54 album,
389 485 176 54 nigrum,
502 485 208 54 superficies

200 526 157 45 lumen,
310 526 204 45 tenebrae,
467 526 125 45 aer:
545 526 94 45 ex
592 526 110 45 his
639 526 78 45 ve-

207 569 103 49 ro
258 569 155 49 dies,
362 569 86 49 &
379 569 103 49 nox.

260 609 196 63 Elementa
407 609 164 63 igitur
522 609 164 63 omnium
636 609 115 63 non

212 657 124 58 sunt
289 657 154 58 eadem.
397 657 93 58 Et
443 657 139 58 sunt,
536 657 139 58 sicut
613 657 108 58 dixi-

204 708 133 55 mus,
287 708 149 55 eadem
387 708 116 55 vno
453 708 149 55 modo,
553 708 83 55 &
586 708 133 55 alio
653 708 66 55 mo

209 756 85 62 do
251 756 99 62 non
308 756 128 62 sunt,
393 756 85 62 vt
436 756 170 62 elementa
549 756 170 62 corporum

208 804 123 60 quod
284 804 138 60 autem
376 804 107 60 est
437 804 138 60 sicut
529 804 138 60 forma
606 804 107 60 cali-

206 853 140 51 dum,
293 853 140 51 alio
380 853 157 51 autem
485 853 140 51 modo
555 853 174 51 frioidum

206 901 182 62 priuatio.
346 901 154 62 materia
458 901 126 62 autem
541 901 140 62 illud,
639 901 112 62 quod

204 948 110 62 est
267 948 95 62 in
315 948 189 62 potentia
456 948 126 62 haec
535 948 126 62 duo,
598 948 126 62 primum

210 997 96 57 per
265 997 96 57 se.
320 997 191 57 Substantia
470 997 109 57 vero
538 997 96 57 est
593 997 123 57 illa,
661 997 55 57 ex

205 1044 111 51 quae
275 1044 111 51 sunt
344 1044 84 51 ex
386 1044 139 51 istis,
483 1044 139 51 quorum
581 1044 111 51 sunt
637 1044 84 51 haec

203 1092 221 66 principia:
377 1092 79 66 &
408 1092 95 66 si
456 1092 174 66 aliquid
582 1092 110 66 sit
629 1092 95 66 vnum

209 1140 93 54 ex
256 1140 156 54 calido
365 1140 78 54 &
396 1140 187 54 frigido,
537 1140 93 54 vt
583 1140 125 54 caro
661 1140 78 54 &

209 1188 95 56 os.
264 1188 109 56 quod
332 1188 109 56 enim
399 1188 109 56 fit,
467 1188 149 56 necesse
576 1188 95 56 est
630 1188 81 56 vt
657 1188 68 56 sit

213 1236 138 47 ddiud
305 1236 92 47 ab
351 1236 123 47 eis.
428 1236 169 47 istorum
551 1236 138 47 autem
628 1236 92 47 haec

214 1282 120 61 sunt
289 1282 195 61 elementa,
439 1282 75 61 &
469 1282 210 61 principia,
618 1282 105 61 alio-

201 1332 116 63 rum
268 1332 149 63 autem
367 1332 149 63 alia.
467 1332 133 63 Quod
549 1332 149 63 autem
632 1332 83 63 sic

214 1377 170 49 dicatur
337 1377 93 49 de
383 1377 185 49 omnibus,
522 1377 108 49 non
584 1377 108 49 est
630 1377 77 49 eis

206 1435 105 55 sed
266 1435 164 55 oportet
385 1435 164 55 aequare
490 1435 224 55 comparatione,

215 1474 88 62 vt
259 1474 88 62 si
303 1474 162 62 aliquis
421 1474 176 62 dixerit,
553 1474 118 62 quod
612 1474 103 62 prin-

207 1523 119 54 cipia
286 1523 106 54 sunt
352 1523 119 54 tria,
432 1523 159 54 scilicet
551 1523 132 54 forma,
631 1523 79 54 pri-

200 1572 164 56 uatio,
314 1572 82 56 &
347 1572 196 56 materia.
494 1572 114 56 sed
543 1572 180 56 quodlibet

205 1620 168 55 istorum
327 1620 107 55 est
388 1620 184 55 diuersum
526 1620 92 55 in
572 1620 168 55 vnoquod

206 1666 199 57 generum,
356 1666 100 57 in
406 1666 166 57 colore
522 1666 166 57 album,
621 1666 100 57 ni-

203 1707 137 63 grum,
294 1707 244 63 superficies,
493 1707 214 63 planities,
645 1707 61 63 ob

209 1764 196 54 scuritas,
360 1764 151 54 lumen,
465 1764 121 54 aer:
541 1764 75 54 &
571 1764 91 54 ex
601 1764 121 54 istis,

204 1809 159 50 dies,
310 1809 88 50 &
345 1809 141 50 nox.

782 141 101 53 Cum
839 141 159 53 induxit
955 141 231 53 impossibilia
1128 141 130 53 contin-

743 188 150 48 gentia,
853 188 82 48 si
894 188 178 48 principia
1030 188 123 48 decem
1099 188 150 48 praedica-

734 219 178 47 mentorum
868 219 163 47 fuerint
986 219 133 47 eadem
1075 219 163 47 natura,
1179 219 74 47 di-

738 269 109 37 cit:
806 269 163 37 Elementa
928 269 136 37 igitur
1023 269 136 37 omnium
1118 269 95 37 non
1173 269 109 37 sunt

741 300 138 54 eadem,
838 300 83 54 i.
879 300 97 54 iam
935 300 138 54 igitur
1032 300 194 54 declaratum
1170 300 83 54 est,

741 349 112 38 quod
811 349 169 38 elementa
938 349 127 38 decem
1022 349 183 38 praedicam
1149 349 98 38 ento-

737 380 92 38 rum
789 380 92 38 non
842 380 105 38 sunt
908 380 132 38 eadem,
1000 380 92 38 ita
1053 380 105 38 quod
1118 380 92 38 hoc
1158 380 92 38 nomon

733 428 102 38 ens
792 428 160 38 dicatur
908 428 87 38 de
952 428 102 38 eis
1010 428 175 38 vniuoce.
1141 428 102 38 Et,
1184 428 73 38 cum

740 460 178 47 declarauit,
882 460 95 47 quod
942 460 178 47 impossibile
1084 460 83 47 est
1131 460 95 47 quod
1179 460 71 47 ele-

739 498 138 48 menta
831 498 138 48 eorum
922 498 123 48 sint
999 498 138 48 eadem
1076 498 168 48 simplici-

736 533 110 47 ter:
805 533 68 47 &
832 533 123 47 etiam
914 533 110 47 fuit
983 533 192 47 manifestum
1133 533 96 47 per
1175 533 68 47 se:

742 576 114 56 quod
813 576 185 56 principia
955 576 128 56 eorum
1040 576 99 56 non
1097 576 114 56 sunt
1154 576 99 56 diuer

737 617 69 42 sa
771 617 183 42 simpliciter,
920 617 80 42 sed
966 617 92 42 quia
1023 617 195 42 praedicamenta
1172 617 80 42 acci-

742 652 134 52 dentium
839 652 207 52 constituuntur
1010 652 85 52 per
1058 652 195 52 substantiam,
1216 652 61 52 &

740 700 167 38 quoddam
861 700 137 38 eorum
952 700 197 38 antecedit
1104 700 167 38 quoddam

734 734 140 44 dedit
828 734 172 44 tertium
953 734 140 44 modum
1046 734 156 44 verum,
1155 734 78 44 &
1171 734 78 44 est

739 769 127 50 quia
819 769 207 50 principia
978 769 143 50 eorum
1074 769 127 50 sunt
1137 769 112 50 eadem

736 811 303 47 proportionaliter.
995 811 72 47 &
1024 811 144 47 dicit:
1125 811 86 47 Et
1154 811 86 47 sunt

737 847 128 43 sicut
822 847 171 43 diximus,
950 847 128 43 eadem
1036 847 100 43 vno
1092 847 100 43 mo,
1149 847 71 43 &
1164 847 85 43 alio

743 888 110 40 modo
812 888 96 40 non
867 888 124 40 sunt.
950 888 83 40 i.
991 888 69 40 &
1019 888 96 40 cum
1074 888 96 40 non
1129 888 110 40 sunt
1184 888 55 40 ea

737 924 97 54 dem
793 924 208 54 simpliciter
959 924 125 54 neque
1042 924 152 54 diuersa
1138 924 111 54 simpli

740 968 115 40 citer,
821 968 127 40 necesse
913 968 92 40 eest
971 968 69 40 vt
1005 968 92 40 sint
1063 968 104 40 eadem
1132 968 81 40 vno
1166 968 81 40 modo,

741 1004 69 51 &
769 1004 152 51 diuersa
880 1004 125 51 alio.
963 1004 83 51 D.
1005 1004 125 51 dedit
1088 1004 166 51 exemplum
1199 1004 55 51 ad

745 1045 195 38 declarandum
901 1045 104 38 quae
966 1045 156 38 elementa
1084 1045 104 38 sunt
1136 1045 117 38 substan

742 1084 142 48 tiarum.
845 1084 103 48 quae
910 1084 155 48 dicuntur
1013 1084 232 48 proportionaliter

743 1124 72 38 in
779 1124 132 38 omnibus
875 1124 228 38 praedicamentis,
1067 1124 60 38 &
1091 1124 72 38 d.
1127 1124 72 38 vt
1151 1124 96 38 elemon

734 1161 72 52 ta
770 1161 145 52 corporum
879 1161 85 52 &c.
927 1161 72 52 i.
963 1161 72 52 v.
999 1161 72 52 g.
1036 1161 97 52 quod
1096 1161 157 52 principia
1205 1161 48 52 in

739 1199 171 43 substantia
873 1199 171 43 declaratum
1008 1199 86 43 est
1057 1199 98 43 quod
1118 1199 98 43 sunt
1167 1199 86 43 tria,

743 1242 99 40 duo
799 1242 198 40 contraria,
955 1242 71 40 &
983 1242 198 40 subiectum:
1138 1242 85 40 vt
1166 1242 85 40 vnum

732 1277 238 39 contrariorum
926 1277 104 39 est
985 1277 134 39 quasi
1074 1277 134 39 forma
1164 1277 74 39 &
1178 1277 60 39 ha

741 1315 120 39 bitus,
825 1315 60 39 &
849 1315 108 39 aliud
922 1315 108 39 quasi
994 1315 157 39 priuatio,
1114 1315 96 39 quae
1163 1315 84 39 autem

735 1353 94 49 est
788 1353 121 49 quasi
869 1353 135 49 forma,
964 1353 94 49 est
1018 1353 121 49 sicut
1099 1353 135 49 calor,
1180 1353 67 49 qui

740 1390 87 55 est
789 1390 112 55 forma
864 1390 162 55 quorundam
988 1390 186 55 elementorum
1125 1390 124 55 scilicet

741 1431 110 52 ignis
814 1431 61 52 &
838 1431 122 52 aeris.
924 1431 110 52 illud
997 1431 110 52 vero,
1070 1431 98 52 quod
1131 1431 85 52 est
1180 1431 98 52 qua¬

738 1468 76 51 si
776 1468 152 51 priuatio
890 1468 88 51 est
940 1468 114 51 sicut
1016 1468 164 51 frigidum,
1142 1468 101 51 quid
1193 1468 63 51 est

737 1508 121 49 forma
817 1508 135 49 terrae
912 1508 67 49 &
938 1508 135 49 aquae.
1033 1508 175 49 subiectum
1154 1508 94 49 autem

735 1548 88 39 est
786 1548 126 39 illud,
874 1548 101 39 quod
937 1548 88 39 est
987 1548 76 39 in
1025 1548 151 39 potentia
1139 1548 101 39 haec
1189 1548 63 39 duo

734 1588 200 49 contraria,
891 1588 129 49 primo
977 1588 71 49 &
1005 1588 100 49 per
1062 1588 100 49 se.
1119 1588 86 49 Et
1148 1588 100 49 Alex-

738 1626 120 41 dicit,
822 1626 96 41 quod
882 1626 84 41 hic
930 1626 120 41 posuit
1015 1626 192 41 priuationem,
1159 1626 72 41 alio

738 1663 100 53 quo
795 1663 114 53 modo
866 1663 100 53 sub
923 1663 214 53 substantia,
1094 1663 100 53 cum
1136 1663 100 53 frigi

743 1700 84 52 dum
791 1700 84 52 est
839 1700 120 52 iliud,
923 1700 96 52 quod
983 1700 108 52 caret
1055 1700 132 52 calore,
1151 1700 60 52 &
1163 1700 72 52 fri-

733 1742 153 48 giditas
844 1742 84 48 in
886 1742 195 48 corporibus
1039 1742 167 48 frigidis
1151 1742 97 48 facit

727 1781 259 49 substantiam
934 1781 172 49 eorum.
1037 1781 207 49 quapropter

727 1817 119 41 sunt
801 1817 89 41 in
846 1817 104 41 eis
905 1817 222 41 substantiae
1068 1817 178 41 econtrario
