1475 2066
244 149 110 61 Cum
307 149 126 61 vero
386 149 142 61 illae
481 149 110 61 non
544 149 158 61 solum,
638 149 95 61 quae

208 197 161 46 insunt,
325 197 146 46 causae
428 197 132 46 sint,
516 197 132 46 verum
603 197 132 46 etiam
676 197 59 46 ex

210 241 111 50 his,
279 241 111 50 quae
349 241 194 50 extrinseca
501 241 125 50 sunt,
584 241 125 50 illud
654 241 83 50 quod

209 284 145 46 mouet,
311 284 131 46 patet
399 284 116 46 quod
471 284 131 46 aliud
558 284 102 46 est
602 284 131 46 princi-

215 325 149 53 pium,
315 325 149 53 aliud
415 325 232 53 elementum.
597 325 133 53 ambo
664 325 66 53 ve

201 380 99 39 ro
251 380 165 39 causae
367 380 149 39 sunt,
466 380 83 39 &
499 380 231 39 principium
664 380 66 39 in

211 413 118 49 haec
285 413 206 49 diuiditur.
447 413 118 49 quod
520 413 132 49 autem
608 413 88 49 vt
652 413 103 49 mo¬

207 452 139 55 uens,
299 452 108 55 vel
361 452 170 55 sistens
484 452 123 55 est:
546 452 185 55 principium

206 495 195 58 quoddam,
352 495 81 58 &
384 495 227 58 substantia
563 495 130 58 est.
628 495 97 58 Qua-

214 548 88 46 re
258 548 176 46 elementa
391 548 147 46 quidem
494 548 191 46 analogice
626 548 103 46 tria:

213 580 152 58 causae
319 580 137 58 vero,
410 580 137 58 atque
501 580 197 58 principia
638 580 91 58 qua-

215 621 139 53 tuor.
307 621 139 53 aliud
400 621 124 53 vero
478 621 93 53 in
524 621 139 53 alio:
617 621 77 53 &
632 621 93 53 pri-

214 668 83 39 ma
256 668 125 39 caus,
339 668 83 39 vt
381 668 153 39 mouens,
492 668 83 39 in
534 668 111 39 alio
603 668 125 39 alia.
672 668 56 39 sa

207 708 169 54 nitas,
325 708 186 54 morbus,
461 708 186 54 corpus:
579 708 152 54 mouens,

207 758 121 45 ars
276 758 207 45 Medendi.
431 758 173 45 forma,
535 758 190 45 inordina,

208 789 111 46 tio
272 789 159 46 talis,
383 789 191 46 lateres:
526 789 159 46 mouens
621 789 111 46 AEdi-

215 834 210 40 ficatiua.
376 834 81 40 &
408 834 177 40 nimirum
537 834 97 40 in
586 834 129 40 haec
650 834 81 40 di-

211 876 192 54 uiditur
333 876 227 54 principium.

264 916 91 62 Et
309 916 122 62 quia
385 916 152 62 causae
492 916 106 62 non
553 916 152 62 tantum
644 916 91 62 sunt

210 964 80 62 in
250 964 106 62 eis,
316 964 106 62 quae
382 964 133 62 fiunt,
476 964 93 62 sed
529 964 93 62 ea,
582 964 106 62 quae
648 964 106 62 sunt

214 1012 241 62 extrinsecus,
410 1012 211 62 manifestum
575 1012 105 62 est
636 1012 120 62 quod

205 1060 225 63 principiu,
382 1060 97 63 et
430 1060 209 63 elementum
575 1060 161 63 diuersa-

206 1109 124 61 sunt.
289 1109 110 61 quod
358 1109 96 61 aut
413 1109 138 61 mouet,
509 1109 96 61 aut
564 1109 151 61 sistit,
660 1109 69 61 est

205 1156 145 63 quasi
302 1156 177 63 aliquod
431 1156 242 63 principium.
608 1156 129 63 Elemen

204 1205 103 61 ta
255 1205 137 61 vero
341 1205 205 61 secundum
478 1205 239 61 aequalitatem

210 1253 113 61 quae
280 1253 99 61 est
337 1253 169 61 secundum
463 1253 239 61 conuententia,
647 1253 85 61 sunt

211 1301 130 61 tria,
297 1301 145 61 causae
398 1301 130 61 autem
485 1301 72 61 &
514 1301 188 61 principia
644 1301 87 61 sunt

215 1348 163 62 quatuor.
338 1348 82 62 et
379 1348 123 62 aliud
461 1348 109 62 alii
529 1348 95 62 est
583 1348 136 62 causa:
665 1348 68 62 pri

210 1397 100 65 ma
260 1397 151 65 etiam
361 1397 201 65 secundum
511 1397 134 65 quod
595 1397 117 65 est
645 1397 84 65 mo-

212 1445 112 61 uens
282 1445 140 61 aliud.
380 1445 168 61 sanitas,
507 1445 210 61 infirmitas,
661 1445 70 61 con

210 1494 128 60 pus:
290 1494 128 60 quod
369 1494 159 60 mouet,
481 1494 207 60 Medicina.
624 1494 112 60 forma

218 1541 107 61 enim
284 1541 93 61 non
338 1541 186 61 ordinatur,
484 1541 120 61 sicut
564 1541 133 61 illud,
657 1541 107 61 quod

213 1589 153 62 mouet,
320 1589 138 62 artem
396 1589 260 62 aedificationis.

258 1653 98 49 Cum
314 1653 154 49 locutus
426 1653 140 49 fuerit
525 1653 84 49 de
553 1653 168 49 principiis

207 1693 107 49 quae
274 1693 107 49 sunt
341 1693 134 49 partes
435 1693 107 49 rei,
502 1693 161 49 scilicet
623 1693 121 49 forma
690 1693 40 49 &

216 1729 176 41 materia,
349 1729 118 41 vult
422 1729 132 41 loqui
510 1729 88 41 de
540 1729 191 41 extrinseco,

216 1769 161 41 scilicet
336 1769 148 41 motore,
444 1769 67 41 &
471 1769 134 41 dicit:
565 1769 81 41 Et
605 1769 107 41 quia
659 1769 67 41 cat

218 1805 91 55 sae
270 1805 91 55 non
322 1805 117 55 sunt,
400 1805 91 55 &c.
452 1805 78 55 i.
490 1805 65 55 &
516 1805 104 55 quia
581 1805 130 55 causae
672 1805 91 55 non

215 1843 121 55 omnes
295 1843 108 55 sunt
362 1843 134 55 partes
457 1843 94 55 rei
510 1843 202 55 compositae,
672 1843 94 55 sed

750 157 125 46 etiam
833 157 111 46 sunt
903 157 125 46 aliae
986 157 139 46 causae
1069 157 180 46 extrinsecae

748 198 157 45 quarum
858 198 110 45 vna
921 198 110 45 est
984 198 173 45 mouens:
1110 198 79 45 &
1142 198 110 45 hoc
1189 198 63 45 ne

751 240 107 54 men
812 240 215 54 principium
981 240 169 54 dignius
1104 240 107 54 est
1150 240 107 54 conue

748 282 122 41 nire
824 282 168 41 motori,
946 282 76 41 &
977 282 198 41 elementum
1114 282 137 41 conueni

748 325 73 37 re
784 325 194 37 intrinsecis:
941 325 169 37 manifestum
1075 325 97 37 est,
1135 325 97 37 quod
1183 325 73 37 ele-

746 358 153 45 mentum
853 358 77 45 &
884 358 214 45 principium
1052 358 199 45 differunt
1190 358 61 45 in

756 397 76 54 ter
800 397 76 54 se.
843 397 65 54 Et
876 397 65 54 d.
909 397 87 54 hoc,
963 397 87 54 quia
1017 397 98 54 causa
1083 397 120 54 dicitur
1170 397 65 54 de
1192 397 65 54 omni

752 437 105 52 bus:
818 437 184 52 principium
962 437 118 52 autem
1041 437 79 52 de
1080 437 210 52 extrinsecis:

748 476 175 39 elementum
882 476 108 39 vero
949 476 81 39 de
990 476 215 39 intrinsecis.
1165 476 81 39 Et
1192 476 67 39 ids

749 517 72 48 d.
785 517 72 48 in
821 517 156 48 Physicis,
941 517 96 48 quod
1001 517 168 48 dispositio
1121 517 144 48 scientiae,

750 556 87 48 in
793 556 159 48 omnibus
908 556 159 48 artibus
1024 556 202 48 habentibus
1168 556 87 48 prin

754 604 129 38 cipia
839 604 71 38 &
868 604 143 38 causas
968 604 71 38 &
997 604 186 38 elementa:
1140 604 114 38 quia
1197 604 57 38 in

747 637 170 38 tendebat
874 637 99 38 per
931 637 184 38 principia
1073 637 142 38 causas
1158 637 99 38 mouen

755 674 100 51 tes:
817 674 62 51 &
842 674 87 51 per
892 674 137 51 causas,
991 674 125 51 illud,
1079 674 100 51 quod
1141 674 87 51 est
1178 674 75 51 con-

753 712 119 43 mune
827 712 133 43 illis
916 712 178 43 quatuor:
1050 712 74 43 &
1079 712 104 43 per
1124 712 133 43 elemen-

752 752 96 54 ta,
807 752 82 54 ea
848 752 109 54 quae
916 752 109 54 sunt
985 752 82 54 in
1026 752 96 54 re.
1080 752 82 54 Et
1121 752 109 54 quia
1176 752 82 54 agen

752 791 171 51 proprium
880 791 100 51 est
937 791 157 51 motori:
1052 791 129 51 agens
1137 791 114 51 enim
1195 791 71 51 est

748 828 149 54 mouens
852 828 74 54 &
882 828 164 54 faciens
1001 828 208 54 passiones,
1165 828 89 54 vt
1195 828 74 54 de-

753 876 168 46 claratum
879 876 98 46 est
935 876 84 46 in
977 876 112 46 lib.
1047 876 112 46 peri
1117 876 182 46 Geneseos:

751 915 152 45 mouens
857 915 137 45 autem
948 915 167 45 proprie
1070 915 152 45 nullam
1161 915 106 45 facit

748 951 222 50 passionem:
923 951 222 50 quapropter
1097 951 127 50 omne
1161 951 111 50 agens

753 988 113 38 est
817 988 177 38 mouens,
946 988 113 38 sed
1011 988 113 38 non
1075 988 129 38 omne
1140 988 129 38 mouens

746 1030 96 48 est
801 1030 138 48 agens.
898 1030 138 48 D.quod
994 1030 124 48 autem
1077 1030 138 48 mouet,
1174 1030 96 48 &c.
1215 1030 55 48 i.

758 1065 113 49 quod
828 1065 85 49 si
871 1065 85 49 de
913 1065 155 49 mouente
1026 1065 70 49 &
1054 1065 169 49 elemento
1166 1065 99 49 dica-

747 1105 100 49 tur
804 1105 213 49 principium,
974 1105 100 49 cum
1031 1105 199 49 principium
1174 1105 85 49 pro-

747 1142 118 52 prie
821 1142 163 52 dicatur
940 1142 89 52 de
984 1142 163 52 motore.
1102 1142 89 52 Et
1147 1142 89 52 in
1176 1142 89 52 alia

758 1181 231 46 translatione
945 1181 187 46 inuenimus
1089 1181 115 46 loco
1147 1181 115 46 huius,

751 1223 176 47 manifestum
890 1223 101 47 est,
953 1223 101 47 quod
1016 1223 176 47 principium
1155 1223 63 47 &
1167 1223 101 47 elemen

756 1260 78 50 tum
801 1260 89 50 sunt
856 1260 101 50 alia,
924 1260 56 50 &
946 1260 123 50 comumae
1035 1260 145 50 vtriusque
1147 1260 67 50 it
1170 1260 89 50 manifi

749 1300 94 50 stum
808 1300 94 50 est,
866 1300 94 50 quod
925 1300 164 50 principium
1054 1300 129 50 differt
1148 1300 70 50 ab
1171 1300 94 50 elemen

754 1338 81 49 to,
801 1338 58 49 &
824 1338 93 49 quod
882 1338 81 49 hoc
928 1338 139 49 nomencam
1033 1338 128 49 dicitur
1126 1338 70 49 de
1149 1338 116 49 vtroque-

752 1376 71 41 Et
788 1376 154 41 inuenitur
906 1376 95 41 loco
966 1376 107 41 eius,
1037 1376 95 41 quid
1096 1376 71 41 d.
1132 1376 95 41 quod
1179 1376 83 41 autem

754 1417 129 41 mouet,
845 1417 91 41 &c.
896 1417 104 41 sic.
961 1417 65 41 &
987 1417 181 41 principium
1117 1417 155 41 diuiditur,

751 1461 81 33 in
792 1461 108 33 duo,
860 1461 122 33 sicut
941 1461 122 33 illud
1022 1461 108 33 quod
1089 1461 122 33 mouet
1170 1461 68 33 &
1184 1461 81 33 con-

756 1492 143 54 stituit,
863 1492 84 54 cum
911 1492 84 54 sit
959 1492 107 54 quasi
1030 1492 131 54 aliquid
1114 1492 155 54 principium.

753 1533 83 38 Et
795 1533 83 38 in
836 1533 139 38 tertia
934 1533 236 38 translatione.
1128 1533 69 38 &
1142 1533 125 38 dicitur

757 1572 194 46 principium
909 1572 83 46 in
951 1572 138 46 istis,
1048 1572 111 46 quod
1117 1572 125 46 autem
1200 1572 97 46 mo¬

755 1608 83 50 uet
802 1608 83 50 est
850 1608 177 50 principium.
991 1608 59 50 &
1015 1608 165 50 manifestum
1145 1608 94 50 est,
1192 1608 71 50 quod

744 1649 225 41 intendebat
921 1649 241 41 demonstrare
1114 1649 113 41 per
1178 1649 129 41 hunc

752 1688 189 50 sermonem,
898 1688 116 50 quod
970 1688 102 50 hoc
1028 1688 131 50 nomen
1101 1688 174 50 principium

752 1727 118 43 ommune
835 1727 83 43 est
882 1727 95 43 eis.
942 1727 95 43 D.d.
1001 1727 142 43 elementa
1107 1727 95 43 vero
1155 1727 118 43 secundum

749 1765 238 53 aequalitatem,
945 1765 98 53 &c.
1001 1765 70 53 &
1029 1765 84 53 in
1071 1765 112 53 alia
1127 1765 140 53 transla-

754 1804 135 49 tione:
849 1804 135 49 Causae
944 1804 122 49 autem
1025 1804 81 49 et
1065 1804 176 49 principia
1187 1804 81 49 sunt

755 1844 143 54 quatuor,
862 1844 83 54 sed
910 1844 107 54 aliud
981 1844 107 54 alii:
1052 1844 59 54 &
1076 1844 107 54 prima
1147 1844 107 54 causa
1207 1844 59 54 est
