1475 2066
182 157 124 57 quasi
265 157 124 57 motor
348 157 124 57 alius
431 157 124 57 alii,
514 157 124 57 sicut
583 157 124 57 sanitas

197 205 74 49 &
227 205 223 49 infirmitas,
405 205 74 49 &
435 205 163 49 corpus:
554 205 74 49 &
568 205 149 49 Medicina

197 243 112 39 quod
267 243 139 39 mouet,
364 243 153 39 quamuis
476 243 98 39 sit
532 243 112 39 sine
588 243 126 39 ordine,

195 278 127 45 sicut
280 278 113 45 ista
350 278 169 45 sanitas,
477 278 127 45 illud
562 278 113 45 quod
618 278 99 45 mouet

202 320 230 49 aedificationem.
396 320 73 49 i.
432 320 73 49 Et
469 320 85 49 iam
517 320 170 49 declaratum
638 320 73 49 est,

197 365 108 40 quod
264 365 175 40 principia
399 365 67 40 &
426 365 135 40 causae
520 365 108 40 sunt
588 365 148 40 quatuor

192 397 68 39 &
220 397 136 39 illud,
315 397 109 39 quod
383 397 96 39 est
438 397 191 39 principium
588 397 68 39 &
602 397 109 39 finis,

204 435 93 47 est
257 435 119 47 aliud
336 435 79 47 ab
376 435 93 47 eo,
429 435 119 47 cuius
508 435 93 47 est
548 435 159 47 principium

198 477 69 45 &
226 477 110 45 quod
295 477 138 45 mouens
391 477 97 45 est
447 477 124 45 aliud
530 477 83 45 ab
571 477 97 45 eo,
626 477 110 45 quod

202 511 156 43 mouetur
315 511 85 43 ab
358 511 99 43 eo.
414 511 113 43 D.d.
485 511 170 43 exemplum
599 511 113 43 causa-

200 556 215 38 extrinsecae,
374 556 67 38 &
401 556 81 38 d.
441 556 161 38 sanitas,
549 556 161 38 infirmitas

189 589 160 50 corpus:
306 589 117 50 quod
379 589 146 50 mouet,
481 589 189 50 Medicina.
627 589 87 50 i.
670 589 73 50 &

196 631 154 47 exemplum
312 631 142 47 causae,
415 631 103 47 quae
479 631 90 47 est
531 631 103 47 alia
595 631 64 47 a
608 631 103 47 causa-

200 672 97 35 to,
256 672 97 35 est
311 672 180 35 Medicina,
449 672 111 35 quae
518 672 125 35 mouet
601 672 83 35 ad
629 672 83 35 sani

195 709 139 37 tatem,
293 709 98 37 aut
348 709 84 37 ad
390 709 237 37 infirmitatem.
572 709 139 37 Medicina

195 750 108 36 enim
263 750 108 36 alia
331 750 95 36 est
385 750 68 36 a
412 750 176 36 sanitate,
548 750 68 36 &
575 750 81 36 ab
602 750 108 36 infir-

192 781 161 45 mitate.
309 781 73 45 &
339 781 117 45 quia
412 781 132 45 forma
499 781 190 45 sanitatis
631 781 73 45 non

200 822 84 45 est
248 822 72 45 in
284 822 108 45 anima
356 822 120 45 Medici
440 822 72 45 in
477 822 144 45 materia,
585 822 108 45 sicut
657 822 84 45 est

195 860 130 45 forma
281 860 202 45 sanitatis,
439 860 115 45 ideo
511 860 130 45 forma
583 860 130 45 sanita-

192 901 102 39 tis,
256 901 102 39 quae
320 901 89 39 est
371 901 77 39 in
409 901 115 39 anima
486 901 140 39 Medici,
588 901 89 39 non
626 901 89 39 facit

201 940 147 38 sanitatis
314 940 147 38 actionem.
427 940 102 38 quam,
496 940 68 38 si
530 940 79 38 ita
575 940 113 38 esset,
643 940 68 38 tunc

195 978 153 41 Medicus
306 978 125 41 esset
390 978 139 41 sanus.
487 978 83 41 D.
528 978 69 41 &
556 978 83 41 si
598 978 111 41 sine
653 978 56 41 or

196 1017 111 41 dine
265 1017 111 41 ista
335 1017 152 41 sanitas
445 1017 138 41 mouens
528 1017 180 41 aedificatio

197 1055 102 55 nem.
261 1055 77 55 i.
300 1055 115 55 quod,
376 1055 77 55 si
415 1055 141 55 sanitas
517 1055 128 55 mouens
606 1055 90 55 non
645 1055 51 55 ha

195 1095 90 43 bet
247 1095 207 43 ordinationem
415 1095 181 43 sanitatis,
557 1095 103 43 quae
622 1095 90 43 est
660 1095 52 43 in

197 1130 168 48 corpore,
323 1130 140 48 neques
421 1130 126 48 forma
491 1130 224 48 aedificationis

198 1173 110 52 habet
271 1173 135 52 ordinem
369 1173 123 52 formae
455 1173 123 52 domus.
541 1173 86 52 ist
590 1173 98 52 quod
639 1173 74 52 for-

194 1212 72 47 ma
230 1212 168 47 sanitatis,
362 1212 96 47 quae
422 1212 84 47 est
469 1212 72 47 in
505 1212 120 47 anima,
589 1212 84 47 non
625 1212 84 47 habet

192 1253 159 37 actionem
311 1253 186 37 sanitatis,
458 1253 120 37 sicut
537 1253 120 37 habet
604 1253 106 37 formam

200 1290 182 40 sanitatis,
343 1290 104 40 quae
408 1290 91 40 est
461 1290 78 40 in
500 1290 156 40 corpore.
617 1290 78 40 Et
643 1290 65 40 hoc

183 1329 188 50 intendebat,
334 1329 88 50 cum
384 1329 113 50 dicit
460 1329 75 50 in
497 1329 100 50 alia
547 1329 151 50 translatio

198 1369 100 41 ne:
255 1369 128 41 forma
340 1369 114 41 enim
411 1369 100 41 non
468 1369 199 41 ordinatur,
610 1369 100 41 sicut

198 1406 120 44 illud,
282 1406 96 44 quod
343 1406 108 44 mouet
415 1406 108 44 artem
487 1406 229 44 aedificationis,
668 1406 36 44 i

197 1447 90 41 quod
253 1447 112 41 forma,
331 1447 90 41 quae
388 1447 79 41 est
432 1447 67 41 in
466 1447 101 41 anima
533 1447 90 41 sine
590 1447 123 41 ordine,
668 1447 45 41 i.

198 1484 105 37 sine
264 1484 145 37 actione
369 1484 118 37 eius,
448 1484 105 37 quod
514 1484 92 37 est
566 1484 118 37 extra
632 1484 79 37 ani-

199 1522 104 49 mam,
264 1522 78 49 vt
303 1522 117 49 forma
381 1522 247 49 aedificationis,
588 1522 104 49 quae
640 1522 65 49 mo-

190 1561 101 41 uet
247 1561 87 41 ad
291 1561 145 41 formam
392 1561 217 41 aedificati,
565 1561 116 41 quia
638 1561 101 41 non

197 1601 145 41 habet
293 1601 193 41 actionem
438 1601 161 41 formae
534 1601 129 41 domus.

227 1669 119 45 Cum
295 1669 153 45 autem
397 1669 187 45 mouens,
532 1669 102 45 in
566 1669 136 45 natura

186 1718 150 44 libus
286 1718 167 44 quidem
403 1718 150 44 homo,
503 1718 100 44 in
553 1718 117 44 his
603 1718 100 44 vero

185 1763 120 39 quae
260 1763 75 39 a
290 1763 134 39 mente
379 1763 134 39 fiunt
469 1763 120 39 ipsa
544 1763 149 39 forma,
633 1763 75 39 vel

181 1797 252 45 contrarium
379 1797 144 45 sit,
469 1797 144 45 modo
559 1797 180 45 quodam

188 1841 117 57 tres
262 1841 176 57 profecto
394 1841 147 57 causae
497 1841 147 57 erunt,
600 1841 117 57 alio
658 1841 59 57 ve

718 172 97 38 ro
766 172 130 38 modo
847 172 194 38 quatuor:
993 172 178 38 fanitas
1106 172 130 38 nanque

724 204 171 45 quodam
843 204 137 45 modo
929 204 119 45 est
997 204 119 45 ars
1065 204 205 45 Medendi,

721 245 95 39 &
759 245 304 39 Aedificatiua
1006 245 171 39 forma
1101 245 133 39 domus

725 291 89 47 &
761 291 142 47 homo
850 291 196 47 hominem
992 291 213 47 generat.
1134 291 107 47 prae

727 333 108 37 ter
788 333 123 37 haec
865 333 123 37 item
942 333 154 37 cuncta
1049 333 169 37 mouens,
1157 333 92 37 tan-

721 372 169 54 quam
826 372 211 54 omnium
953 372 190 54 primum.

780 412 166 45 Mouens
897 412 149 45 autem
996 412 100 45 in
1046 412 149 45 rebus
1129 412 116 45 natu-

722 457 159 58 ralibus
837 457 115 58 homo
909 457 173 58 hominis,
1039 457 87 58 in
1082 457 101 58 eis
1126 457 115 58 autem,

729 509 119 63 quae
803 509 119 63 sunt
877 509 89 63 ex
922 509 207 63 cognitione
1085 509 148 63 forma,
1189 509 74 63 &

728 556 130 54 suum
809 556 243 54 contrarium.
1003 556 227 54 quapropter
1165 556 81 54 cau

730 604 88 65 se
774 604 146 65 aliquo
876 604 117 65 modo
949 604 117 65 sunt
1022 604 131 65 tres,
1110 604 131 65 sicut
1197 604 73 65 &

727 652 182 58 quatuor.
863 652 182 58 Medicina
1000 652 121 58 enim
1076 652 106 58 est
1122 652 121 58 aliquo

728 700 110 62 modo
797 700 166 62 sanitas,
921 700 69 62 &
949 700 97 62 ars
1004 700 207 62 aedificandi
1156 700 83 62 for-

720 747 93 64 ma
767 747 156 64 domus,
876 747 78 64 &
907 747 125 64 homo
985 747 171 64 generat
1094 747 140 64 homine-

722 796 72 55 &
750 796 101 55 est
808 796 145 55 illud,
909 796 116 55 quod
982 796 101 55 est
1040 796 202 55 extrinsecu
1184 796 58 55 al

738 844 145 62 istis,
839 844 116 62 quod
912 844 102 62 est
970 844 203 62 principium
1115 844 131 62 omnium.

757 901 107 56 Cum
818 901 215 56 declarauit
987 901 154 56 causas
1094 901 123 56 esse
1156 901 92 56 qua-

733 945 123 47 tuor,
815 945 109 47 vult
883 945 191 47 declarare,
1033 945 109 47 quod
1101 945 136 47 aliquo
1183 945 54 47 mo

727 983 77 51 do
766 983 180 51 reducuntur
907 983 77 51 in
945 983 115 51 tres.
1022 983 64 51 &
1048 983 115 51 dicit
1125 983 115 51 quod,
1189 983 64 51 cum

741 1021 175 52 quidlibet
875 1021 94 52 non
929 1021 108 52 fit,
996 1021 108 52 nisi
1064 1021 67 52 a
1090 1021 108 52 sibi
1144 1021 108 52 conue-

726 1057 181 57 nienti:
857 1057 99 57 vt
907 1057 132 57 homo
989 1057 181 57 generat
1105 1057 148 57 hominin

730 1099 125 39 rebus
814 1099 223 39 naturalibus,
994 1099 70 39 &
1022 1099 125 39 forma
1092 1099 153 39 artificia

730 1137 89 41 lis
781 1137 115 41 facit
858 1137 115 41 aliam
934 1137 128 41 formam
1024 1137 102 41 sibi
1087 1137 153 41 similem,
1189 1137 64 41 aut

731 1186 186 32 contrariam
877 1186 80 32 in
917 1186 120 32 rebus
997 1186 253 32 artificialibus:
1196 1186 53 32 ma

729 1218 156 40 nifestum
846 1218 104 40 est,
911 1218 104 40 quod
976 1218 130 40 causae
1068 1218 182 40 reducuntur
1198 1218 52 40 in

735 1260 120 38 tres,
814 1260 93 38 cum
868 1260 120 38 agens
947 1260 66 38 &
974 1260 120 38 finis
1054 1260 106 38 idem
1120 1260 106 38 sint
1173 1260 80 38 for-

729 1292 109 51 ma.
791 1292 186 51 Medicina
930 1292 124 51 enim
1008 1292 155 51 aliquo
1116 1292 124 51 modo
1178 1292 62 51 es

725 1332 178 48 sanitas,
858 1332 74 48 &
888 1332 133 48 forma
977 1332 133 48 domus
1065 1332 148 48 aliquo
1154 1332 89 48 modo

734 1376 98 34 est
790 1376 141 34 domus,
889 1376 70 34 &
917 1376 127 34 semen
1001 1376 155 34 hominis
1113 1376 127 34 homo.
1198 1376 70 34 &

734 1411 114 47 quia
805 1411 170 47 dispoeon
933 1411 142 47 vltimi
1032 1411 170 47 mouentis
1146 1411 99 47 omnia

728 1449 150 41 aliquo
833 1449 120 41 modo
908 1449 105 41 est
968 1449 135 41 sicut
1058 1449 150 41 dispon
1148 1449 105 41 mouen

732 1493 100 48 tis
789 1493 200 48 propinqui,
946 1493 72 48 &
975 1493 143 48 primum
1075 1493 143 48 mouens
1175 1493 100 48 mo

730 1532 100 39 uet
787 1532 85 39 ad
829 1532 128 39 omnes
915 1532 157 39 formas:
1029 1532 199 39 manifestum
1171 1532 71 39 est

734 1569 113 41 quod
804 1569 127 41 forma
889 1569 127 41 primi
974 1569 169 41 mouentis
1101 1569 141 41 aliquo
1186 1569 56 41 mo

727 1613 82 38 do
768 1613 95 38 est
823 1613 123 38 omnes
904 1613 150 38 formae.
1013 1613 68 38 &
1041 1613 95 38 hoc
1082 1613 163 38 intendebat

730 1653 88 38 cum
781 1653 125 38 dicit:
868 1653 63 38 &
893 1653 88 38 est
944 1653 125 38 illud,
1031 1653 100 38 quod
1094 1653 88 38 est
1132 1653 100 38 extrin

726 1685 125 54 secum
809 1685 83 54 ab
851 1685 138 54 istis,
948 1685 111 54 quod
1017 1685 97 54 est
1072 1685 152 54 primum.
1169 1685 69 54 Ale

735 1725 128 51 xander
825 1725 115 51 autem
901 1725 128 51 dicit,
991 1725 102 51 quod
1054 1725 140 51 addidit
1157 1725 89 51 hoc
1195 1725 51 51 ad

728 1765 242 49 demonstrandum
927 1765 128 49 aliud
1013 1765 200 49 principium
1155 1765 86 49 esse

730 1805 205 37 extrinsecum
894 1805 68 37 a
921 1805 136 37 motis,
1017 1805 68 37 &
1044 1805 150 37 commune
1140 1805 95 37 omnib

721 1846 240 52 mouentibus.
913 1846 112 52 hoc
977 1846 128 52 enim
1041 1846 208 52 principium,
