1475 2066
178 140 204 55 singularia
339 140 204 55 indiuidua.
500 140 190 55 quodlibet
631 140 73 55 eni

191 181 149 52 istorum
300 181 122 52 aliud
381 181 95 52 est
436 181 68 52 a
463 181 95 52 suo
517 181 149 52 compari
626 181 81 52 in
653 181 54 52 nu

193 226 133 47 mero.
282 226 74 47 &
312 226 89 47 ex
356 226 104 47 hoc
415 226 237 47 intelligitur
593 226 118 47 aliqua

198 260 94 48 esse
257 260 188 48 convenientia
410 260 70 48 in
445 260 94 48 suis
503 260 117 48 causis
586 260 70 48 in
609 260 94 48 specie

211 299 124 39 D.d.
289 299 78 39 &
320 299 187 39 materia,
460 299 78 39 &
491 299 155 39 forma,
600 299 78 39 &
616 299 93 39 quod

186 349 136 29 mouet,
282 349 95 29 &c.
336 349 82 29 i.
377 349 82 29 &,
418 349 95 29 cum
472 349 163 29 dicamus,
595 349 109 29 quod
650 349 54 29 ma

190 379 143 40 teria,
290 379 72 40 &
319 379 143 40 forma,
419 379 72 40 &
448 379 129 40 motor
534 379 115 40 sunt
591 379 115 40 princi

189 417 109 49 pia
251 417 155 49 omnium
359 417 155 49 rerum,
468 417 109 49 non
530 417 124 49 sunt
592 417 109 49 eadem

190 453 110 45 eadem
263 453 98 45 sunt
324 453 134 45 sermone
422 453 183 45 vniversali.
568 453 73 45 Et
604 453 73 45 in
629 453 73 45 alia

196 493 220 43 translatione
375 493 110 43 est:
444 493 152 43 materia
554 493 124 43 enim.
623 493 83 43 tua,

193 533 73 38 &
223 533 176 38 sanitas,
355 533 73 38 &
384 533 117 38 quod
458 533 132 38 mouet
546 533 103 38 hoc
604 533 88 38 in
634 533 73 38 ser

189 580 123 38 mone
265 580 215 38 vniuersali
434 580 123 38 sunt
511 580 200 38 principia
650 580 61 38 om

195 613 110 37 nium
264 613 151 37 entium.
374 613 151 37 quoniam
484 613 151 37 quamuis
594 613 96 37 cum
635 613 69 37 d.i

190 650 142 53 cantur
289 650 114 53 esse
360 650 185 53 principia
502 650 99 53 non
559 650 142 53 eisdem
644 650 57 53 mo

193 688 104 42 dis:
258 688 91 42 sed
310 688 168 42 diuersis,
439 688 117 42 tamen
517 688 117 42 eadem
594 688 104 42 sunt
646 688 52 42 om

198 732 100 48 nibus
264 732 100 48 rebus
331 732 188 48 vniversaliter
486 732 55 48 &
497 732 210 48 proportionaliter.

196 765 62 53 &
220 765 111 53 quasi
294 765 123 53 dicat:
380 765 135 53 quoniam
479 765 135 53 quamuis
578 765 86 53 non
627 765 111 53 ssint

191 813 121 29 eadem
271 813 161 29 secundum
392 813 161 29 naturam,
513 813 121 29 tamen
594 813 107 29 sunt
647 813 54 29 ea

192 846 110 49 dem
255 846 173 49 sermone
381 846 236 49 vniuersali,
570 846 110 49 per
618 846 95 49 quem

185 892 226 30 describitur
366 892 211 30 principium
532 892 75 30 &
547 892 121 30 causa-

239 941 179 54 Quaerere
373 941 134 54 autem
463 941 164 54 quaenam
568 941 134 54 princi-

189 989 122 52 pia,
265 989 122 52 siue
341 989 183 52 elementa
463 989 244 52 substantiarum,

191 1025 100 47 ad
241 1025 200 47 aliquid,
391 1025 83 47 &
424 1025 233 47 qualitatum
591 1025 116 47 sint.

195 1068 126 54 vtrum
279 1068 126 54 eadem
363 1068 84 54 an
405 1068 168 54 diuersa,
530 1068 126 54 patet
614 1068 126 54 quod,

184 1109 109 52 cum
247 1109 264 52 multipliciter
464 1109 202 52 dicantur,
604 1109 109 52 vniul

193 1151 161 50 cuiusque
314 1151 134 50 sunt.,
408 1151 81 50 at
448 1151 81 50 si
488 1151 202 50 diuidantur,
650 1151 94 50 non

188 1194 143 54 eadem,
288 1194 100 54 sed
345 1194 171 54 diuersa,
473 1194 114 54 nisi
545 1194 114 54 quod
602 1194 114 54 aliquo

187 1245 143 41 modo
277 1245 179 41 eadem.
402 1245 233 41 analogice
564 1245 143 41 namque

195 1278 153 44 eadem:
302 1278 123 44 quia
379 1278 184 44 materia,
517 1278 153 44 forma,
609 1278 107 44 priua

189 1321 123 42 tio,
265 1321 169 42 mouens.
388 1321 92 42 ac
434 1321 123 42 illo
511 1321 123 42 modo
572 1321 138 42 substan

191 1361 147 52 tiarum
294 1361 161 52 causae,
411 1361 132 52 quasi
500 1361 147 52 omnium
588 1361 117 52 causa-

188 1403 138 54 sunt:
280 1403 123 54 quia
356 1403 215 54 peremptis,
510 1403 199 54 perimuntur,

186 1445 214 54 Praeterea
350 1445 132 54 quod
432 1445 165 54 primum
547 1445 132 54 actu
613 1445 99 54 est.

184 1488 126 52 illo
263 1488 126 52 vero
341 1488 126 52 modo
420 1488 126 52 alia
499 1488 157 52 prima,
609 1488 126 52 quae

195 1540 154 47 cunque
302 1540 216 47 contraria,
472 1540 123 47 quae
549 1540 108 47 nec
611 1540 92 47 vt
641 1540 62 47 ge

186 1572 130 49 nera,
272 1572 130 49 neque
359 1572 246 49 multipliciter
547 1572 159 49 dicuntur,

188 1613 137 46 item
274 1613 86 46 &
291 1613 188 46 materiae.

231 1661 174 61 Quoniam
358 1661 142 61 autem
452 1661 190 61 quaestio
579 1661 126 61 nostra

189 1714 133 56 quae
273 1714 133 56 sunt
356 1714 233 56 principia,
539 1714 83 56 &
556 1714 150 56 element

192 1757 229 61 substantiae,
378 1757 215 61 relationis,
550 1757 72 61 &
564 1757 143 61 quantita

183 1813 120 53 tis,
258 1813 135 53 vtrum
348 1813 120 53 sint
423 1813 135 53 eadem
514 1813 105 53 aut
559 1813 150 53 diuersa,

724 140 207 66 manifestum
887 140 118 66 est,
960 140 118 66 quod
1034 140 118 66 sunt
1108 140 118 66 quae
1167 140 74 66 di-

725 189 145 61 cuntur
827 189 145 61 multis
929 189 131 61 modis
1016 189 87 61 in
1059 189 189 61 quolibet.
1190 189 58 61 et

728 236 102 62 cum
787 236 204 62 diuidatur,
947 236 102 62 non
1005 236 117 62 sunt
1078 236 146 62 eadem,
1180 236 102 62 sed

731 284 172 67 diuersa,
860 284 158 67 praeter
975 284 100 67 hoc
1032 284 115 67 quod
1104 284 115 67 sunt
1161 284 72 67 om-

722 333 128 56 nium
802 333 159 56 etiam.
913 333 112 56 sic
977 333 143 56 autem
1073 333 128 56 sunt
1136 333 112 56 eadem

717 381 201 61 secundum
868 381 268 61 aequalitatem
1069 381 168 61 compara-

716 428 161 63 tionis
829 428 145 63 forma
926 428 177 63 mouens.
1055 428 81 63 &
1087 428 113 63 sic
1135 428 113 63 etiam

727 477 143 61 causae
827 477 258 61 substantiarum,
1042 477 129 61 sicut
1114 477 129 61 similia

729 524 143 62 eorum
824 524 175 62 omnium,
951 524 127 62 quae
1031 524 206 62 auferutur
1174 524 79 62 cum

731 572 125 62 illa
810 572 234 62 auferuntur.
997 572 94 62 Et
1044 572 141 62 etiam
1122 572 125 62 primum

728 621 90 61 in
773 621 239 61 perfectione.
967 621 75 61 &
997 621 105 61 sic
1057 621 149 61 aliud,
1161 621 75 61 &
1176 621 75 61 pri

718 669 92 62 ma
764 669 153 62 omnia,
871 669 122 62 quae
947 669 122 62 sunt
1024 669 214 62 contraria,
1177 669 76 62 quo

727 717 126 66 niam
806 717 126 66 ista
885 717 111 66 non
948 717 142 66 sicut
1043 717 158 66 genera
1138 717 126 66 dicun-

730 765 123 61 tur,
806 765 153 61 neque,
914 765 153 61 multis
1021 765 153 61 modis,
1128 765 77 61 &
1144 765 107 61 etiam

724 820 193 39 materia
847 820 123 39 eorum

768 876 98 47 Cum
824 876 112 47 quae
894 876 126 47 fiuit
978 876 182 47 principia
1105 876 140 47 praedica

728 921 165 42 mentorum
852 921 83 42 an
894 921 110 42 sint
962 921 138 42 eadem,
1059 921 96 42 aut
1100 921 138 42 diuersa-

734 961 70 41 &
762 961 197 41 declarauit
917 961 141 41 modum,
1015 961 98 41 quo
1071 961 112 41 sunt
1128 961 112 41 eadem,

730 997 72 50 &
758 997 100 50 quo
816 997 115 50 sunt
887 997 172 50 diuersa:
1017 997 172 50 amplius,
1146 997 72 50 &
1160 997 86 50 quod

729 1036 169 47 principia
859 1036 195 47 substantiae
1015 1036 104 47 sunt
1067 1036 182 47 aliqualiter,

731 1077 124 51 sicut
814 1077 179 51 principia
951 1077 151 51 aliorum
1048 1077 193 51 praedicamen-

734 1124 139 39 torum,
831 1124 111 39 vult
900 1124 180 39 colligere
1039 1124 111 39 haec
1108 1124 166 39 dicendo:

730 1155 167 38 Quaestio
856 1155 126 38 autem
939 1155 153 38 nostra,
1051 1155 126 38 vtrum
1121 1155 126 38 princi-

726 1192 88 50 pia
777 1192 189 50 substantiae
928 1192 101 50 sint
991 1192 76 50 ea
1029 1192 88 50 dem
1079 1192 88 50 aut
1117 1192 126 50 diuersa,

734 1230 181 45 manifestum
876 1230 103 45 est,
941 1230 103 45 quod
1005 1230 103 45 sunt
1070 1230 155 45 diuersa,
1173 1230 65 45 cum

728 1269 233 51 multipliciter
920 1269 151 51 dicatur
1030 1269 96 51 hoc
1085 1269 123 51 nomen
1153 1269 96 51 prin-

729 1312 134 42 cipium
823 1312 81 42 de
863 1312 175 42 vnoquoque
997 1312 161 42 istorum.
1118 1312 94 42 sed
1158 1312 81 42 tame

736 1348 91 55 non
788 1348 91 55 est
840 1348 220 55 intelligendum
1021 1348 78 55 ex
1060 1348 104 55 hoc,
1124 1348 104 55 quod
1176 1348 65 55 se-

725 1389 160 50 cundum
837 1389 304 50 aequiuocationem
1093 1389 144 50 puram
1173 1389 64 50 di

726 1428 147 38 catur,
829 1428 74 38 &
859 1428 103 38 hoc
917 1428 221 38 intendebat,
1094 1428 103 38 cum
1138 1428 103 38 dicit

734 1474 141 32 multis
833 1474 141 32 modis.
932 1474 85 32 Et
974 1474 85 32 in
1017 1474 156 32 secunda
1116 1474 127 32 transla

732 1508 106 39 tione
803 1508 130 39 dicitu:
898 1508 165 39 manifestum
1027 1508 94 39 est,
1086 1508 94 39 quod
1134 1508 106 39 dicitur

725 1548 152 40 multis
831 1548 136 40 modis
922 1548 273 40 vuiuersalibus.
1149 1548 76 40 &
1164 1548 76 40 add

733 1587 75 39 dit
776 1587 192 39 vniversalibus,
936 1587 75 39 cum
978 1587 75 39 sit
1021 1587 96 39 talis
1085 1587 149 39 dispositio
1191 1587 43 39 si

730 1620 208 59 gnificationum
901 1620 147 59 nominum.
1011 1620 147 59 scilicet
1121 1620 98 59 quod
1170 1620 73 59 sign

730 1668 116 48 ficent
812 1668 174 48 intentiones
951 1668 174 48 vniversales
1091 1668 70 48 in
1114 1668 128 48 quaesitis

729 1705 91 48 De
774 1705 228 48 particulari
957 1705 122 48 enim
1033 1705 106 48 non
1094 1705 106 48 sit
1140 1705 106 48 demon

735 1741 151 54 stratio:
848 1741 138 54 quamuis
949 1741 113 54 ipsum
1024 1741 126 54 tantum
1112 1741 88 54 sit
1162 1741 88 54 ens
1200 1741 50 54 in

726 1780 111 39 rei
790 1780 206 39 veritate.
948 1780 158 39 Deinde
1043 1780 206 39 confirmauit

717 1821 120 45 hoc,
792 1821 75 45 &
822 1821 151 45 dicit:
928 1821 75 45 &
958 1821 105 45 cum
1018 1821 211 45 diuidatur,
1169 1821 75 45 &c.
