1475 2066
200 141 138 55 Quae
286 141 173 55 itaque
407 141 259 55 sensibilium
597 141 138 55 princi

209 189 128 50 pia
282 189 164 50 sunt,
391 189 91 50 &
427 189 164 50 quot,
537 189 164 50 quoue
628 189 109 50 modo

204 228 173 46 eadem,
325 228 86 46 &
359 228 207 46 diuersa,
515 228 173 46 dictum
618 228 104 46 est.

220 309 287 37 SVMMA
380 309 319 37 SECVNNDA

310 365 84 37 De
352 365 197 37 substantia
493 365 154 37 Immobili.

210 419 192 43 Mecossarium
364 419 102 43 esse
427 419 102 43 dari
491 419 192 43 substantiam
632 419 102 43 aliqui

228 457 188 41 immobilem,
375 457 188 41 perpetuam,
523 457 175 41 semperque
644 457 81 41 actu

249 495 222 52 excistentem.
430 495 111 52 Item
499 495 125 52 actum
568 495 139 52 potentia

308 533 131 53 esse
389 533 196 53 priorem.
537 533 131 53 Cap.
602 533 49 53 2

377 586 98 51 vm
426 586 131 51 vero
507 586 131 51 tres
589 586 131 51 sint
654 586 82 51 sub

381 633 207 49 stantiae,
541 633 128 49 duae
604 633 128 49 quidem

381 674 196 49 naturales,
535 674 112 49 alia
605 674 126 49 autem
675 674 56 49 im

377 716 189 54 mobilis,
519 716 94 54 de
566 716 110 54 hac
629 716 110 54 est
676 716 63 54 di

218 756 155 54 cendum
326 756 124 54 quod
403 756 170 54 necesse
527 756 108 54 est
573 756 170 54 perpetuam

211 801 210 41 aliquam,
368 801 87 41 &
403 801 227 41 immobilem
560 801 175 41 substan-

215 841 116 54 tiam
288 841 131 54 esse.
375 841 87 54 Et
419 841 116 54 enim
492 841 233 54 substantiae,
666 841 73 54 pri

213 885 104 45 mae
273 885 149 45 entium
377 885 134 45 sunt.
466 885 74 45 &
495 885 89 45 si
540 885 163 45 cunctae
644 885 89 45 cor-

210 924 248 54 ruptibiles,
409 924 149 54 omnia
492 924 248 54 corruptibilia

207 968 137 50 sunt.
298 968 91 50 at
344 968 229 50 impossibile
527 968 107 50 est
588 968 107 50 aut
634 968 91 50 gene

215 1010 139 42 rari
301 1010 173 42 motum,
423 1010 121 42 aut
492 1010 225 42 corrumpi:
648 1010 87 42 nam

216 1052 169 46 semper
334 1052 152 46 erat,
435 1052 152 46 neque
537 1052 186 46 tempus,
655 1052 84 46 cum

209 1100 114 39 non
274 1100 114 39 sit
339 1100 211 39 possibile
501 1100 146 39 prius
598 1100 81 39 &
614 1100 114 39 poste

213 1137 123 43 rius
290 1137 139 43 esse,
382 1137 170 43 tempore
506 1137 108 43 non
552 1137 185 43 existente.

210 1178 81 41 &
242 1178 147 41 motus
340 1178 147 41 sanem
438 1178 114 41 ita
503 1178 212 41 continuus
650 1178 81 41 est

214 1220 164 47 sicuti
329 1220 82 47 &
361 1220 181 47 tempus,
493 1220 115 47 aut
559 1220 131 47 enim
624 1220 99 47 idem

213 1262 115 44 aut
278 1262 180 44 quaedam
409 1262 164 44 ipsius
524 1262 147 44 motus
606 1262 131 44 passio

218 1304 115 51 est.
290 1304 130 51 motus
376 1304 115 51 vero
448 1304 101 51 non
506 1304 101 51 est
563 1304 202 51 continuus,

212 1345 172 49 praeter
338 1345 141 49 hunc,
432 1345 110 49 qui
494 1345 188 49 secundum
619 1345 110 49 locum

217 1388 79 55 &
249 1388 142 55 hunc,
343 1388 110 55 qui
406 1388 220 55 circularis
564 1388 94 55 est.

261 1428 122 68 Quae
337 1428 138 68 autem
429 1428 122 68 sunt
506 1428 199 68 principia
643 1428 92 68 sen-

211 1476 192 62 sibiliu,
355 1476 80 62 &
387 1476 144 62 quot,
484 1476 80 62 &
516 1476 176 62 quomodo
628 1476 112 62 sunt,

215 1524 162 62 eadem,
328 1524 81 62 &
361 1524 178 62 diuersa
490 1524 162 62 dictum
603 1524 130 62 est.
668 1524 65 62 Et

218 1573 120 61 quia
293 1573 225 61 substantiae
473 1573 120 61 sunt
548 1573 135 61 tres,
623 1573 120 61 quarum

211 1621 122 62 duae
287 1621 122 62 sunt
363 1621 213 62 naturales,
531 1621 76 62 &
561 1621 107 62 vua
622 1621 107 62 est
668 1621 76 62 im-

211 1667 176 63 mobilis,
343 1667 191 63 loquendum
490 1667 103 63 est
549 1667 88 63 de
593 1667 132 63 ista,
681 1667 73 63 &

215 1716 195 63 narrandum
365 1716 105 63 est
425 1716 120 63 quod
500 1716 165 63 necesse
620 1716 105 63 est
665 1716 75 63 ali

216 1764 131 63 quam
298 1764 246 63 substantiam
494 1764 180 63 aeterna
625 1764 82 63 &
658 1764 115 63 non

210 1812 158 63 mobilem
325 1812 129 63 esse.
411 1812 215 63 Substantiae
583 1812 115 63 enim
640 1812 101 63 prae

752 141 165 69 cedunt.
872 141 135 69 omnia
962 141 150 69 entia.
1067 141 90 69 si
1112 141 150 69 igitur
1202 141 75 69 om-

752 188 105 63 nes
812 188 225 63 substantiae
992 188 165 63 fuerint
1097 188 180 63 corruptae,

751 239 131 59 omnia
838 239 131 59 entia
925 239 131 59 erunt
1012 239 189 59 corrupta.
1157 239 102 59 sed
1200 239 87 59 est,

754 284 240 62 impossibile
946 284 128 62 quod
1027 284 144 62 motus
1123 284 144 62 fiat,
1203 284 80 62 aut

756 333 268 61 corrumpatur:
974 333 167 61 semper
1091 333 134 61 enim
1158 333 117 61 erat.

754 381 154 65 neque,
861 381 154 65 tempus
969 381 154 65 etiam,
1077 381 108 65 cum
1123 381 154 65 impossi-

757 428 117 70 bile
831 428 103 70 sit
889 428 132 70 prius
977 428 73 70 &
1007 428 191 70 posterius
1153 428 132 70 esse,
1226 428 59 70 si

750 476 155 65 tempus
859 476 109 65 non
921 476 171 65 fuerit.
1046 476 78 65 &
1077 476 140 65 motus
1155 476 124 65 igitur

747 524 213 63 secundum
907 524 142 63 hunc
995 524 160 63 modum
1084 524 195 63 continuus

760 573 106 57 est,
826 573 119 57 sicut
905 573 145 57 tempus,
1011 573 92 57 aut
1064 573 106 57 enim
1130 573 106 57 erit
1183 573 92 57 idem.

750 621 104 61 aut
810 621 149 61 passio
914 621 149 61 motus.
1018 621 104 61 sed
1077 621 104 61 non
1122 621 163 61 inuenitur

754 669 128 53 motus
839 669 199 53 continuus,
995 669 114 53 nisi
1066 669 85 53 in
1109 669 128 53 loco,
1194 669 71 53 &
1208 669 71 53 ex-

759 717 113 61 istis
822 717 163 61 circularis.

792 772 92 52 Per
844 772 105 52 hoc,
910 772 105 52 quod
975 772 131 52 dixit,
1067 772 105 52 quod
1132 772 105 52 sunt
1184 772 92 52 prin-

752 809 132 49 cipia
840 809 235 49 sensibilium,
1031 809 147 49 innuit
1119 809 161 49 materiam,

749 848 85 43 &
783 848 186 43 formam,
918 848 85 43 &
952 848 271 43 priuationem,
1172 848 85 43 &
1189 848 85 43 mo-

749 888 147 42 torem,
852 888 74 42 &
882 888 118 42 quod
955 888 118 42 sunt
1029 888 118 42 tria
1102 888 103 42 vno
1161 888 132 42 modo,
1235 888 44 42 &

753 931 152 48 quatuor
864 931 111 48 alio
933 931 125 48 modo.
1016 931 83 48 Et
1058 931 97 48 per
1113 931 111 48 hoc,
1182 931 83 48 qu
1224 931 83 48 od

754 965 136 52 dixit.
850 965 68 52 &
877 965 96 52 quo
932 965 123 52 modo,
1014 965 136 52 innuit
1109 965 136 52 illud,
1191 965 82 52 quod

758 1006 186 50 praedixit,
904 1006 106 50 quod
970 1006 106 50 sunt
1036 1006 119 50 eadem
1116 1006 93 50 per
1156 1006 119 50 assimi-

751 1043 204 40 lationem,
908 1043 78 40 &
940 1043 173 40 diuersa
1065 1043 188 40 secundum
1191 1043 78 40 na-

754 1084 166 51 turam.
870 1084 282 51 Consyderandum
1102 1084 149 51 autem
1185 1084 83 51 est

751 1125 137 51 vtrum
842 1125 106 51 hoc
903 1125 213 51 intendebat
1070 1125 106 51 per
1116 1125 152 51 sensibit

755 1164 120 38 lia,
830 1164 90 38 de
875 1164 150 38 quorum
980 1164 210 38 principiis
1131 1164 135 38 loqueba

754 1202 109 40 tur,
822 1202 218 40 generabilia,
1000 1202 68 40 &
1027 1202 232 40 corruptibilia
1204 1202 68 40 tan

758 1250 113 32 tum,
829 1250 99 32 aut
885 1250 127 32 etiam
970 1250 170 32 aeterna.
1097 1250 184 32 Alexander
1224 1250 57 32 au

750 1285 89 44 tem
801 1285 127 44 dixit,
890 1285 101 44 quod
953 1285 139 44 quamuis
1054 1285 114 44 sermo
1130 1285 101 44 eius
1180 1285 89 44 prae-

759 1322 131 40 dictus
851 1322 92 40 sit
903 1322 79 40 de
943 1322 197 40 substantiis
1100 1322 92 40 non
1140 1322 131 40 aeternis

759 1359 119 45 tamen
838 1359 79 45 de
877 1359 158 45 vtraque:
996 1359 185 45 substantia
1128 1359 145 45 loquitur,

749 1397 152 38 scilicet
863 1397 152 38 aeterua,
977 1397 63 38 &
1002 1397 88 38 non
1052 1397 152 38 aeterna.
1166 1397 76 38 In
1191 1397 76 38 sub-

755 1437 150 37 stantia
864 1437 109 37 enim
932 1437 150 37 aeterna
1041 1437 204 37 inueniuntur
1191 1437 82 37 etia

757 1472 154 42 causae,
869 1472 112 42 quae
939 1472 98 42 per
995 1472 238 42 similitudinem
1177 1472 98 42 dicun

753 1517 104 37 tur
813 1517 104 37 cum
872 1517 149 37 causis
976 1517 253 37 generabilibus
1185 1517 74 37 &
1200 1517 74 37 cor

755 1553 255 41 ruptibilibus,
965 1553 195 41 inuenitur
1115 1553 120 41 enim
1190 1553 90 41 in
1220 1553 60 41 ea

749 1588 195 50 potentia,
899 1588 105 50 cum
959 1588 165 50 mouetur
1079 1588 90 50 in
1124 1588 135 50 loco.
1199 1588 75 50 sed

756 1636 131 45 tamen
844 1636 175 45 potentia
975 1636 87 45 in
1018 1636 102 45 vbi
1076 1636 102 45 non
1135 1636 102 45 est
1178 1636 102 45 poten

751 1669 98 37 tia
807 1669 84 37 in
849 1669 223 37 substantiam.
1030 1669 139 37 Deinde
1128 1669 139 37 dicit:
1211 1669 70 37 hoc

754 1706 131 48 enim,
842 1706 117 48 quod
915 1706 189 48 inuenitur
1060 1706 87 48 in
1104 1706 117 48 vbi,
1162 1706 117 48 simile

761 1744 95 42 est
816 1744 243 42 contrarietati,
1018 1744 176 42 aliquando
1153 1744 108 42 enim
1207 1744 68 42 est

756 1777 80 49 in
796 1777 93 49 vbi
849 1777 80 49 in
889 1777 173 49 potentia,
1023 1777 173 49 aliquando
1156 1777 80 49 in
1183 1777 93 49 actu.

760 1822 91 44 Et
805 1822 152 44 signum
911 1822 136 44 huius
1002 1822 121 44 est,
1078 1822 121 44 quia
1139 1822 136 44 Aristo
