1475 2066
229 148 110 63 Si
284 148 183 63 igitur
412 148 146 63 idem
503 148 128 63 est
576 148 183 63 semper
704 148 91 63 &

249 196 228 64 circulariter,
437 196 148 64 necesse
544 196 94 64 est
598 196 81 64 vt
638 196 107 64 agat
692 196 67 64 sic

237 245 108 62 per
298 245 108 62 se,
360 245 77 62 &
391 245 108 62 sic
453 245 108 62 per
515 245 186 62 alterum.
639 245 124 62 coelum

250 306 163 48 igitur
364 306 163 48 primum
461 306 179 48 aeternum.

288 338 113 54 Dixit
364 338 175 54 Alexander,
501 338 100 54 quod
564 338 113 54 facit
639 338 88 54 hic
677 338 75 54 reme

245 381 228 45 morationem
424 381 195 45 breuiter
570 381 98 45 de
619 381 114 45 eo,
667 381 98 45 quod

239 416 137 43 dictum
335 416 96 43 est
390 416 82 43 in
431 416 123 43 libro
513 416 82 43 de
554 416 150 43 Genera.
663 416 68 43 &
677 416 82 43 cor-

251 453 62 54 ru
282 453 52 54 p
303 453 125 54 scilicet
396 453 94 54 quod,
459 453 62 54 si
490 453 135 54 generatio
594 453 73 54 est
635 453 114 54 semper,
708 453 52 54 ne-

241 487 124 56 cesse
324 487 97 56 est
379 487 152 56 aliquid
490 487 166 56 generare
614 487 152 56 semper,
725 487 69 56 &

243 533 93 50 est
296 533 146 50 corpus,
402 533 106 50 quod
469 533 213 50 circulariter
628 533 133 50 mouetur,

248 573 81 51 &,
289 573 81 51 si
330 573 95 51 non
384 573 108 51 erit
452 573 162 51 generans
573 573 149 51 semper,
668 573 95 51 impos

246 613 135 51 sibile
341 613 95 51 est
395 613 108 51 quod
463 613 176 51 generatio
599 613 68 51 &
612 613 149 51 corruptio

250 650 105 40 sint
316 650 145 40 semper.
421 650 66 40 &
447 650 79 40 si
487 650 105 40 non,
552 650 184 40 consumetur
684 650 79 40 mate

242 689 110 50 ria,
311 689 69 50 &
338 689 110 50 tunc
407 689 151 50 necesse
516 689 96 50 est
571 689 82 50 vt
599 689 164 50 corrumpens

252 728 124 52 semper
338 728 87 52 sit
388 728 112 52 aliud
462 728 62 52 a
487 728 161 52 generante
611 728 136 52 semper,
698 728 62 52 aut

253 767 99 39 idem
315 767 124 39 faciat
402 767 99 39 duas
464 767 199 39 diuersitates
625 767 124 39 duabus
700 767 62 39 di-

249 806 236 46 spositionibus
444 806 181 46 diuersis.
582 806 111 46 immo
638 806 125 46 necesse

248 845 97 53 est
304 845 153 53 aliquod
415 845 167 53 aeternum
540 845 111 53 vnum
610 845 125 53 esse,
680 845 84 53 quod

247 884 92 49 sit
299 884 118 49 causa
378 884 158 49 actionis
497 884 171 49 aeternae,
628 884 92 49 qui
681 884 66 49 a
694 884 66 49 non

251 924 100 50 agit
313 924 100 50 nisi
375 924 100 50 vnam
437 924 162 50 actionem,
562 924 62 50 &
587 924 137 50 aliquod
674 924 87 50 aeter

251 960 111 53 num,
320 960 111 53 quod
390 960 111 53 agat
459 960 166 53 actiones
583 960 180 53 diuersas,
708 960 55 53 vt

247 1000 80 43 ab
287 1000 80 43 eo
327 1000 133 43 semper
420 1000 107 43 sint
487 1000 107 43 acta
554 1000 160 43 diuersa.
674 1000 67 43 &
687 1000 80 43 haec

250 1045 93 45 est
303 1045 186 45 dispositio
449 1045 120 45 primi
529 1045 120 45 coeli
609 1045 80 45 in
648 1045 93 45 suo
688 1045 80 45 motu

253 1078 156 44 diurno.
366 1078 184 44 Aternitas
508 1078 113 44 enim
579 1078 170 44 actionis
692 1078 71 44 pro

257 1119 106 48 uenit
328 1119 71 48 ex
363 1119 83 48 eo,
411 1119 94 48 quod
470 1119 94 48 ipse
529 1119 106 48 facit
600 1119 94 48 vnam
647 1119 118 48 actionem

250 1159 140 35 semper.
352 1159 102 35 Quae
416 1159 114 35 autem
492 1159 140 35 faciunt
594 1159 153 35 actiones
695 1159 64 35 di-

248 1196 151 39 uersas,
358 1196 110 39 sunt
427 1196 110 39 quae
496 1196 165 39 mouentur
620 1196 83 39 in
647 1196 110 39 orbibs

243 1238 216 36 decliuibus:
415 1238 72 36 &
444 1238 158 36 maximus
559 1238 130 36 eorum
646 1238 101 36 est
689 1238 72 36 Sol

246 1272 155 53 remotus
359 1272 113 53 enim
429 1272 70 53 &
457 1272 197 53 propiuquus
612 1272 127 53 facit
683 1272 85 53 con-

245 1310 129 45 traria.
339 1310 70 45 v.
374 1310 70 45 g.
409 1310 105 45 quod,
479 1310 82 45 cum
526 1310 117 45 fuerit
607 1310 140 45 remotus,
701 1310 70 45 erit

250 1357 124 37 causa
333 1357 220 37 corruptionis
511 1357 151 37 plurium
621 1357 151 37 entium,
731 1357 69 37 &

251 1388 95 44 cum
306 1388 136 44 fuerit
401 1388 204 44 propinquus,
564 1388 109 44 erit
632 1388 122 44 causa
700 1388 68 44 ge-

251 1436 181 38 nerationis
393 1436 155 38 plurium:
509 1436 64 38 &
535 1436 168 38 aliquando
651 1436 116 38 remotus

241 1477 168 43 generat
363 1477 168 43 aliqua,
485 1477 76 43 &
516 1477 214 43 propinquus
668 1477 92 43 gene

252 1507 89 39 rat
303 1507 115 39 alia.
380 1507 77 39 Et
418 1507 115 39 omnia
495 1507 102 39 ista
559 1507 128 39 innuit
635 1507 128 39 mirabili

247 1546 64 53 &
273 1546 155 53 breuiter
389 1546 90 53 per
441 1546 103 53 hoc,
505 1546 103 53 quod
570 1546 129 53 dixit:
660 1546 77 53 Si
686 1546 77 53 igit

241 1585 115 54 idem,
318 1585 90 54 &c.
369 1585 77 54 i.
408 1585 77 54 si
446 1585 128 54 igitur
536 1585 141 54 necesse
638 1585 90 54 est
676 1585 90 54 motum

245 1624 137 50 vnum,
336 1624 76 50 &
366 1624 198 50 continuum
519 1624 183 50 aeternum
656 1624 122 50 esse
716 1624 46 50 v

247 1669 106 40 agat
313 1669 93 40 per
366 1669 80 40 se
406 1669 106 40 vnam
472 1669 159 40 actionem
592 1669 186 40 continuam,
724 1669 40 40 &

250 1707 85 50 vt
292 1707 113 50 agat
363 1707 99 50 per
420 1707 128 50 aliud
505 1707 170 50 actiones
618 1707 142 50 diuersas

252 1744 73 40 vt
288 1744 122 40 semper
374 1744 98 40 sint
435 1744 98 40 duae
496 1744 159 40 actiones:
618 1744 61 40 &
642 1744 110 40 nihil
703 1744 61 40 uet

253 1787 103 39 tale,
321 1787 92 39 nisi
379 1787 126 39 coelum:
471 1787 126 39 necesse
562 1787 80 39 est
608 1787 69 39 vt
643 1787 115 39 coelum
712 1787 57 39 sit

243 1821 182 45 aeternum.
383 1821 84 45 Et
425 1821 84 45 in
467 1821 112 45 alia
523 1821 210 45 translatione.

816 141 140 58 Quod
904 141 105 58 si
957 141 175 58 futura
1079 141 123 58 est
1149 141 228 58 generatio

777 189 77 44 &
807 189 215 44 corruptio,
976 189 138 44 aliud
1069 189 154 44 operas
1161 189 138 44 aliter.

785 230 68 52 &
813 230 136 52 aliter
908 230 109 52 esse
976 230 163 52 oportet.
1099 230 150 52 Necesse
1194 230 109 52 igitur

782 278 96 36 est
837 278 96 36 hoc
892 278 137 36 quidem
988 278 110 36 modo
1057 278 124 36 illud
1139 278 165 36 secundum
1249 278 55 36 se

783 320 164 35 operari,
906 320 96 35 hoc
961 320 109 35 vero
1029 320 164 35 secundum
1153 320 137 35 aliud,
1235 320 68 35 aut

776 357 119 45 igitur
860 357 143 45 secundum
967 357 155 45 diuersum,
1086 357 84 45 aut
1134 357 143 45 secundum
1229 357 72 45 pri-

784 397 103 46 mum,
849 397 142 46 necesse
952 397 116 46 autem
1030 397 90 46 est
1081 397 78 46 vt
1120 397 155 46 secundum
1223 397 78 46 hoca

774 436 143 46 nanque
874 436 157 46 rursus,
988 436 71 46 &
1016 436 114 46 sibi
1087 436 71 46 &
1116 436 128 46 illtr
1187 436 114 46 causa-

775 484 126 47 est.
854 484 173 47 Dignius
979 484 126 47 ergo
1058 484 126 47 est,
1136 484 126 47 quod
1199 484 94 47 pri-

779 524 101 53 mum
836 524 115 53 est.
908 524 101 53 hoc
966 524 159 53 namque,
1082 524 87 53 vt
1125 524 144 53 semper
1211 524 87 53 sili

775 565 87 46 se
819 565 160 46 habeat,
935 565 131 46 causa
1023 565 131 46 erat:
1110 565 87 46 vt
1154 565 116 46 vero
1212 565 87 46 ali-

781 606 112 48 ter,
851 606 141 48 aliud.
950 606 84 48 vt
992 606 127 48 autem
1076 606 141 48 semper
1160 606 141 48 aliter,.

779 655 107 47 ambo
845 655 173 47 scilicet.
978 655 120 47 Patet
1058 655 133 47 igitur
1152 655 107 47 quod
1205 655 93 47 motus

780 689 136 50 quoque
876 689 96 50 ita
930 689 82 50 se
971 689 150 50 habent.
1081 689 96 50 Cur
1135 689 136 50 igitur
1217 689 82 50 alia

777 724 187 67 quaerere
917 724 171 67 oportet
1042 724 202 67 principia
1197 724 78 67 C
1228 724 109 67 Cum
1290 724 78 67 &

778 770 131 56 vero
860 770 82 56 &
892 770 115 56 ita
958 770 213 56 contingat
1122 770 98 56 (&
1171 770 98 56 si
1220 770 115 56 non

776 817 132 49 sic,
858 817 99 49 ex
907 817 165 49 nocte,
1022 817 82 49 &
1055 817 148 49 simul
1137 817 165 49 omnibus,

778 861 79 51 &
810 861 95 51 ex
857 861 111 51 non
921 861 127 51 ente
1000 861 158 51 erunt)
1110 861 127 51 haec
1174 861 127 51 profe-

791 900 100 55 cto
848 900 201 55 soluentur.
1006 900 86 55 Et
1049 900 100 55 est
1106 900 172 55 aliquid,
1221 900 86 55 quid

783 942 164 44 semper
897 942 245 44 incessabili
1093 942 131 44 motu
1159 942 147 44 mouetu.

781 987 105 40 hic
841 987 120 40 vero
916 987 209 40 circularis
1080 987 120 40 est.
1155 987 75 40 &
1184 987 105 40 hoc
1229 987 75 40 non

775 1029 160 53 solum
882 1029 213 53 ratione,
1041 1029 248 53 verumetiam
1218 1029 89 53 ope

776 1069 93 54 re
823 1069 155 54 patet.
932 1069 140 54 Quare
1025 1069 186 54 aeternum
1164 1069 109 54 est
1211 1069 93 54 pro-

779 1112 160 50 fecto
886 1112 178 50 primum
993 1112 160 50 coelum.

781 1189 169 45 Principium
914 1189 157 45 iequentis
1035 1189 121 45 textus
1120 1189 145 45 Auerrois
1216 1189 85 45 vsque

794 1228 96 30 ibi.
854 1228 72 30 Et
890 1228 72 30 si
926 1228 168 30 generatio,
1059 1228 96 30 idem
1119 1228 84 30 est
1167 1228 84 30 cum
1203 1228 84 30 textu

812 1252 155 39 superiori
931 1252 238 39 Trigesimotertio,
1133 1252 83 39 sed
1169 1252 95 39 secun-

830 1282 98 32 dum
886 1282 127 32 aliam
971 1282 253 32 translationem.
1168 1282 84 32 quod

849 1314 107 33 etiam
921 1314 84 33 per
968 1314 72 33 ea
1004 1314 119 33 vltima
1076 1314 167 33 antecedentis

862 1346 129 32 commenti
959 1346 108 32 verba.
1035 1346 65 32 Et
1067 1346 65 32 in
1100 1346 86 32 alia
1143 1346 86 32 trans-

921 1377 130 41 latione,
1019 1377 98 41 satis
1084 1377 109 41 patet.

829 1429 83 62 Si
871 1429 138 62 igitur
967 1429 110 62 idem
1036 1429 138 62 semper
1132 1429 138 62 fuerit
1214 1429 83 62 cir-

777 1472 215 67 culariter,
946 1472 169 67 oportet
1069 1472 169 67 aliquid
1176 1472 123 67 semper

779 1524 132 56 esse
862 1524 232 56 permanens,
1044 1524 132 56 quod
1127 1524 132 56 agat
1193 1524 116 56 vnam,

787 1571 152 69 actione
898 1571 207 69 consimilem.
1063 1571 97 69 Et,
1119 1571 83 69 si
1146 1571 152 69 generatio

786 1620 65 58 &
812 1620 169 58 corruptio
942 1620 104 58 sit,
1007 1620 143 58 oportet
1110 1620 156 58 aluiquid
1214 1620 91 58 esse,

789 1668 117 57 quod
862 1668 117 57 agat
936 1668 146 57 multis
1038 1668 146 57 modis.
1140 1668 161 57 Necesse
1243 1668 58 57 in

786 1716 153 62 igitur,
898 1716 84 62 vt
939 1716 112 62 agat
1009 1716 98 62 per
1065 1716 84 62 se
1107 1716 167 62 secundum
1232 1716 98 62 huc

783 1763 159 47 modum,
895 1763 80 47 &
927 1763 128 47 alio
1006 1763 128 47 modo
1086 1763 191 47 secundum
1213 1763 96 47 aliu

777 1812 157 63 modum.
887 1812 78 63 &
919 1812 173 63 necesse
1044 1812 110 63 est
1107 1812 94 63 vt
1154 1812 141 63 illud
1233 1812 78 63 sit
