<?xml version="1.0" encoding="UTF-8"?>
<alto xmlns:xsi="http://www.w3.org/2001/XMLSchema-instance"
      xmlns="http://www.loc.gov/standards/alto/ns-v2#"
      xmlns:page="http://schema.primaresearch.org/PAGE/gts/pagecontent/2013-07-15"
      xsi:schemaLocation="http://www.loc.gov/standards/alto/ns-v2# http://www.loc.gov/standards/alto/alto.xsd">
   <Description>
      <MeasurementUnit>pixel</MeasurementUnit>
      <OCRProcessing ID="IdOcr">
         <ocrProcessingStep>
            <processingDateTime>2020-11-21T10:33:37.947-05:00</processingDateTime>
            <processingSoftware>
               <softwareCreator>READ COOP</softwareCreator>
               <softwareName>Transkribus</softwareName>
            </processingSoftware>
         </ocrProcessingStep>
      </OCRProcessing>
   </Description>
   <Tags/>
   <Layout>
      <Page ID="Page1" PHYSICAL_IMG_NR="1" HEIGHT="2066" WIDTH="1475">
         <TopMargin HEIGHT="0" WIDTH="1475" VPOS="0" HPOS="0"/>
         <LeftMargin HEIGHT="2066" WIDTH="0" VPOS="0" HPOS="0"/>
         <RightMargin HEIGHT="2066" WIDTH="0" VPOS="0" HPOS="1475"/>
         <BottomMargin HEIGHT="0" WIDTH="1475" VPOS="2066" HPOS="0"/>
         <PrintSpace HEIGHT="2066" WIDTH="1475" VPOS="0" HPOS="0">
            <TextBlock ID="TextRegion_1604865459434_772"
                       HEIGHT="1804"
                       WIDTH="522"
                       VPOS="128"
                       HPOS="216">
               <Shape>
                  <Polygon POINTS="216,128 738,128 738,1932 216,1932"/>
               </Shape>
               <TextLine ID="line_1604865436036_753"
                         BASELINE="210"
                         HEIGHT="45"
                         WIDTH="509"
                         VPOS="165"
                         HPOS="211">
                  <String HEIGHT="45"
                          WIDTH="140"
                          VPOS="165"
                          HPOS="193"
                          CONTENT="suum"/>
                  <SP HEIGHT="45" WIDTH="18" VPOS="165" HPOS="334"/>
                  <String HEIGHT="45"
                          WIDTH="228"
                          VPOS="165"
                          HPOS="281"
                          CONTENT="oppositum"/>
                  <SP HEIGHT="45" WIDTH="18" VPOS="165" HPOS="509"/>
                  <String HEIGHT="45"
                          WIDTH="246"
                          VPOS="165"
                          HPOS="457"
                          CONTENT="inueniatur"/>
                  <SP HEIGHT="45" WIDTH="18" VPOS="165" HPOS="702"/>
                  <String HEIGHT="45" WIDTH="88" VPOS="165" HPOS="632" CONTENT="sim"/>
               </TextLine>
               <TextLine ID="r3l6"
                         BASELINE="259"
                         HEIGHT="50"
                         WIDTH="505"
                         VPOS="209"
                         HPOS="228">
                  <String HEIGHT="50"
                          WIDTH="157"
                          VPOS="209"
                          HPOS="211"
                          CONTENT="plex."/>
                  <SP HEIGHT="50" WIDTH="17" VPOS="209" HPOS="367"/>
                  <String HEIGHT="50"
                          WIDTH="139"
                          VPOS="209"
                          HPOS="315"
                          CONTENT="Omne"/>
                  <SP HEIGHT="50" WIDTH="17" VPOS="209" HPOS="454"/>
                  <String HEIGHT="50"
                          WIDTH="139"
                          VPOS="209"
                          HPOS="402"
                          CONTENT="enim"/>
                  <SP HEIGHT="50" WIDTH="17" VPOS="209" HPOS="541"/>
                  <String HEIGHT="50"
                          WIDTH="244"
                          VPOS="209"
                          HPOS="489"
                          CONTENT="compositum"/>
                  <SP HEIGHT="50" WIDTH="17" VPOS="209" HPOS="733"/>
                  <String HEIGHT="50" WIDTH="70" VPOS="209" HPOS="663" CONTENT="ex"/>
               </TextLine>
               <TextLine ID="r3l9"
                         BASELINE="290"
                         HEIGHT="41"
                         WIDTH="495"
                         VPOS="249"
                         HPOS="236">
                  <String HEIGHT="41"
                          WIDTH="155"
                          VPOS="249"
                          HPOS="221"
                          CONTENT="duobus"/>
                  <SP HEIGHT="41" WIDTH="15" VPOS="249" HPOS="375"/>
                  <String HEIGHT="41"
                          WIDTH="217"
                          VPOS="249"
                          HPOS="329"
                          CONTENT="oppositis,"/>
                  <SP HEIGHT="41" WIDTH="15" VPOS="249" HPOS="545"/>
                  <String HEIGHT="41"
                          WIDTH="155"
                          VPOS="249"
                          HPOS="499"
                          CONTENT="quorum"/>
                  <SP HEIGHT="41" WIDTH="15" VPOS="249" HPOS="654"/>
                  <String HEIGHT="41"
                          WIDTH="139"
                          VPOS="249"
                          HPOS="592"
                          CONTENT="alterum"/>
               </TextLine>
               <TextLine ID="r3l13"
                         BASELINE="330"
                         HEIGHT="37"
                         WIDTH="507"
                         VPOS="293"
                         HPOS="224">
                  <String HEIGHT="37"
                          WIDTH="178"
                          VPOS="293"
                          HPOS="210"
                          CONTENT="inuenitur"/>
                  <SP HEIGHT="37" WIDTH="14" VPOS="293" HPOS="388"/>
                  <String HEIGHT="37" WIDTH="96" VPOS="293" HPOS="347" CONTENT="per"/>
                  <SP HEIGHT="37" WIDTH="14" VPOS="293" HPOS="443"/>
                  <String HEIGHT="37" WIDTH="96" VPOS="293" HPOS="402" CONTENT="se,"/>
                  <SP HEIGHT="37" WIDTH="14" VPOS="293" HPOS="498"/>
                  <String HEIGHT="37" WIDTH="82" VPOS="293" HPOS="457" CONTENT="de"/>
                  <SP HEIGHT="37" WIDTH="14" VPOS="293" HPOS="539"/>
                  <String HEIGHT="37"
                          WIDTH="206"
                          VPOS="293"
                          HPOS="498"
                          CONTENT="necessitate"/>
                  <SP HEIGHT="37" WIDTH="14" VPOS="293" HPOS="704"/>
                  <String HEIGHT="37" WIDTH="69" VPOS="293" HPOS="662" CONTENT="&amp;"/>
                  <SP HEIGHT="37" WIDTH="14" VPOS="293" HPOS="731"/>
                  <String HEIGHT="37" WIDTH="55" VPOS="293" HPOS="676" CONTENT="re"/>
               </TextLine>
               <TextLine ID="r3l15"
                         BASELINE="370"
                         HEIGHT="37"
                         WIDTH="511"
                         VPOS="333"
                         HPOS="220">
                  <String HEIGHT="37"
                          WIDTH="176"
                          VPOS="333"
                          HPOS="204"
                          CONTENT="liquum."/>
                  <SP HEIGHT="37" WIDTH="16" VPOS="333" HPOS="380"/>
                  <String HEIGHT="37"
                          WIDTH="192"
                          VPOS="333"
                          HPOS="332"
                          CONTENT="Secundum"/>
                  <SP HEIGHT="37" WIDTH="16" VPOS="333" HPOS="523"/>
                  <String HEIGHT="37"
                          WIDTH="160"
                          VPOS="333"
                          HPOS="476"
                          CONTENT="igitur"/>
                  <SP HEIGHT="37" WIDTH="16" VPOS="333" HPOS="635"/>
                  <String HEIGHT="37" WIDTH="112" VPOS="333" HPOS="587" CONTENT="has"/>
                  <SP HEIGHT="37" WIDTH="16" VPOS="333" HPOS="699"/>
                  <String HEIGHT="37" WIDTH="96" VPOS="333" HPOS="635" CONTENT="duas"/>
               </TextLine>
               <TextLine ID="r3l17"
                         BASELINE="420"
                         HEIGHT="53"
                         WIDTH="502"
                         VPOS="367"
                         HPOS="221">
                  <String HEIGHT="53"
                          WIDTH="235"
                          VPOS="367"
                          HPOS="205"
                          CONTENT="intentiones"/>
                  <SP HEIGHT="53" WIDTH="16" VPOS="367" HPOS="441"/>
                  <String HEIGHT="53"
                          WIDTH="251"
                          VPOS="367"
                          HPOS="394"
                          CONTENT="intelligitur"/>
                  <SP HEIGHT="53" WIDTH="16" VPOS="367" HPOS="645"/>
                  <String HEIGHT="53"
                          WIDTH="126"
                          VPOS="367"
                          HPOS="598"
                          CONTENT="apud"/>
                  <SP HEIGHT="53" WIDTH="16" VPOS="367" HPOS="723"/>
                  <String HEIGHT="53" WIDTH="63" VPOS="367" HPOS="660" CONTENT="mo"/>
               </TextLine>
               <TextLine ID="r3l19"
                         BASELINE="450"
                         HEIGHT="44"
                         WIDTH="510"
                         VPOS="406"
                         HPOS="220">
                  <String HEIGHT="44"
                          WIDTH="132"
                          VPOS="406"
                          HPOS="204"
                          CONTENT="haec"/>
                  <SP HEIGHT="44" WIDTH="16" VPOS="406" HPOS="335"/>
                  <String HEIGHT="44"
                          WIDTH="165"
                          VPOS="406"
                          HPOS="286"
                          CONTENT="ratio:"/>
                  <SP HEIGHT="44" WIDTH="16" VPOS="406" HPOS="450"/>
                  <String HEIGHT="44" WIDTH="115" VPOS="406" HPOS="401" CONTENT="sed"/>
                  <SP HEIGHT="44" WIDTH="16" VPOS="406" HPOS="516"/>
                  <String HEIGHT="44"
                          WIDTH="197"
                          VPOS="406"
                          HPOS="467"
                          CONTENT="secundum"/>
                  <SP HEIGHT="44" WIDTH="16" VPOS="406" HPOS="664"/>
                  <String HEIGHT="44"
                          WIDTH="132"
                          VPOS="406"
                          HPOS="598"
                          CONTENT="primam"/>
               </TextLine>
               <TextLine ID="r3l21"
                         BASELINE="498"
                         HEIGHT="53"
                         WIDTH="499"
                         VPOS="445"
                         HPOS="224">
                  <String HEIGHT="53"
                          WIDTH="136"
                          VPOS="445"
                          HPOS="209"
                          CONTENT="magis"/>
                  <SP HEIGHT="53" WIDTH="15" VPOS="445" HPOS="345"/>
                  <String HEIGHT="53"
                          WIDTH="181"
                          VPOS="445"
                          HPOS="300"
                          CONTENT="videntur"/>
                  <SP HEIGHT="53" WIDTH="15" VPOS="445" HPOS="481"/>
                  <String HEIGHT="53"
                          WIDTH="136"
                          VPOS="445"
                          HPOS="436"
                          CONTENT="verba"/>
                  <SP HEIGHT="53" WIDTH="15" VPOS="445" HPOS="572"/>
                  <String HEIGHT="53"
                          WIDTH="136"
                          VPOS="445"
                          HPOS="526"
                          CONTENT="eius."/>
                  <SP HEIGHT="53" WIDTH="15" VPOS="445" HPOS="663"/>
                  <String HEIGHT="53"
                          WIDTH="121"
                          VPOS="445"
                          HPOS="602"
                          CONTENT="Secun"
                          SUBS_TYPE="HypPart1"
                          SUBS_CONTENT="Secunda"/>
                  <HYP CONTENT="-"/>
               </TextLine>
               <TextLine ID="r3l23"
                         BASELINE="530"
                         HEIGHT="46"
                         WIDTH="496"
                         VPOS="484"
                         HPOS="230">
                  <String HEIGHT="46"
                          WIDTH="88"
                          VPOS="484"
                          HPOS="215"
                          CONTENT="da"
                          SUBS_TYPE="HypPart2"
                          SUBS_CONTENT="Secunda"/>
                  <SP HEIGHT="46" WIDTH="15" VPOS="484" HPOS="303"/>
                  <String HEIGHT="46"
                          WIDTH="131"
                          VPOS="484"
                          HPOS="259"
                          CONTENT="autem"/>
                  <SP HEIGHT="46" WIDTH="15" VPOS="484" HPOS="390"/>
                  <String HEIGHT="46" WIDTH="102" VPOS="484" HPOS="347" CONTENT="est"/>
                  <SP HEIGHT="46" WIDTH="15" VPOS="484" HPOS="449"/>
                  <String HEIGHT="46"
                          WIDTH="131"
                          VPOS="484"
                          HPOS="405"
                          CONTENT="Alex."/>
                  <SP HEIGHT="46" WIDTH="15" VPOS="484" HPOS="536"/>
                  <String HEIGHT="46" WIDTH="73" VPOS="484" HPOS="493" CONTENT="&amp;"/>
                  <SP HEIGHT="46" WIDTH="15" VPOS="484" HPOS="566"/>
                  <String HEIGHT="46"
                          WIDTH="160"
                          VPOS="484"
                          HPOS="522"
                          CONTENT="oportet"/>
                  <SP HEIGHT="46" WIDTH="15" VPOS="484" HPOS="682"/>
                  <String HEIGHT="46"
                          WIDTH="102"
                          VPOS="484"
                          HPOS="624"
                          CONTENT="condi"/>
               </TextLine>
               <TextLine ID="r3l25"
                         BASELINE="575"
                         HEIGHT="50"
                         WIDTH="499"
                         VPOS="525"
                         HPOS="226">
                  <String HEIGHT="50"
                          WIDTH="166"
                          VPOS="525"
                          HPOS="212"
                          CONTENT="tionare,"/>
                  <SP HEIGHT="50" WIDTH="14" VPOS="525" HPOS="378"/>
                  <String HEIGHT="50"
                          WIDTH="111"
                          VPOS="525"
                          HPOS="337"
                          CONTENT="quod"/>
                  <SP HEIGHT="50" WIDTH="14" VPOS="525" HPOS="448"/>
                  <String HEIGHT="50"
                          WIDTH="194"
                          VPOS="525"
                          HPOS="406"
                          CONTENT="compositum"/>
                  <SP HEIGHT="50" WIDTH="14" VPOS="525" HPOS="600"/>
                  <String HEIGHT="50" WIDTH="97" VPOS="525" HPOS="559" CONTENT="fit"/>
                  <SP HEIGHT="50" WIDTH="14" VPOS="525" HPOS="656"/>
                  <String HEIGHT="50" WIDTH="83" VPOS="525" HPOS="614" CONTENT="ex"/>
                  <SP HEIGHT="50" WIDTH="14" VPOS="525" HPOS="697"/>
                  <String HEIGHT="50"
                          WIDTH="83"
                          VPOS="525"
                          HPOS="642"
                          CONTENT="duo"
                          SUBS_TYPE="HypPart1"
                          SUBS_CONTENT="duobus"/>
                  <HYP CONTENT="-"/>
               </TextLine>
               <TextLine ID="r3l27"
                         BASELINE="614"
                         HEIGHT="49"
                         WIDTH="509"
                         VPOS="565"
                         HPOS="220">
                  <String HEIGHT="49"
                          WIDTH="108"
                          VPOS="565"
                          HPOS="205"
                          CONTENT="bus"
                          SUBS_TYPE="HypPart2"
                          SUBS_CONTENT="duobus"/>
                  <SP HEIGHT="49" WIDTH="15" VPOS="565" HPOS="313"/>
                  <String HEIGHT="49"
                          WIDTH="185"
                          VPOS="565"
                          HPOS="266"
                          CONTENT="extremis"/>
                  <SP HEIGHT="49" WIDTH="15" VPOS="565" HPOS="451"/>
                  <String HEIGHT="49"
                          WIDTH="216"
                          VPOS="565"
                          HPOS="405"
                          CONTENT="oppositis,"/>
                  <SP HEIGHT="49" WIDTH="15" VPOS="565" HPOS="621"/>
                  <String HEIGHT="49"
                          WIDTH="123"
                          VPOS="565"
                          HPOS="575"
                          CONTENT="tunc"/>
                  <SP HEIGHT="49" WIDTH="15" VPOS="565" HPOS="698"/>
                  <String HEIGHT="49" WIDTH="93" VPOS="565" HPOS="636" CONTENT="enim"/>
               </TextLine>
               <TextLine ID="r3l29"
                         BASELINE="651"
                         HEIGHT="49"
                         WIDTH="506"
                         VPOS="602"
                         HPOS="220">
                  <String HEIGHT="49"
                          WIDTH="197"
                          VPOS="602"
                          HPOS="206"
                          CONTENT="propositio"/>
                  <SP HEIGHT="49" WIDTH="14" VPOS="602" HPOS="403"/>
                  <String HEIGHT="49"
                          WIDTH="112"
                          VPOS="602"
                          HPOS="361"
                          CONTENT="erit"/>
                  <SP HEIGHT="49" WIDTH="14" VPOS="602" HPOS="473"/>
                  <String HEIGHT="49"
                          WIDTH="225"
                          VPOS="602"
                          HPOS="431"
                          CONTENT="manifestior,"/>
                  <SP HEIGHT="49" WIDTH="14" VPOS="602" HPOS="656"/>
                  <String HEIGHT="49" WIDTH="70" VPOS="602" HPOS="614" CONTENT="&amp;"/>
                  <SP HEIGHT="49" WIDTH="14" VPOS="602" HPOS="684"/>
                  <String HEIGHT="49"
                          WIDTH="98"
                          VPOS="602"
                          HPOS="628"
                          CONTENT="nulla"/>
               </TextLine>
               <TextLine ID="r3l31"
                         BASELINE="693"
                         HEIGHT="53"
                         WIDTH="497"
                         VPOS="640"
                         HPOS="220">
                  <String HEIGHT="53"
                          WIDTH="199"
                          VPOS="640"
                          HPOS="206"
                          CONTENT="conditione"/>
                  <SP HEIGHT="53" WIDTH="14" VPOS="640" HPOS="405"/>
                  <String HEIGHT="53"
                          WIDTH="170"
                          VPOS="640"
                          HPOS="362"
                          CONTENT="indiget,"/>
                  <SP HEIGHT="53" WIDTH="14" VPOS="640" HPOS="532"/>
                  <String HEIGHT="53"
                          WIDTH="114"
                          VPOS="640"
                          HPOS="490"
                          CONTENT="nisi"/>
                  <SP HEIGHT="53" WIDTH="14" VPOS="640" HPOS="603"/>
                  <String HEIGHT="53" WIDTH="85" VPOS="640" HPOS="561" CONTENT="vt"/>
                  <SP HEIGHT="53" WIDTH="14" VPOS="640" HPOS="646"/>
                  <String HEIGHT="53"
                          WIDTH="114"
                          VPOS="640"
                          HPOS="603"
                          CONTENT="vnum"/>
                  <SP HEIGHT="53" WIDTH="14" VPOS="640" HPOS="717"/>
                  <String HEIGHT="53" WIDTH="57" VPOS="640" HPOS="660" CONTENT="eo"/>
               </TextLine>
               <TextLine ID="r3l33"
                         BASELINE="722"
                         HEIGHT="41"
                         WIDTH="502"
                         VPOS="681"
                         HPOS="221">
                  <String HEIGHT="41" WIDTH="100" VPOS="681" HPOS="207" CONTENT="rum"/>
                  <SP HEIGHT="41" WIDTH="14" VPOS="681" HPOS="307"/>
                  <String HEIGHT="41" WIDTH="100" VPOS="681" HPOS="264" CONTENT="non"/>
                  <SP HEIGHT="41" WIDTH="14" VPOS="681" HPOS="364"/>
                  <String HEIGHT="41" WIDTH="100" VPOS="681" HPOS="321" CONTENT="sit"/>
                  <SP HEIGHT="41" WIDTH="14" VPOS="681" HPOS="422"/>
                  <String HEIGHT="41"
                          WIDTH="172"
                          VPOS="681"
                          HPOS="379"
                          CONTENT="accidens"/>
                  <SP HEIGHT="41" WIDTH="14" VPOS="681" HPOS="551"/>
                  <String HEIGHT="41" WIDTH="86" VPOS="681" HPOS="508" CONTENT="in"/>
                  <SP HEIGHT="41" WIDTH="14" VPOS="681" HPOS="594"/>
                  <String HEIGHT="41"
                          WIDTH="172"
                          VPOS="681"
                          HPOS="551"
                          CONTENT="reliquo,"/>
                  <SP HEIGHT="41" WIDTH="14" VPOS="681" HPOS="723"/>
                  <String HEIGHT="41" WIDTH="57" VPOS="681" HPOS="666" CONTENT="vt"/>
               </TextLine>
               <TextLine ID="r3l35"
                         BASELINE="762"
                         HEIGHT="43"
                         WIDTH="498"
                         VPOS="719"
                         HPOS="228">
                  <String HEIGHT="43" WIDTH="81" VPOS="719" HPOS="215" CONTENT="d."/>
                  <SP HEIGHT="43" WIDTH="13" VPOS="719" HPOS="295"/>
                  <String HEIGHT="43"
                          WIDTH="121"
                          VPOS="719"
                          HPOS="255"
                          CONTENT="Alex."/>
                  <SP HEIGHT="43" WIDTH="13" VPOS="719" HPOS="376"/>
                  <String HEIGHT="43"
                          WIDTH="135"
                          VPOS="719"
                          HPOS="336"
                          CONTENT="Potest"/>
                  <SP HEIGHT="43" WIDTH="13" VPOS="719" HPOS="470"/>
                  <String HEIGHT="43"
                          WIDTH="108"
                          VPOS="719"
                          HPOS="430"
                          CONTENT="enim"/>
                  <SP HEIGHT="43" WIDTH="13" VPOS="719" HPOS="538"/>
                  <String HEIGHT="43"
                          WIDTH="135"
                          VPOS="719"
                          HPOS="497"
                          CONTENT="dicere"/>
                  <SP HEIGHT="43" WIDTH="13" VPOS="719" HPOS="632"/>
                  <String HEIGHT="43"
                          WIDTH="121"
                          VPOS="719"
                          HPOS="591"
                          CONTENT="quod,"/>
                  <SP HEIGHT="43" WIDTH="13" VPOS="719" HPOS="713"/>
                  <String HEIGHT="43" WIDTH="67" VPOS="719" HPOS="659" CONTENT="cum"/>
               </TextLine>
               <TextLine ID="r3l36"
                         BASELINE="794"
                         HEIGHT="36"
                         WIDTH="496"
                         VPOS="758"
                         HPOS="224">
                  <String HEIGHT="36"
                          WIDTH="176"
                          VPOS="758"
                          HPOS="208"
                          CONTENT="alterum"/>
                  <SP HEIGHT="36" WIDTH="16" VPOS="758" HPOS="384"/>
                  <String HEIGHT="36"
                          WIDTH="224"
                          VPOS="758"
                          HPOS="336"
                          CONTENT="extremorum"/>
                  <SP HEIGHT="36" WIDTH="16" VPOS="758" HPOS="560"/>
                  <String HEIGHT="36" WIDTH="80" VPOS="758" HPOS="512" CONTENT="&amp;"/>
                  <SP HEIGHT="36" WIDTH="16" VPOS="758" HPOS="592"/>
                  <String HEIGHT="36"
                          WIDTH="160"
                          VPOS="758"
                          HPOS="544"
                          CONTENT="medium"/>
                  <SP HEIGHT="36" WIDTH="16" VPOS="758" HPOS="704"/>
                  <String HEIGHT="36" WIDTH="80" VPOS="758" HPOS="640" CONTENT="fue"/>
               </TextLine>
               <TextLine ID="r3l38"
                         BASELINE="846"
                         HEIGHT="49"
                         WIDTH="499"
                         VPOS="797"
                         HPOS="224">
                  <String HEIGHT="49"
                          WIDTH="121"
                          VPOS="797"
                          HPOS="209"
                          CONTENT="rit,"/>
                  <SP HEIGHT="49" WIDTH="15" VPOS="797" HPOS="330"/>
                  <String HEIGHT="49" WIDTH="76" VPOS="797" HPOS="284" CONTENT="&amp;"/>
                  <SP HEIGHT="49" WIDTH="15" VPOS="797" HPOS="360"/>
                  <String HEIGHT="49"
                          WIDTH="181"
                          VPOS="797"
                          HPOS="315"
                          CONTENT="reliquum"/>
                  <SP HEIGHT="49" WIDTH="15" VPOS="797" HPOS="496"/>
                  <String HEIGHT="49"
                          WIDTH="212"
                          VPOS="797"
                          HPOS="451"
                          CONTENT="extremorum"/>
                  <SP HEIGHT="49" WIDTH="15" VPOS="797" HPOS="663"/>
                  <String HEIGHT="49"
                          WIDTH="121"
                          VPOS="797"
                          HPOS="602"
                          CONTENT="erit,."/>
               </TextLine>
               <TextLine ID="r3l40"
                         BASELINE="882"
                         HEIGHT="46"
                         WIDTH="500"
                         VPOS="836"
                         HPOS="220">
                  <String HEIGHT="46"
                          WIDTH="135"
                          VPOS="836"
                          HPOS="206"
                          CONTENT="potest"/>
                  <SP HEIGHT="46" WIDTH="14" VPOS="836" HPOS="342"/>
                  <String HEIGHT="46"
                          WIDTH="122"
                          VPOS="836"
                          HPOS="301"
                          CONTENT="etiam"/>
                  <SP HEIGHT="46" WIDTH="14" VPOS="836" HPOS="423"/>
                  <String HEIGHT="46"
                          WIDTH="135"
                          VPOS="836"
                          HPOS="382"
                          CONTENT="dicere"/>
                  <SP HEIGHT="46" WIDTH="14" VPOS="836" HPOS="517"/>
                  <String HEIGHT="46"
                          WIDTH="122"
                          VPOS="836"
                          HPOS="477"
                          CONTENT="quod,"/>
                  <SP HEIGHT="46" WIDTH="14" VPOS="836" HPOS="598"/>
                  <String HEIGHT="46" WIDTH="95" VPOS="836" HPOS="558" CONTENT="cum"/>
                  <SP HEIGHT="46" WIDTH="14" VPOS="836" HPOS="652"/>
                  <String HEIGHT="46" WIDTH="95" VPOS="836" HPOS="612" CONTENT="duo"/>
                  <SP HEIGHT="46" WIDTH="14" VPOS="836" HPOS="706"/>
                  <String HEIGHT="46"
                          WIDTH="68"
                          VPOS="836"
                          HPOS="652"
                          CONTENT="ex"
                          SUBS_TYPE="HypPart1"
                          SUBS_CONTENT="extrema"/>
                  <HYP CONTENT="-"/>
               </TextLine>
               <TextLine ID="r3l42"
                         BASELINE="922"
                         HEIGHT="48"
                         WIDTH="501"
                         VPOS="874"
                         HPOS="220">
                  <String HEIGHT="48"
                          WIDTH="145"
                          VPOS="874"
                          HPOS="204"
                          CONTENT="trema"
                          SUBS_TYPE="HypPart2"
                          SUBS_CONTENT="extrema"/>
                  <SP HEIGHT="48" WIDTH="16" VPOS="874" HPOS="349"/>
                  <String HEIGHT="48" WIDTH="81" VPOS="874" HPOS="301" CONTENT="&amp;"/>
                  <SP HEIGHT="48" WIDTH="16" VPOS="874" HPOS="382"/>
                  <String HEIGHT="48"
                          WIDTH="162"
                          VPOS="874"
                          HPOS="333"
                          CONTENT="medium"/>
                  <SP HEIGHT="48" WIDTH="16" VPOS="874" HPOS="495"/>
                  <String HEIGHT="48"
                          WIDTH="194"
                          VPOS="874"
                          HPOS="446"
                          CONTENT="fuerint,"/>
                  <SP HEIGHT="48" WIDTH="16" VPOS="874" HPOS="640"/>
                  <String HEIGHT="48"
                          WIDTH="145"
                          VPOS="874"
                          HPOS="576"
                          CONTENT="necesse"/>
               </TextLine>
               <TextLine ID="r3l44"
                         BASELINE="954"
                         HEIGHT="40"
                         WIDTH="499"
                         VPOS="914"
                         HPOS="222">
                  <String HEIGHT="40" WIDTH="103" VPOS="914" HPOS="207" CONTENT="est"/>
                  <SP HEIGHT="40" WIDTH="15" VPOS="914" HPOS="310"/>
                  <String HEIGHT="40" WIDTH="88" VPOS="914" HPOS="266" CONTENT="vt"/>
                  <SP HEIGHT="40" WIDTH="15" VPOS="914" HPOS="354"/>
                  <String HEIGHT="40"
                          WIDTH="161"
                          VPOS="914"
                          HPOS="310"
                          CONTENT="alterum"/>
                  <SP HEIGHT="40" WIDTH="15" VPOS="914" HPOS="472"/>
                  <String HEIGHT="40"
                          WIDTH="205"
                          VPOS="914"
                          HPOS="427"
                          CONTENT="extremorum"/>
                  <SP HEIGHT="40" WIDTH="15" VPOS="914" HPOS="633"/>
                  <String HEIGHT="40" WIDTH="103" VPOS="914" HPOS="589" CONTENT="non"/>
                  <SP HEIGHT="40" WIDTH="15" VPOS="914" HPOS="692"/>
                  <String HEIGHT="40" WIDTH="88" VPOS="914" HPOS="633" CONTENT="fsit"/>
               </TextLine>
               <TextLine ID="r3l46"
                         BASELINE="994"
                         HEIGHT="33"
                         WIDTH="498"
                         VPOS="961"
                         HPOS="221">
                  <String HEIGHT="33"
                          WIDTH="157"
                          VPOS="961"
                          HPOS="207"
                          CONTENT="medium,"/>
                  <SP HEIGHT="33" WIDTH="14" VPOS="961" HPOS="363"/>
                  <String HEIGHT="33"
                          WIDTH="185"
                          VPOS="961"
                          HPOS="321"
                          CONTENT="scilicet,"/>
                  <SP HEIGHT="33" WIDTH="14" VPOS="961" HPOS="506"/>
                  <String HEIGHT="33"
                          WIDTH="128"
                          VPOS="961"
                          HPOS="463"
                          CONTENT="quod,"/>
                  <SP HEIGHT="33" WIDTH="14" VPOS="961" HPOS="591"/>
                  <String HEIGHT="33" WIDTH="85" VPOS="961" HPOS="548" CONTENT="si"/>
                  <SP HEIGHT="33" WIDTH="14" VPOS="961" HPOS="634"/>
                  <String HEIGHT="33"
                          WIDTH="114"
                          VPOS="961"
                          HPOS="591"
                          CONTENT="vnum"/>
                  <SP HEIGHT="33" WIDTH="14" VPOS="961" HPOS="705"/>
                  <String HEIGHT="33"
                          WIDTH="71"
                          VPOS="961"
                          HPOS="648"
                          CONTENT="ex"
                          SUBS_TYPE="HypPart1"
                          SUBS_CONTENT="extremum"/>
                  <HYP CONTENT="-"/>
               </TextLine>
               <TextLine ID="r3l47"
                         BASELINE="1034"
                         HEIGHT="38"
                         WIDTH="498"
                         VPOS="996"
                         HPOS="218">
                  <String HEIGHT="38"
                          WIDTH="161"
                          VPOS="996"
                          HPOS="202"
                          CONTENT="tremum"
                          SUBS_TYPE="HypPart2"
                          SUBS_CONTENT="extremum"/>
                  <SP HEIGHT="38" WIDTH="16" VPOS="996" HPOS="363"/>
                  <String HEIGHT="38"
                          WIDTH="161"
                          VPOS="996"
                          HPOS="314"
                          CONTENT="fuerit"/>
                  <SP HEIGHT="38" WIDTH="16" VPOS="996" HPOS="475"/>
                  <String HEIGHT="38"
                          WIDTH="161"
                          VPOS="996"
                          HPOS="427"
                          CONTENT="mobile"/>
                  <SP HEIGHT="38" WIDTH="16" VPOS="996" HPOS="587"/>
                  <String HEIGHT="38"
                          WIDTH="161"
                          VPOS="996"
                          HPOS="539"
                          CONTENT="tantum"/>
                  <SP HEIGHT="38" WIDTH="16" VPOS="996" HPOS="700"/>
                  <String HEIGHT="38" WIDTH="80" VPOS="996" HPOS="636" CONTENT="non"/>
               </TextLine>
               <TextLine ID="r3l49"
                         BASELINE="1074"
                         HEIGHT="37"
                         WIDTH="485"
                         VPOS="1037"
                         HPOS="220">
                  <String HEIGHT="37"
                          WIDTH="147"
                          VPOS="1037"
                          HPOS="205"
                          CONTENT="motor,"/>
                  <SP HEIGHT="37" WIDTH="15" VPOS="1037" HPOS="352"/>
                  <String HEIGHT="37"
                          WIDTH="162"
                          VPOS="1037"
                          HPOS="308"
                          CONTENT="necesse"/>
                  <SP HEIGHT="37" WIDTH="15" VPOS="1037" HPOS="470"/>
                  <String HEIGHT="37"
                          WIDTH="103"
                          VPOS="1037"
                          HPOS="426"
                          CONTENT="est"/>
                  <SP HEIGHT="37" WIDTH="15" VPOS="1037" HPOS="529"/>
                  <String HEIGHT="37" WIDTH="88" VPOS="1037" HPOS="485" CONTENT="vt"/>
                  <SP HEIGHT="37" WIDTH="15" VPOS="1037" HPOS="573"/>
                  <String HEIGHT="37"
                          WIDTH="176"
                          VPOS="1037"
                          HPOS="529"
                          CONTENT="reliquum"/>
                  <SP HEIGHT="37" WIDTH="15" VPOS="1037" HPOS="705"/>
                  <String HEIGHT="37" WIDTH="59" VPOS="1037" HPOS="646" CONTENT="ex"/>
               </TextLine>
               <TextLine ID="r3l51"
                         BASELINE="1106"
                         HEIGHT="38"
                         WIDTH="494"
                         VPOS="1068"
                         HPOS="223">
                  <String HEIGHT="38"
                          WIDTH="159"
                          VPOS="1068"
                          HPOS="207"
                          CONTENT="tremum"/>
                  <SP HEIGHT="38" WIDTH="16" VPOS="1068" HPOS="366"/>
                  <String HEIGHT="38"
                          WIDTH="112"
                          VPOS="1068"
                          HPOS="319"
                          CONTENT="sit"/>
                  <SP HEIGHT="38" WIDTH="16" VPOS="1068" HPOS="430"/>
                  <String HEIGHT="38"
                          WIDTH="143"
                          VPOS="1068"
                          HPOS="382"
                          CONTENT="motor"/>
                  <SP HEIGHT="38" WIDTH="16" VPOS="1068" HPOS="526"/>
                  <String HEIGHT="38"
                          WIDTH="112"
                          VPOS="1068"
                          HPOS="478"
                          CONTENT="non"/>
                  <SP HEIGHT="38" WIDTH="16" VPOS="1068" HPOS="590"/>
                  <String HEIGHT="38"
                          WIDTH="175"
                          VPOS="1068"
                          HPOS="542"
                          CONTENT="mobile."/>
                  <SP HEIGHT="38" WIDTH="16" VPOS="1068" HPOS="717"/>
                  <String HEIGHT="38" WIDTH="64" VPOS="1068" HPOS="653" CONTENT="ex"/>
               </TextLine>
               <TextLine ID="r3l53"
                         BASELINE="1160"
                         HEIGHT="51"
                         WIDTH="506"
                         VPOS="1109"
                         HPOS="218">
                  <String HEIGHT="51" WIDTH="93" VPOS="1109" HPOS="205" CONTENT="bis"/>
                  <SP HEIGHT="51" WIDTH="13" VPOS="1109" HPOS="298"/>
                  <String HEIGHT="51"
                          WIDTH="160"
                          VPOS="1109"
                          HPOS="258"
                          CONTENT="apparet,"/>
                  <SP HEIGHT="51" WIDTH="13" VPOS="1109" HPOS="418"/>
                  <String HEIGHT="51"
                          WIDTH="107"
                          VPOS="1109"
                          HPOS="378"
                          CONTENT="quod"/>
                  <SP HEIGHT="51" WIDTH="13" VPOS="1109" HPOS="484"/>
                  <String HEIGHT="51"
                          WIDTH="133"
                          VPOS="1109"
                          HPOS="444"
                          CONTENT="primus"/>
                  <SP HEIGHT="51" WIDTH="13" VPOS="1109" HPOS="578"/>
                  <String HEIGHT="51"
                          WIDTH="120"
                          VPOS="1109"
                          HPOS="538"
                          CONTENT="motor"/>
                  <SP HEIGHT="51" WIDTH="13" VPOS="1109" HPOS="657"/>
                  <String HEIGHT="51" WIDTH="93" VPOS="1109" HPOS="617" CONTENT="non"/>
                  <SP HEIGHT="51" WIDTH="13" VPOS="1109" HPOS="711"/>
                  <String HEIGHT="51" WIDTH="67" VPOS="1109" HPOS="657" CONTENT="est"/>
               </TextLine>
               <TextLine ID="r3l55"
                         BASELINE="1186"
                         HEIGHT="37"
                         WIDTH="501"
                         VPOS="1149"
                         HPOS="220">
                  <String HEIGHT="37"
                          WIDTH="195"
                          VPOS="1149"
                          HPOS="206"
                          CONTENT="necessario"/>
                  <SP HEIGHT="37" WIDTH="14" VPOS="1149" HPOS="401"/>
                  <String HEIGHT="37"
                          WIDTH="139"
                          VPOS="1149"
                          HPOS="359"
                          CONTENT="motus."/>
                  <SP HEIGHT="37" WIDTH="14" VPOS="1149" HPOS="498"/>
                  <String HEIGHT="37" WIDTH="84" VPOS="1149" HPOS="457" CONTENT="Et"/>
                  <SP HEIGHT="37" WIDTH="14" VPOS="1149" HPOS="540"/>
                  <String HEIGHT="37" WIDTH="84" VPOS="1149" HPOS="498" CONTENT="in"/>
                  <SP HEIGHT="37" WIDTH="14" VPOS="1149" HPOS="582"/>
                  <String HEIGHT="37"
                          WIDTH="111"
                          VPOS="1149"
                          HPOS="540"
                          CONTENT="alia"/>
                  <SP HEIGHT="37" WIDTH="14" VPOS="1149" HPOS="651"/>
                  <String HEIGHT="37"
                          WIDTH="125"
                          VPOS="1149"
                          HPOS="596"
                          CONTENT="transla"/>
               </TextLine>
               <TextLine ID="r3l56"
                         BASELINE="1237"
                         HEIGHT="48"
                         WIDTH="497"
                         VPOS="1189"
                         HPOS="222">
                  <String HEIGHT="48"
                          WIDTH="127"
                          VPOS="1189"
                          HPOS="209"
                          CONTENT="tione:"/>
                  <SP HEIGHT="48" WIDTH="13" VPOS="1189" HPOS="337"/>
                  <String HEIGHT="48" WIDTH="89" VPOS="1189" HPOS="298" CONTENT="Est"/>
                  <SP HEIGHT="48" WIDTH="13" VPOS="1189" HPOS="388"/>
                  <String HEIGHT="48"
                          WIDTH="127"
                          VPOS="1189"
                          HPOS="349"
                          CONTENT="igitur"/>
                  <SP HEIGHT="48" WIDTH="13" VPOS="1189" HPOS="477"/>
                  <String HEIGHT="48"
                          WIDTH="140"
                          VPOS="1189"
                          HPOS="439"
                          CONTENT="aliquod"/>
                  <SP HEIGHT="48" WIDTH="13" VPOS="1189" HPOS="579"/>
                  <String HEIGHT="48"
                          WIDTH="127"
                          VPOS="1189"
                          HPOS="541"
                          CONTENT="mouens"/>
                  <SP HEIGHT="48" WIDTH="13" VPOS="1189" HPOS="668"/>
                  <String HEIGHT="48"
                          WIDTH="102"
                          VPOS="1189"
                          HPOS="617"
                          CONTENT="etiam."/>
               </TextLine>
               <TextLine ID="r3l58"
                         BASELINE="1267"
                         HEIGHT="40"
                         WIDTH="503"
                         VPOS="1227"
                         HPOS="224">
                  <String HEIGHT="40"
                          WIDTH="118"
                          VPOS="1227"
                          HPOS="209"
                          CONTENT="quia"/>
                  <SP HEIGHT="40" WIDTH="15" VPOS="1227" HPOS="328"/>
                  <String HEIGHT="40"
                          WIDTH="104"
                          VPOS="1227"
                          HPOS="283"
                          CONTENT="est"/>
                  <SP HEIGHT="40" WIDTH="15" VPOS="1227" HPOS="387"/>
                  <String HEIGHT="40"
                          WIDTH="133"
                          VPOS="1227"
                          HPOS="342"
                          CONTENT="motum"/>
                  <SP HEIGHT="40" WIDTH="15" VPOS="1227" HPOS="476"/>
                  <String HEIGHT="40"
                          WIDTH="133"
                          VPOS="1227"
                          HPOS="431"
                          CONTENT="etiam"/>
                  <SP HEIGHT="40" WIDTH="15" VPOS="1227" HPOS="564"/>
                  <String HEIGHT="40" WIDTH="74" VPOS="1227" HPOS="520" CONTENT="&amp;"/>
                  <SP HEIGHT="40" WIDTH="15" VPOS="1227" HPOS="594"/>
                  <String HEIGHT="40"
                          WIDTH="163"
                          VPOS="1227"
                          HPOS="549"
                          CONTENT="mouens:"/>
                  <SP HEIGHT="40" WIDTH="15" VPOS="1227" HPOS="712"/>
                  <String HEIGHT="40" WIDTH="74" VPOS="1227" HPOS="653" CONTENT="est"/>
               </TextLine>
               <TextLine ID="r3l60"
                         BASELINE="1318"
                         HEIGHT="54"
                         WIDTH="494"
                         VPOS="1264"
                         HPOS="220">
                  <String HEIGHT="54"
                          WIDTH="150"
                          VPOS="1264"
                          HPOS="205"
                          CONTENT="igitur"/>
                  <SP HEIGHT="54" WIDTH="15" VPOS="1264" HPOS="355"/>
                  <String HEIGHT="54"
                          WIDTH="165"
                          VPOS="1264"
                          HPOS="310"
                          CONTENT="medium."/>
                  <SP HEIGHT="54" WIDTH="15" VPOS="1264" HPOS="474"/>
                  <String HEIGHT="54"
                          WIDTH="105"
                          VPOS="1264"
                          HPOS="430"
                          CONTENT="Est"/>
                  <SP HEIGHT="54" WIDTH="15" VPOS="1264" HPOS="534"/>
                  <String HEIGHT="54"
                          WIDTH="150"
                          VPOS="1264"
                          HPOS="489"
                          CONTENT="igitur"/>
                  <SP HEIGHT="54" WIDTH="15" VPOS="1264" HPOS="639"/>
                  <String HEIGHT="54"
                          WIDTH="135"
                          VPOS="1264"
                          HPOS="579"
                          CONTENT="aliquid"/>
               </TextLine>
               <TextLine ID="r3l62"
                         BASELINE="1346"
                         HEIGHT="44"
                         WIDTH="498"
                         VPOS="1302"
                         HPOS="227">
                  <String HEIGHT="44"
                          WIDTH="166"
                          VPOS="1302"
                          HPOS="210"
                          CONTENT="mouens"/>
                  <SP HEIGHT="44" WIDTH="17" VPOS="1302" HPOS="376"/>
                  <String HEIGHT="44"
                          WIDTH="116"
                          VPOS="1302"
                          HPOS="327"
                          CONTENT="non"/>
                  <SP HEIGHT="44" WIDTH="17" VPOS="1302" HPOS="443"/>
                  <String HEIGHT="44"
                          WIDTH="149"
                          VPOS="1302"
                          HPOS="393"
                          CONTENT="motum"/>
                  <SP HEIGHT="44" WIDTH="17" VPOS="1302" HPOS="542"/>
                  <String HEIGHT="44"
                          WIDTH="216"
                          VPOS="1302"
                          HPOS="493"
                          CONTENT="aeternum,"/>
                  <SP HEIGHT="44" WIDTH="17" VPOS="1302" HPOS="708"/>
                  <String HEIGHT="44" WIDTH="83" VPOS="1302" HPOS="642" CONTENT="sub"/>
               </TextLine>
               <TextLine ID="r3l64"
                         BASELINE="1394"
                         HEIGHT="53"
                         WIDTH="492"
                         VPOS="1341"
                         HPOS="222">
                  <String HEIGHT="53"
                          WIDTH="174"
                          VPOS="1341"
                          HPOS="208"
                          CONTENT="stantia,"/>
                  <SP HEIGHT="53" WIDTH="14" VPOS="1341" HPOS="381"/>
                  <String HEIGHT="53" WIDTH="72" VPOS="1341" HPOS="338" CONTENT="&amp;"/>
                  <SP HEIGHT="53" WIDTH="14" VPOS="1341" HPOS="410"/>
                  <String HEIGHT="53"
                          WIDTH="130"
                          VPOS="1341"
                          HPOS="367"
                          CONTENT="actus"/>
                  <SP HEIGHT="53" WIDTH="14" VPOS="1341" HPOS="497"/>
                  <String HEIGHT="53" WIDTH="87" VPOS="1341" HPOS="454" CONTENT="Et"/>
                  <SP HEIGHT="53" WIDTH="14" VPOS="1341" HPOS="540"/>
                  <String HEIGHT="53" WIDTH="87" VPOS="1341" HPOS="497" CONTENT="ex"/>
                  <SP HEIGHT="53" WIDTH="14" VPOS="1341" HPOS="584"/>
                  <String HEIGHT="53"
                          WIDTH="101"
                          VPOS="1341"
                          HPOS="540"
                          CONTENT="hoc"/>
                  <SP HEIGHT="53" WIDTH="14" VPOS="1341" HPOS="642"/>
                  <String HEIGHT="53"
                          WIDTH="116"
                          VPOS="1341"
                          HPOS="598"
                          CONTENT="quod"/>
                  <SP HEIGHT="53" WIDTH="14" VPOS="1341" HPOS="714"/>
                  <String HEIGHT="53" WIDTH="58" VPOS="1341" HPOS="656" CONTENT="ac"/>
               </TextLine>
               <TextLine ID="r3l66"
                         BASELINE="1426"
                         HEIGHT="45"
                         WIDTH="499"
                         VPOS="1381"
                         HPOS="221">
                  <String HEIGHT="45"
                          WIDTH="128"
                          VPOS="1381"
                          HPOS="207"
                          CONTENT="cepit"/>
                  <SP HEIGHT="45" WIDTH="14" VPOS="1381" HPOS="335"/>
                  <String HEIGHT="45"
                          WIDTH="157"
                          VPOS="1381"
                          HPOS="292"
                          CONTENT="medium,"/>
                  <SP HEIGHT="45" WIDTH="14" VPOS="1381" HPOS="449"/>
                  <String HEIGHT="45"
                          WIDTH="157"
                          VPOS="1381"
                          HPOS="406"
                          CONTENT="videmus"/>
                  <SP HEIGHT="45" WIDTH="14" VPOS="1381" HPOS="563"/>
                  <String HEIGHT="45"
                          WIDTH="114"
                          VPOS="1381"
                          HPOS="520"
                          CONTENT="quod"/>
                  <SP HEIGHT="45" WIDTH="14" VPOS="1381" HPOS="634"/>
                  <String HEIGHT="45"
                          WIDTH="143"
                          VPOS="1381"
                          HPOS="577"
                          CONTENT="sustenta"/>
               </TextLine>
               <TextLine ID="r3l68"
                         BASELINE="1472"
                         HEIGHT="51"
                         WIDTH="490"
                         VPOS="1421"
                         HPOS="222">
                  <String HEIGHT="51" WIDTH="90" VPOS="1421" HPOS="209" CONTENT="tus"/>
                  <SP HEIGHT="51" WIDTH="13" VPOS="1421" HPOS="299"/>
                  <String HEIGHT="51" WIDTH="90" VPOS="1421" HPOS="261" CONTENT="est"/>
                  <SP HEIGHT="51" WIDTH="13" VPOS="1421" HPOS="351"/>
                  <String HEIGHT="51" WIDTH="77" VPOS="1421" HPOS="312" CONTENT="in"/>
                  <SP HEIGHT="51" WIDTH="13" VPOS="1421" HPOS="390"/>
                  <String HEIGHT="51"
                          WIDTH="103"
                          VPOS="1421"
                          HPOS="351"
                          CONTENT="hac,"/>
                  <SP HEIGHT="51" WIDTH="13" VPOS="1421" HPOS="454"/>
                  <String HEIGHT="51"
                          WIDTH="206"
                          VPOS="1421"
                          HPOS="415"
                          CONTENT="propositione"/>
                  <SP HEIGHT="51" WIDTH="13" VPOS="1421" HPOS="622"/>
                  <String HEIGHT="51"
                          WIDTH="116"
                          VPOS="1421"
                          HPOS="583"
                          CONTENT="super"/>
                  <SP HEIGHT="51" WIDTH="13" VPOS="1421" HPOS="699"/>
                  <String HEIGHT="51" WIDTH="64" VPOS="1421" HPOS="648" CONTENT="due"/>
               </TextLine>
               <TextLine ID="r3l70"
                         BASELINE="1498"
                         HEIGHT="40"
                         WIDTH="490"
                         VPOS="1458"
                         HPOS="219">
                  <String HEIGHT="40"
                          WIDTH="174"
                          VPOS="1458"
                          HPOS="203"
                          CONTENT="extrema"/>
                  <SP HEIGHT="40" WIDTH="16" VPOS="1458" HPOS="377"/>
                  <String HEIGHT="40"
                          WIDTH="205"
                          VPOS="1458"
                          HPOS="330"
                          CONTENT="opposita."/>
                  <SP HEIGHT="40" WIDTH="16" VPOS="1458" HPOS="535"/>
                  <String HEIGHT="40"
                          WIDTH="111"
                          VPOS="1458"
                          HPOS="488"
                          CONTENT="Cum"/>
                  <SP HEIGHT="40" WIDTH="16" VPOS="1458" HPOS="598"/>
                  <String HEIGHT="40"
                          WIDTH="126"
                          VPOS="1458"
                          HPOS="551"
                          CONTENT="enim"/>
                  <SP HEIGHT="40" WIDTH="16" VPOS="1458" HPOS="677"/>
                  <String HEIGHT="40"
                          WIDTH="95"
                          VPOS="1458"
                          HPOS="614"
                          CONTENT="alte"/>
               </TextLine>
               <TextLine ID="r3l72"
                         BASELINE="1546"
                         HEIGHT="49"
                         WIDTH="493"
                         VPOS="1497"
                         HPOS="216">
                  <String HEIGHT="49"
                          WIDTH="123"
                          VPOS="1497"
                          HPOS="198"
                          CONTENT="rum"/>
                  <SP HEIGHT="49" WIDTH="18" VPOS="1497" HPOS="322"/>
                  <String HEIGHT="49"
                          WIDTH="176"
                          VPOS="1497"
                          HPOS="269"
                          CONTENT="duorum"/>
                  <SP HEIGHT="49" WIDTH="18" VPOS="1497" HPOS="445"/>
                  <String HEIGHT="49"
                          WIDTH="247"
                          VPOS="1497"
                          HPOS="392"
                          CONTENT="extremorum"/>
                  <SP HEIGHT="49" WIDTH="18" VPOS="1497" HPOS="639"/>
                  <String HEIGHT="49"
                          WIDTH="141"
                          VPOS="1497"
                          HPOS="568"
                          CONTENT="separa"/>
               </TextLine>
               <TextLine ID="r3l74"
                         BASELINE="1578"
                         HEIGHT="42"
                         WIDTH="502"
                         VPOS="1536"
                         HPOS="216">
                  <String HEIGHT="42"
                          WIDTH="103"
                          VPOS="1536"
                          HPOS="201"
                          CONTENT="tum"/>
                  <SP HEIGHT="42" WIDTH="15" VPOS="1536" HPOS="305"/>
                  <String HEIGHT="42"
                          WIDTH="148"
                          VPOS="1536"
                          HPOS="260"
                          CONTENT="fuerit"/>
                  <SP HEIGHT="42" WIDTH="15" VPOS="1536" HPOS="408"/>
                  <String HEIGHT="42" WIDTH="74" VPOS="1536" HPOS="364" CONTENT="a"/>
                  <SP HEIGHT="42" WIDTH="15" VPOS="1536" HPOS="437"/>
                  <String HEIGHT="42"
                          WIDTH="148"
                          VPOS="1536"
                          HPOS="393"
                          CONTENT="medio,"/>
                  <SP HEIGHT="42" WIDTH="15" VPOS="1536" HPOS="541"/>
                  <String HEIGHT="42"
                          WIDTH="162"
                          VPOS="1536"
                          HPOS="497"
                          CONTENT="necesse"/>
                  <SP HEIGHT="42" WIDTH="15" VPOS="1536" HPOS="659"/>
                  <String HEIGHT="42"
                          WIDTH="103"
                          VPOS="1536"
                          HPOS="615"
                          CONTENT="est"/>
                  <SP HEIGHT="42" WIDTH="15" VPOS="1536" HPOS="718"/>
                  <String HEIGHT="42" WIDTH="59" VPOS="1536" HPOS="659" CONTENT="vt"/>
               </TextLine>
               <TextLine ID="r3l76"
                         BASELINE="1618"
                         HEIGHT="43"
                         WIDTH="491"
                         VPOS="1575"
                         HPOS="224">
                  <String HEIGHT="43"
                          WIDTH="173"
                          VPOS="1575"
                          HPOS="210"
                          CONTENT="reliquum"/>
                  <SP HEIGHT="43" WIDTH="14" VPOS="1575" HPOS="383"/>
                  <String HEIGHT="43"
                          WIDTH="188"
                          VPOS="1575"
                          HPOS="340"
                          CONTENT="separetur"/>
                  <SP HEIGHT="43" WIDTH="14" VPOS="1575" HPOS="527"/>
                  <String HEIGHT="43" WIDTH="87" VPOS="1575" HPOS="484" CONTENT="ab"/>
                  <SP HEIGHT="43" WIDTH="14" VPOS="1575" HPOS="571"/>
                  <String HEIGHT="43"
                          WIDTH="130"
                          VPOS="1575"
                          HPOS="527"
                          CONTENT="alio."/>
                  <SP HEIGHT="43" WIDTH="14" VPOS="1575" HPOS="657"/>
                  <String HEIGHT="43"
                          WIDTH="116"
                          VPOS="1575"
                          HPOS="599"
                          CONTENT="inten"
                          SUBS_TYPE="HypPart1"
                          SUBS_CONTENT="intentio"/>
                  <HYP CONTENT="-"/>
               </TextLine>
               <TextLine ID="r3l78"
                         BASELINE="1658"
                         HEIGHT="45"
                         WIDTH="504"
                         VPOS="1613"
                         HPOS="218">
                  <String HEIGHT="45"
                          WIDTH="107"
                          VPOS="1613"
                          HPOS="203"
                          CONTENT="tio"
                          SUBS_TYPE="HypPart2"
                          SUBS_CONTENT="intentio"/>
                  <SP HEIGHT="45" WIDTH="15" VPOS="1613" HPOS="310"/>
                  <String HEIGHT="45"
                          WIDTH="122"
                          VPOS="1613"
                          HPOS="264"
                          CONTENT="enim"/>
                  <SP HEIGHT="45" WIDTH="15" VPOS="1613" HPOS="386"/>
                  <String HEIGHT="45"
                          WIDTH="137"
                          VPOS="1613"
                          HPOS="340"
                          CONTENT="eius,"/>
                  <SP HEIGHT="45" WIDTH="15" VPOS="1613" HPOS="478"/>
                  <String HEIGHT="45"
                          WIDTH="122"
                          VPOS="1613"
                          HPOS="432"
                          CONTENT="quod"/>
                  <SP HEIGHT="45" WIDTH="15" VPOS="1613" HPOS="554"/>
                  <String HEIGHT="45"
                          WIDTH="153"
                          VPOS="1613"
                          HPOS="508"
                          CONTENT="dixit:"/>
                  <SP HEIGHT="45" WIDTH="15" VPOS="1613" HPOS="661"/>
                  <String HEIGHT="45" WIDTH="92" VPOS="1613" HPOS="615" CONTENT="in"/>
                  <SP HEIGHT="45" WIDTH="15" VPOS="1613" HPOS="707"/>
                  <String HEIGHT="45" WIDTH="76" VPOS="1613" HPOS="646" CONTENT="hac"/>
               </TextLine>
               <TextLine ID="r3l80"
                         BASELINE="1702"
                         HEIGHT="41"
                         WIDTH="491"
                         VPOS="1661"
                         HPOS="218">
                  <String HEIGHT="41"
                          WIDTH="238"
                          VPOS="1661"
                          HPOS="203"
                          CONTENT="translatione"/>
                  <SP HEIGHT="41" WIDTH="15" VPOS="1661" HPOS="441"/>
                  <String HEIGHT="41"
                          WIDTH="104"
                          VPOS="1661"
                          HPOS="397"
                          CONTENT="est"/>
                  <SP HEIGHT="41" WIDTH="15" VPOS="1661" HPOS="501"/>
                  <String HEIGHT="41"
                          WIDTH="134"
                          VPOS="1661"
                          HPOS="456"
                          CONTENT="quod,"/>
                  <SP HEIGHT="41" WIDTH="15" VPOS="1661" HPOS="590"/>
                  <String HEIGHT="41"
                          WIDTH="104"
                          VPOS="1661"
                          HPOS="545"
                          CONTENT="cum"/>
                  <SP HEIGHT="41" WIDTH="15" VPOS="1661" HPOS="649"/>
                  <String HEIGHT="41"
                          WIDTH="104"
                          VPOS="1661"
                          HPOS="605"
                          CONTENT="est"/>
                  <SP HEIGHT="41" WIDTH="15" VPOS="1661" HPOS="709"/>
                  <String HEIGHT="41" WIDTH="60" VPOS="1661" HPOS="649" CONTENT="mo"/>
               </TextLine>
               <TextLine ID="r3l82"
                         BASELINE="1738"
                         HEIGHT="48"
                         WIDTH="501"
                         VPOS="1690"
                         HPOS="221">
                  <String HEIGHT="48"
                          WIDTH="125"
                          VPOS="1690"
                          HPOS="205"
                          CONTENT="uens"/>
                  <SP HEIGHT="48" WIDTH="16" VPOS="1690" HPOS="331"/>
                  <String HEIGHT="48" WIDTH="78" VPOS="1690" HPOS="284" CONTENT="&amp;"/>
                  <SP HEIGHT="48" WIDTH="16" VPOS="1690" HPOS="362"/>
                  <String HEIGHT="48"
                          WIDTH="157"
                          VPOS="1690"
                          HPOS="315"
                          CONTENT="motum,"/>
                  <SP HEIGHT="48" WIDTH="16" VPOS="1690" HPOS="472"/>
                  <String HEIGHT="48"
                          WIDTH="172"
                          VPOS="1690"
                          HPOS="425"
                          CONTENT="necesse"/>
                  <SP HEIGHT="48" WIDTH="16" VPOS="1690" HPOS="597"/>
                  <String HEIGHT="48"
                          WIDTH="110"
                          VPOS="1690"
                          HPOS="550"
                          CONTENT="est"/>
                  <SP HEIGHT="48" WIDTH="16" VPOS="1690" HPOS="659"/>
                  <String HEIGHT="48" WIDTH="94" VPOS="1690" HPOS="612" CONTENT="vt"/>
                  <SP HEIGHT="48" WIDTH="16" VPOS="1690" HPOS="706"/>
                  <String HEIGHT="48"
                          WIDTH="78"
                          VPOS="1690"
                          HPOS="644"
                          CONTENT="me"
                          SUBS_TYPE="HypPart1"
                          SUBS_CONTENT="medium"/>
                  <HYP CONTENT="-"/>
               </TextLine>
               <TextLine ID="r3l84"
                         BASELINE="1771"
                         HEIGHT="41"
                         WIDTH="511"
                         VPOS="1730"
                         HPOS="216">
                  <String HEIGHT="41"
                          WIDTH="124"
                          VPOS="1730"
                          HPOS="201"
                          CONTENT="dium"
                          SUBS_TYPE="HypPart2"
                          SUBS_CONTENT="medium"/>
                  <SP HEIGHT="41" WIDTH="15" VPOS="1730" HPOS="324"/>
                  <String HEIGHT="41"
                          WIDTH="124"
                          VPOS="1730"
                          HPOS="278"
                          CONTENT="sit."/>
                  <SP HEIGHT="41" WIDTH="15" VPOS="1730" HPOS="402"/>
                  <String HEIGHT="41" WIDTH="77" VPOS="1730" HPOS="355" CONTENT="&amp;"/>
                  <SP HEIGHT="41" WIDTH="15" VPOS="1730" HPOS="433"/>
                  <String HEIGHT="41"
                          WIDTH="108"
                          VPOS="1730"
                          HPOS="386"
                          CONTENT="cum"/>
                  <SP HEIGHT="41" WIDTH="15" VPOS="1730" HPOS="495"/>
                  <String HEIGHT="41"
                          WIDTH="108"
                          VPOS="1730"
                          HPOS="448"
                          CONTENT="sit"/>
                  <SP HEIGHT="41" WIDTH="15" VPOS="1730" HPOS="557"/>
                  <String HEIGHT="41"
                          WIDTH="155"
                          VPOS="1730"
                          HPOS="510"
                          CONTENT="medium"/>
                  <SP HEIGHT="41" WIDTH="15" VPOS="1730" HPOS="665"/>
                  <String HEIGHT="41" WIDTH="77" VPOS="1730" HPOS="619" CONTENT="&amp;"/>
                  <SP HEIGHT="41" WIDTH="15" VPOS="1730" HPOS="696"/>
                  <String HEIGHT="41"
                          WIDTH="93"
                          VPOS="1730"
                          HPOS="634"
                          CONTENT="alte"/>
               </TextLine>
               <TextLine ID="r3l86"
                         BASELINE="1811"
                         HEIGHT="39"
                         WIDTH="513"
                         VPOS="1772"
                         HPOS="214">
                  <String HEIGHT="39"
                          WIDTH="106"
                          VPOS="1772"
                          HPOS="199"
                          CONTENT="rum"/>
                  <SP HEIGHT="39" WIDTH="15" VPOS="1772" HPOS="305"/>
                  <String HEIGHT="39"
                          WIDTH="226"
                          VPOS="1772"
                          HPOS="259"
                          CONTENT="extremorum,"/>
                  <SP HEIGHT="39" WIDTH="15" VPOS="1772" HPOS="486"/>
                  <String HEIGHT="39"
                          WIDTH="166"
                          VPOS="1772"
                          HPOS="440"
                          CONTENT="necesse"/>
                  <SP HEIGHT="39" WIDTH="15" VPOS="1772" HPOS="606"/>
                  <String HEIGHT="39"
                          WIDTH="106"
                          VPOS="1772"
                          HPOS="561"
                          CONTENT="est"/>
                  <SP HEIGHT="39" WIDTH="15" VPOS="1772" HPOS="667"/>
                  <String HEIGHT="39" WIDTH="91" VPOS="1772" HPOS="621" CONTENT="vt"/>
                  <SP HEIGHT="39" WIDTH="15" VPOS="1772" HPOS="712"/>
                  <String HEIGHT="39" WIDTH="75" VPOS="1772" HPOS="652" CONTENT="sit"/>
               </TextLine>
               <TextLine ID="r3l87"
                         BASELINE="1858"
                         HEIGHT="52"
                         WIDTH="325"
                         VPOS="1806"
                         HPOS="216">
                  <String HEIGHT="52"
                          WIDTH="217"
                          VPOS="1806"
                          HPOS="198"
                          CONTENT="reliquum"/>
                  <SP HEIGHT="52" WIDTH="18" VPOS="1806" HPOS="415"/>
                  <String HEIGHT="52"
                          WIDTH="199"
                          VPOS="1806"
                          HPOS="342"
                          CONTENT="extremum."/>
               </TextLine>
            </TextBlock>
            <TextBlock ID="TextRegion_1604865459434_771"
                       HEIGHT="1804"
                       WIDTH="532"
                       VPOS="128"
                       HPOS="738">
               <Shape>
                  <Polygon POINTS="738,128 1270,128 1270,1932 738,1932"/>
               </Shape>
               <TextLine ID="r3l4"
                         BASELINE="226"
                         HEIGHT="52"
                         WIDTH="503"
                         VPOS="174"
                         HPOS="758">
                  <String HEIGHT="52" WIDTH="90" VPOS="174" HPOS="745" CONTENT="Quo"/>
                  <SP HEIGHT="52" WIDTH="13" VPOS="174" HPOS="835"/>
                  <String HEIGHT="52"
                          WIDTH="116"
                          VPOS="174"
                          HPOS="797"
                          CONTENT="pacto"/>
                  <SP HEIGHT="52" WIDTH="13" VPOS="174" HPOS="913"/>
                  <String HEIGHT="52"
                          WIDTH="116"
                          VPOS="174"
                          HPOS="874"
                          CONTENT="dicta"/>
                  <SP HEIGHT="52" WIDTH="13" VPOS="174" HPOS="990"/>
                  <String HEIGHT="52"
                          WIDTH="193"
                          VPOS="174"
                          HPOS="951"
                          CONTENT="substantia,"/>
                  <SP HEIGHT="52" WIDTH="13" VPOS="174" HPOS="1145"/>
                  <String HEIGHT="52"
                          WIDTH="103"
                          VPOS="174"
                          HPOS="1106"
                          CONTENT="quae"/>
                  <SP HEIGHT="52" WIDTH="13" VPOS="174" HPOS="1209"/>
                  <String HEIGHT="52"
                          WIDTH="103"
                          VPOS="174"
                          HPOS="1158"
                          CONTENT="primum"/>
               </TextLine>
               <TextLine ID="r3l7"
                         BASELINE="261"
                         HEIGHT="49"
                         WIDTH="397"
                         VPOS="212"
                         HPOS="804">
                  <String HEIGHT="49" WIDTH="96" VPOS="212" HPOS="790" CONTENT="est"/>
                  <SP HEIGHT="49" WIDTH="14" VPOS="212" HPOS="886"/>
                  <String HEIGHT="49"
                          WIDTH="205"
                          VPOS="212"
                          HPOS="845"
                          CONTENT="principium,"/>
                  <SP HEIGHT="49" WIDTH="14" VPOS="212" HPOS="1050"/>
                  <String HEIGHT="49"
                          WIDTH="178"
                          VPOS="212"
                          HPOS="1009"
                          CONTENT="immobilis"/>
                  <SP HEIGHT="49" WIDTH="14" VPOS="212" HPOS="1187"/>
                  <String HEIGHT="49"
                          WIDTH="68"
                          VPOS="212"
                          HPOS="1133"
                          CONTENT="mo"
                          SUBS_TYPE="HypPart1"
                          SUBS_CONTENT="moueat."/>
                  <HYP CONTENT="-"/>
               </TextLine>
               <TextLine ID="line_1604865482605_780"
                         BASELINE="298"
                         HEIGHT="46"
                         WIDTH="266"
                         VPOS="252"
                         HPOS="870">
                  <String HEIGHT="46"
                          WIDTH="200"
                          VPOS="252"
                          HPOS="848"
                          CONTENT="ueat."
                          SUBS_TYPE="HypPart2"
                          SUBS_CONTENT="moueat."/>
                  <SP HEIGHT="46" WIDTH="22" VPOS="252" HPOS="1047"/>
                  <String HEIGHT="46"
                          WIDTH="177"
                          VPOS="252"
                          HPOS="981"
                          CONTENT="Cap."/>
                  <SP HEIGHT="46" WIDTH="22" VPOS="252" HPOS="1158"/>
                  <String HEIGHT="46" WIDTH="67" VPOS="252" HPOS="1070" CONTENT="2"/>
               </TextLine>
               <TextLine ID="r3l14"
                         BASELINE="370"
                         HEIGHT="54"
                         WIDTH="388"
                         VPOS="316"
                         HPOS="864">
                  <String HEIGHT="54"
                          WIDTH="129"
                          VPOS="316"
                          HPOS="848"
                          CONTENT="Quet"/>
                  <SP HEIGHT="54" WIDTH="16" VPOS="316" HPOS="977"/>
                  <String HEIGHT="54"
                          WIDTH="146"
                          VPOS="316"
                          HPOS="929"
                          CONTENT="autem"/>
                  <SP HEIGHT="54" WIDTH="16" VPOS="316" HPOS="1074"/>
                  <String HEIGHT="54"
                          WIDTH="113"
                          VPOS="316"
                          HPOS="1026"
                          CONTENT="hoc"/>
                  <SP HEIGHT="54" WIDTH="16" VPOS="316" HPOS="1139"/>
                  <String HEIGHT="54"
                          WIDTH="146"
                          VPOS="316"
                          HPOS="1090"
                          CONTENT="modo."/>
                  <SP HEIGHT="54" WIDTH="16" VPOS="316" HPOS="1236"/>
                  <String HEIGHT="54" WIDTH="81" VPOS="316" HPOS="1171" CONTENT="con"/>
               </TextLine>
               <TextLine ID="r3l16"
                         BASELINE="417"
                         HEIGHT="56"
                         WIDTH="349"
                         VPOS="361"
                         HPOS="887">
                  <String HEIGHT="56"
                          WIDTH="228"
                          VPOS="361"
                          HPOS="872"
                          CONTENT="cupiscibile"/>
                  <SP HEIGHT="56" WIDTH="15" VPOS="361" HPOS="1099"/>
                  <String HEIGHT="56" WIDTH="76" VPOS="361" HPOS="1054" CONTENT="&amp;"/>
                  <SP HEIGHT="56" WIDTH="15" VPOS="361" HPOS="1130"/>
                  <String HEIGHT="56"
                          WIDTH="167"
                          VPOS="361"
                          HPOS="1069"
                          CONTENT="intelligi"/>
               </TextLine>
               <TextLine ID="r3l20"
                         BASELINE="458"
                         HEIGHT="52"
                         WIDTH="370"
                         VPOS="406"
                         HPOS="876">
                  <String HEIGHT="52"
                          WIDTH="141"
                          VPOS="406"
                          HPOS="858"
                          CONTENT="bile"/>
                  <SP HEIGHT="52" WIDTH="18" VPOS="406" HPOS="999"/>
                  <String HEIGHT="52"
                          WIDTH="176"
                          VPOS="406"
                          HPOS="946"
                          CONTENT="mouet,"/>
                  <SP HEIGHT="52" WIDTH="18" VPOS="406" HPOS="1123"/>
                  <String HEIGHT="52"
                          WIDTH="123"
                          VPOS="406"
                          HPOS="1070"
                          CONTENT="non"/>
                  <SP HEIGHT="52" WIDTH="18" VPOS="406" HPOS="1193"/>
                  <String HEIGHT="52"
                          WIDTH="123"
                          VPOS="406"
                          HPOS="1123"
                          CONTENT="motum"/>
               </TextLine>
               <TextLine ID="r3l22"
                         BASELINE="491"
                         HEIGHT="43"
                         WIDTH="500"
                         VPOS="448"
                         HPOS="756">
                  <String HEIGHT="43"
                          WIDTH="155"
                          VPOS="448"
                          HPOS="739"
                          CONTENT="horum"/>
                  <SP HEIGHT="43" WIDTH="17" VPOS="448" HPOS="894"/>
                  <String HEIGHT="43"
                          WIDTH="155"
                          VPOS="448"
                          HPOS="842"
                          CONTENT="autem"/>
                  <SP HEIGHT="43" WIDTH="17" VPOS="448" HPOS="997"/>
                  <String HEIGHT="43"
                          WIDTH="155"
                          VPOS="448"
                          HPOS="946"
                          CONTENT="prima"/>
                  <SP HEIGHT="43" WIDTH="17" VPOS="448" HPOS="1101"/>
                  <String HEIGHT="43"
                          WIDTH="155"
                          VPOS="448"
                          HPOS="1049"
                          CONTENT="eadem"/>
                  <SP HEIGHT="43" WIDTH="17" VPOS="448" HPOS="1204"/>
                  <String HEIGHT="43"
                          WIDTH="121"
                          VPOS="448"
                          HPOS="1135"
                          CONTENT="sunt."/>
               </TextLine>
               <TextLine ID="r3l24"
                         BASELINE="547"
                         HEIGHT="55"
                         WIDTH="503"
                         VPOS="492"
                         HPOS="756">
                  <String HEIGHT="55"
                          WIDTH="260"
                          VPOS="492"
                          HPOS="740"
                          CONTENT="desyderabile"/>
                  <SP HEIGHT="55" WIDTH="16" VPOS="492" HPOS="999"/>
                  <String HEIGHT="55"
                          WIDTH="178"
                          VPOS="492"
                          HPOS="951"
                          CONTENT="nanque,"/>
                  <SP HEIGHT="55" WIDTH="16" VPOS="492" HPOS="1129"/>
                  <String HEIGHT="55"
                          WIDTH="130"
                          VPOS="492"
                          HPOS="1081"
                          CONTENT="quod"/>
                  <SP HEIGHT="55" WIDTH="16" VPOS="492" HPOS="1210"/>
                  <String HEIGHT="55"
                          WIDTH="114"
                          VPOS="492"
                          HPOS="1145"
                          CONTENT="appa"
                          SUBS_TYPE="HypPart1"
                          SUBS_CONTENT="apparet"/>
                  <HYP CONTENT="-"/>
               </TextLine>
               <TextLine ID="r3l26"
                         BASELINE="578"
                         HEIGHT="48"
                         WIDTH="495"
                         VPOS="530"
                         HPOS="755">
                  <String HEIGHT="48"
                          WIDTH="119"
                          VPOS="530"
                          HPOS="738"
                          CONTENT="ret"
                          SUBS_TYPE="HypPart2"
                          SUBS_CONTENT="apparet"/>
                  <SP HEIGHT="48" WIDTH="17" VPOS="530" HPOS="857"/>
                  <String HEIGHT="48"
                          WIDTH="171"
                          VPOS="530"
                          HPOS="806"
                          CONTENT="bonum."/>
                  <SP HEIGHT="48" WIDTH="17" VPOS="530" HPOS="977"/>
                  <String HEIGHT="48"
                          WIDTH="171"
                          VPOS="530"
                          HPOS="926"
                          CONTENT="primum"/>
                  <SP HEIGHT="48" WIDTH="17" VPOS="530" HPOS="1096"/>
                  <String HEIGHT="48"
                          WIDTH="137"
                          VPOS="530"
                          HPOS="1045"
                          CONTENT="vero"/>
                  <SP HEIGHT="48" WIDTH="17" VPOS="530" HPOS="1182"/>
                  <String HEIGHT="48"
                          WIDTH="137"
                          VPOS="530"
                          HPOS="1113"
                          CONTENT="volun"
                          SUBS_TYPE="HypPart1"
                          SUBS_CONTENT="voluntate"/>
                  <HYP CONTENT="-"/>
               </TextLine>
               <TextLine ID="r3l28"
                         BASELINE="618"
                         HEIGHT="44"
                         WIDTH="506"
                         VPOS="574"
                         HPOS="755">
                  <String HEIGHT="44"
                          WIDTH="123"
                          VPOS="574"
                          HPOS="740"
                          CONTENT="tate"
                          SUBS_TYPE="HypPart2"
                          SUBS_CONTENT="voluntate"/>
                  <SP HEIGHT="44" WIDTH="15" VPOS="574" HPOS="862"/>
                  <String HEIGHT="44"
                          WIDTH="245"
                          VPOS="574"
                          HPOS="816"
                          CONTENT="affectabile,"/>
                  <SP HEIGHT="44" WIDTH="15" VPOS="574" HPOS="1062"/>
                  <String HEIGHT="44"
                          WIDTH="123"
                          VPOS="574"
                          HPOS="1016"
                          CONTENT="quid"/>
                  <SP HEIGHT="44" WIDTH="15" VPOS="574" HPOS="1138"/>
                  <String HEIGHT="44"
                          WIDTH="107"
                          VPOS="574"
                          HPOS="1092"
                          CONTENT="est"/>
                  <SP HEIGHT="44" WIDTH="15" VPOS="574" HPOS="1200"/>
                  <String HEIGHT="44"
                          WIDTH="123"
                          VPOS="574"
                          HPOS="1138"
                          CONTENT="bonum."/>
               </TextLine>
               <TextLine ID="r3l30"
                         BASELINE="667"
                         HEIGHT="46"
                         WIDTH="505"
                         VPOS="621"
                         HPOS="754">
                  <String HEIGHT="46"
                          WIDTH="175"
                          VPOS="621"
                          HPOS="735"
                          CONTENT="magis"/>
                  <SP HEIGHT="46" WIDTH="19" VPOS="621" HPOS="909"/>
                  <String HEIGHT="46"
                          WIDTH="155"
                          VPOS="621"
                          HPOS="851"
                          CONTENT="vero"/>
                  <SP HEIGHT="46" WIDTH="19" VPOS="621" HPOS="1007"/>
                  <String HEIGHT="46"
                          WIDTH="272"
                          VPOS="621"
                          HPOS="948"
                          CONTENT="appetimus,"/>
                  <SP HEIGHT="46" WIDTH="19" VPOS="621" HPOS="1220"/>
                  <String HEIGHT="46"
                          WIDTH="117"
                          VPOS="621"
                          HPOS="1142"
                          CONTENT="quia"/>
               </TextLine>
               <TextLine ID="r3l32"
                         BASELINE="713"
                         HEIGHT="52"
                         WIDTH="498"
                         VPOS="661"
                         HPOS="756">
                  <String HEIGHT="52"
                          WIDTH="199"
                          VPOS="661"
                          HPOS="739"
                          CONTENT="videtur,"/>
                  <SP HEIGHT="52" WIDTH="17" VPOS="661" HPOS="939"/>
                  <String HEIGHT="52"
                          WIDTH="133"
                          VPOS="661"
                          HPOS="889"
                          CONTENT="quam"/>
                  <SP HEIGHT="52" WIDTH="17" VPOS="661" HPOS="1022"/>
                  <String HEIGHT="52"
                          WIDTH="199"
                          VPOS="661"
                          HPOS="972"
                          CONTENT="videtur,"/>
                  <SP HEIGHT="52" WIDTH="17" VPOS="661" HPOS="1171"/>
                  <String HEIGHT="52"
                          WIDTH="133"
                          VPOS="661"
                          HPOS="1121"
                          CONTENT="quia"/>
                  <SP HEIGHT="52" WIDTH="17" VPOS="661" HPOS="1254"/>
                  <String HEIGHT="52" WIDTH="66" VPOS="661" HPOS="1188" CONTENT="ap"/>
               </TextLine>
               <TextLine ID="r3l34"
                         BASELINE="754"
                         HEIGHT="50"
                         WIDTH="162"
                         VPOS="704"
                         HPOS="754">
                  <String HEIGHT="50"
                          WIDTH="203"
                          VPOS="704"
                          HPOS="714"
                          CONTENT="petimus."/>
               </TextLine>
               <TextLine ID="line_1604865455362_769"
                         BASELINE="811"
                         HEIGHT="62"
                         WIDTH="470"
                         VPOS="749"
                         HPOS="805">
                  <String HEIGHT="62" WIDTH="97" VPOS="749" HPOS="789" CONTENT="Et"/>
                  <SP HEIGHT="62" WIDTH="16" VPOS="749" HPOS="886"/>
                  <String HEIGHT="62"
                          WIDTH="162"
                          VPOS="749"
                          HPOS="837"
                          CONTENT="mouet,"/>
                  <SP HEIGHT="62" WIDTH="16" VPOS="749" HPOS="999"/>
                  <String HEIGHT="62"
                          WIDTH="146"
                          VPOS="749"
                          HPOS="951"
                          CONTENT="sicut"/>
                  <SP HEIGHT="62" WIDTH="16" VPOS="749" HPOS="1097"/>
                  <String HEIGHT="62"
                          WIDTH="146"
                          VPOS="749"
                          HPOS="1048"
                          CONTENT="mouet"/>
                  <SP HEIGHT="62" WIDTH="16" VPOS="749" HPOS="1194"/>
                  <String HEIGHT="62"
                          WIDTH="146"
                          VPOS="749"
                          HPOS="1129"
                          CONTENT="desyde"
                          SUBS_TYPE="HypPart1"
                          SUBS_CONTENT="desyderatum"/>
                  <HYP CONTENT="-"/>
               </TextLine>
               <TextLine ID="r3l39"
                         BASELINE="850"
                         HEIGHT="50"
                         WIDTH="519"
                         VPOS="800"
                         HPOS="746">
                  <String HEIGHT="50"
                          WIDTH="161"
                          VPOS="800"
                          HPOS="728"
                          CONTENT="ratum"
                          SUBS_TYPE="HypPart2"
                          SUBS_CONTENT="desyderatum"/>
                  <SP HEIGHT="50" WIDTH="18" VPOS="800" HPOS="889"/>
                  <String HEIGHT="50" WIDTH="89" VPOS="800" HPOS="835" CONTENT="&amp;"/>
                  <SP HEIGHT="50" WIDTH="18" VPOS="800" HPOS="925"/>
                  <String HEIGHT="50"
                          WIDTH="286"
                          VPOS="800"
                          HPOS="871"
                          CONTENT="intellectum,"/>
                  <SP HEIGHT="50" WIDTH="18" VPOS="800" HPOS="1158"/>
                  <String HEIGHT="50"
                          WIDTH="125"
                          VPOS="800"
                          HPOS="1104"
                          CONTENT="cum"/>
                  <SP HEIGHT="50" WIDTH="18" VPOS="800" HPOS="1229"/>
                  <String HEIGHT="50"
                          WIDTH="125"
                          VPOS="800"
                          HPOS="1176"
                          CONTENT="non"/>
                  <SP HEIGHT="50" WIDTH="18" VPOS="800" HPOS="1301"/>
                  <String HEIGHT="50" WIDTH="36" VPOS="800" HPOS="1229" CONTENT=""/>
               </TextLine>
               <TextLine ID="r3l41"
                         BASELINE="907"
                         HEIGHT="57"
                         WIDTH="506"
                         VPOS="850"
                         HPOS="757">
                  <String HEIGHT="57"
                          WIDTH="184"
                          VPOS="850"
                          HPOS="742"
                          CONTENT="mouetur."/>
                  <SP HEIGHT="57" WIDTH="15" VPOS="850" HPOS="926"/>
                  <String HEIGHT="57" WIDTH="92" VPOS="850" HPOS="880" CONTENT="et"/>
                  <SP HEIGHT="57" WIDTH="15" VPOS="850" HPOS="972"/>
                  <String HEIGHT="57"
                          WIDTH="199"
                          VPOS="850"
                          HPOS="926"
                          CONTENT="principia"/>
                  <SP HEIGHT="57" WIDTH="15" VPOS="850" HPOS="1125"/>
                  <String HEIGHT="57"
                          WIDTH="169"
                          VPOS="850"
                          HPOS="1079"
                          CONTENT="istorum"/>
                  <SP HEIGHT="57" WIDTH="15" VPOS="850" HPOS="1248"/>
                  <String HEIGHT="57"
                          WIDTH="77"
                          VPOS="850"
                          HPOS="1186"
                          CONTENT="ea"
                          SUBS_TYPE="HypPart1"
                          SUBS_CONTENT="eadem"/>
                  <HYP CONTENT="-"/>
               </TextLine>
               <TextLine ID="r3l43"
                         BASELINE="954"
                         HEIGHT="53"
                         WIDTH="490"
                         VPOS="901"
                         HPOS="757">
                  <String HEIGHT="53"
                          WIDTH="101"
                          VPOS="901"
                          HPOS="743"
                          CONTENT="dem"
                          SUBS_TYPE="HypPart2"
                          SUBS_CONTENT="eadem"/>
                  <SP HEIGHT="53" WIDTH="14" VPOS="901" HPOS="843"/>
                  <String HEIGHT="53"
                          WIDTH="130"
                          VPOS="901"
                          HPOS="800"
                          CONTENT="sunt."/>
                  <SP HEIGHT="53" WIDTH="14" VPOS="901" HPOS="930"/>
                  <String HEIGHT="53" WIDTH="86" VPOS="901" HPOS="887" CONTENT="et"/>
                  <SP HEIGHT="53" WIDTH="14" VPOS="901" HPOS="973"/>
                  <String HEIGHT="53"
                          WIDTH="202"
                          VPOS="901"
                          HPOS="930"
                          CONTENT="desyderium"/>
                  <SP HEIGHT="53" WIDTH="14" VPOS="901" HPOS="1132"/>
                  <String HEIGHT="53"
                          WIDTH="101"
                          VPOS="901"
                          HPOS="1088"
                          CONTENT="est"/>
                  <SP HEIGHT="53" WIDTH="14" VPOS="901" HPOS="1189"/>
                  <String HEIGHT="53"
                          WIDTH="115"
                          VPOS="901"
                          HPOS="1132"
                          CONTENT="sensus"/>
               </TextLine>
               <TextLine ID="r3l45"
                         BASELINE="1009"
                         HEIGHT="65"
                         WIDTH="512"
                         VPOS="944"
                         HPOS="753">
                  <String HEIGHT="65" WIDTH="109" VPOS="944" HPOS="737" CONTENT="qui"/>
                  <SP HEIGHT="65" WIDTH="16" VPOS="944" HPOS="846"/>
                  <String HEIGHT="65"
                          WIDTH="233"
                          VPOS="944"
                          HPOS="800"
                          CONTENT="distinguit,"/>
                  <SP HEIGHT="65" WIDTH="16" VPOS="944" HPOS="1032"/>
                  <String HEIGHT="65" WIDTH="93" VPOS="944" HPOS="986" CONTENT="et"/>
                  <SP HEIGHT="65" WIDTH="16" VPOS="944" HPOS="1079"/>
                  <String HEIGHT="65"
                          WIDTH="155"
                          VPOS="944"
                          HPOS="1032"
                          CONTENT="primum"/>
                  <SP HEIGHT="65" WIDTH="16" VPOS="944" HPOS="1187"/>
                  <String HEIGHT="65"
                          WIDTH="140"
                          VPOS="944"
                          HPOS="1125"
                          CONTENT="affecta"/>
               </TextLine>
               <TextLine ID="r3l48"
                         BASELINE="1053"
                         HEIGHT="61"
                         WIDTH="500"
                         VPOS="992"
                         HPOS="757">
                  <String HEIGHT="61" WIDTH="109" VPOS="992" HPOS="741" CONTENT="tum"/>
                  <SP HEIGHT="61" WIDTH="16" VPOS="992" HPOS="851"/>
                  <String HEIGHT="61" WIDTH="109" VPOS="992" HPOS="804" CONTENT="est"/>
                  <SP HEIGHT="61" WIDTH="16" VPOS="992" HPOS="913"/>
                  <String HEIGHT="61"
                          WIDTH="172"
                          VPOS="992"
                          HPOS="866"
                          CONTENT="sensus."/>
                  <SP HEIGHT="61" WIDTH="16" VPOS="992" HPOS="1038"/>
                  <String HEIGHT="61" WIDTH="78" VPOS="992" HPOS="991" CONTENT="&amp;"/>
                  <SP HEIGHT="61" WIDTH="16" VPOS="992" HPOS="1070"/>
                  <String HEIGHT="61"
                          WIDTH="141"
                          VPOS="992"
                          HPOS="1023"
                          CONTENT="primo"/>
                  <SP HEIGHT="61" WIDTH="16" VPOS="992" HPOS="1163"/>
                  <String HEIGHT="61"
                          WIDTH="156"
                          VPOS="992"
                          HPOS="1101"
                          CONTENT="affecta"
                          SUBS_TYPE="HypPart1"
                          SUBS_CONTENT="affectatum"/>
                  <HYP CONTENT="-"/>
               </TextLine>
               <TextLine ID="r3l50"
                         BASELINE="1106"
                         HEIGHT="66"
                         WIDTH="507"
                         VPOS="1040"
                         HPOS="747">
                  <String HEIGHT="66"
                          WIDTH="127"
                          VPOS="1040"
                          HPOS="729"
                          CONTENT="tum"
                          SUBS_TYPE="HypPart2"
                          SUBS_CONTENT="affectatum"/>
                  <SP HEIGHT="66" WIDTH="18" VPOS="1040" HPOS="856"/>
                  <String HEIGHT="66"
                          WIDTH="127"
                          VPOS="1040"
                          HPOS="801"
                          CONTENT="est"/>
                  <SP HEIGHT="66" WIDTH="18" VPOS="1040" HPOS="928"/>
                  <String HEIGHT="66"
                          WIDTH="181"
                          VPOS="1040"
                          HPOS="874"
                          CONTENT="bonum,"/>
                  <SP HEIGHT="66" WIDTH="18" VPOS="1040" HPOS="1055"/>
                  <String HEIGHT="66" WIDTH="91" VPOS="1040" HPOS="1000" CONTENT="&amp;"/>
                  <SP HEIGHT="66" WIDTH="18" VPOS="1040" HPOS="1091"/>
                  <String HEIGHT="66"
                          WIDTH="235"
                          VPOS="1040"
                          HPOS="1019"
                          CONTENT="desyderatum"/>
               </TextLine>
               <TextLine ID="r3l52"
                         BASELINE="1150"
                         HEIGHT="60"
                         WIDTH="518"
                         VPOS="1090"
                         HPOS="745">
                  <String HEIGHT="60"
                          WIDTH="167"
                          VPOS="1090"
                          HPOS="728"
                          CONTENT="magis,"/>
                  <SP HEIGHT="60" WIDTH="17" VPOS="1090" HPOS="895"/>
                  <String HEIGHT="60"
                          WIDTH="134"
                          VPOS="1090"
                          HPOS="845"
                          CONTENT="quia"/>
                  <SP HEIGHT="60" WIDTH="17" VPOS="1090" HPOS="979"/>
                  <String HEIGHT="60"
                          WIDTH="251"
                          VPOS="1090"
                          HPOS="929"
                          CONTENT="existimatur"/>
                  <SP HEIGHT="60" WIDTH="17" VPOS="1090" HPOS="1179"/>
                  <String HEIGHT="60"
                          WIDTH="150"
                          VPOS="1090"
                          HPOS="1113"
                          CONTENT="proprie"/>
               </TextLine>
               <TextLine ID="r3l54"
                         BASELINE="1194"
                         HEIGHT="60"
                         WIDTH="508"
                         VPOS="1134"
                         HPOS="747">
                  <String HEIGHT="60"
                          WIDTH="135"
                          VPOS="1134"
                          HPOS="730"
                          CONTENT="esse"/>
                  <SP HEIGHT="60" WIDTH="17" VPOS="1134" HPOS="866"/>
                  <String HEIGHT="60"
                          WIDTH="169"
                          VPOS="1134"
                          HPOS="815"
                          CONTENT="maius,"/>
                  <SP HEIGHT="60" WIDTH="17" VPOS="1134" HPOS="984"/>
                  <String HEIGHT="60" WIDTH="85" VPOS="1134" HPOS="933" CONTENT="&amp;"/>
                  <SP HEIGHT="60" WIDTH="17" VPOS="1134" HPOS="1018"/>
                  <String HEIGHT="60"
                          WIDTH="119"
                          VPOS="1134"
                          HPOS="967"
                          CONTENT="non"/>
                  <SP HEIGHT="60" WIDTH="17" VPOS="1134" HPOS="1086"/>
                  <String HEIGHT="60"
                          WIDTH="237"
                          VPOS="1134"
                          HPOS="1018"
                          CONTENT="existimatur,"/>
               </TextLine>
               <TextLine ID="r3l57"
                         BASELINE="1242"
                         HEIGHT="61"
                         WIDTH="287"
                         VPOS="1181"
                         HPOS="752">
                  <String HEIGHT="61"
                          WIDTH="135"
                          VPOS="1181"
                          HPOS="735"
                          CONTENT="quia"/>
                  <SP HEIGHT="61" WIDTH="17" VPOS="1181" HPOS="870"/>
                  <String HEIGHT="61"
                          WIDTH="236"
                          VPOS="1181"
                          HPOS="803"
                          CONTENT="desyderamus."/>
               </TextLine>
               <TextLine ID="r3l59"
                         BASELINE="1306"
                         HEIGHT="45"
                         WIDTH="476"
                         VPOS="1261"
                         HPOS="786">
                  <String HEIGHT="45" WIDTH="110" VPOS="1261" HPOS="768" CONTENT="Et"/>
                  <SP HEIGHT="45" WIDTH="18" VPOS="1261" HPOS="878"/>
                  <String HEIGHT="45"
                          WIDTH="128"
                          VPOS="1261"
                          HPOS="823"
                          CONTENT="cum"/>
                  <SP HEIGHT="45" WIDTH="18" VPOS="1261" HPOS="951"/>
                  <String HEIGHT="45"
                          WIDTH="183"
                          VPOS="1261"
                          HPOS="896"
                          CONTENT="primum"/>
                  <SP HEIGHT="45" WIDTH="18" VPOS="1261" HPOS="1079"/>
                  <String HEIGHT="45"
                          WIDTH="183"
                          VPOS="1261"
                          HPOS="1024"
                          CONTENT="mouens"/>
                  <SP HEIGHT="45" WIDTH="18" VPOS="1261" HPOS="1207"/>
                  <String HEIGHT="45"
                          WIDTH="128"
                          VPOS="1261"
                          HPOS="1134"
                          CONTENT="mouer"/>
               </TextLine>
               <TextLine ID="r3l61"
                         BASELINE="1346"
                         HEIGHT="45"
                         WIDTH="504"
                         VPOS="1301"
                         HPOS="755">
                  <String HEIGHT="45" WIDTH="87" VPOS="1301" HPOS="738" CONTENT="&amp;"/>
                  <SP HEIGHT="45" WIDTH="17" VPOS="1301" HPOS="825"/>
                  <String HEIGHT="45"
                          WIDTH="122"
                          VPOS="1301"
                          HPOS="772"
                          CONTENT="non"/>
                  <SP HEIGHT="45" WIDTH="17" VPOS="1301" HPOS="894"/>
                  <String HEIGHT="45"
                          WIDTH="209"
                          VPOS="1301"
                          HPOS="842"
                          CONTENT="mouetur,"/>
                  <SP HEIGHT="45" WIDTH="17" VPOS="1301" HPOS="1050"/>
                  <String HEIGHT="45"
                          WIDTH="156"
                          VPOS="1301"
                          HPOS="998"
                          CONTENT="neque"/>
                  <SP HEIGHT="45" WIDTH="17" VPOS="1301" HPOS="1155"/>
                  <String HEIGHT="45"
                          WIDTH="174"
                          VPOS="1301"
                          HPOS="1085"
                          CONTENT="secundum"/>
               </TextLine>
               <TextLine ID="r3l63"
                         BASELINE="1391"
                         HEIGHT="50"
                         WIDTH="507"
                         VPOS="1341"
                         HPOS="747">
                  <String HEIGHT="50"
                          WIDTH="220"
                          VPOS="1341"
                          HPOS="730"
                          CONTENT="accidens,"/>
                  <SP HEIGHT="50" WIDTH="17" VPOS="1341" HPOS="950"/>
                  <String HEIGHT="50"
                          WIDTH="152"
                          VPOS="1341"
                          HPOS="899"
                          CONTENT="neque"/>
                  <SP HEIGHT="50" WIDTH="17" VPOS="1341" HPOS="1051"/>
                  <String HEIGHT="50"
                          WIDTH="203"
                          VPOS="1341"
                          HPOS="1001"
                          CONTENT="secundum"/>
                  <SP HEIGHT="50" WIDTH="17" VPOS="1341" HPOS="1203"/>
                  <String HEIGHT="50"
                          WIDTH="118"
                          VPOS="1341"
                          HPOS="1136"
                          CONTENT="seip"
                          SUBS_TYPE="HypPart1"
                          SUBS_CONTENT="seipsum,"/>
                  <HYP CONTENT="-"/>
               </TextLine>
               <TextLine ID="r3l65"
                         BASELINE="1430"
                         HEIGHT="51"
                         WIDTH="515"
                         VPOS="1379"
                         HPOS="749">
                  <String HEIGHT="51"
                          WIDTH="121"
                          VPOS="1379"
                          HPOS="734"
                          CONTENT="sum,"
                          SUBS_TYPE="HypPart2"
                          SUBS_CONTENT="seipsum,"/>
                  <SP HEIGHT="51" WIDTH="15" VPOS="1379" HPOS="855"/>
                  <String HEIGHT="51"
                          WIDTH="136"
                          VPOS="1379"
                          HPOS="810"
                          CONTENT="sicut"/>
                  <SP HEIGHT="51" WIDTH="15" VPOS="1379" HPOS="946"/>
                  <String HEIGHT="51"
                          WIDTH="167"
                          VPOS="1379"
                          HPOS="900"
                          CONTENT="mouetur"/>
                  <SP HEIGHT="51" WIDTH="15" VPOS="1379" HPOS="1067"/>
                  <String HEIGHT="51"
                          WIDTH="151"
                          VPOS="1379"
                          HPOS="1022"
                          CONTENT="anima,"/>
                  <SP HEIGHT="51" WIDTH="15" VPOS="1379" HPOS="1173"/>
                  <String HEIGHT="51"
                          WIDTH="121"
                          VPOS="1379"
                          HPOS="1128"
                          CONTENT="quae"/>
                  <SP HEIGHT="51" WIDTH="15" VPOS="1379" HPOS="1249"/>
                  <String HEIGHT="51"
                          WIDTH="76"
                          VPOS="1379"
                          HPOS="1188"
                          CONTENT="est"/>
               </TextLine>
               <TextLine ID="r3l67"
                         BASELINE="1458"
                         HEIGHT="41"
                         WIDTH="503"
                         VPOS="1417"
                         HPOS="754">
                  <String HEIGHT="41" WIDTH="86" VPOS="1417" HPOS="740" CONTENT="in"/>
                  <SP HEIGHT="41" WIDTH="14" VPOS="1417" HPOS="826"/>
                  <String HEIGHT="41"
                          WIDTH="172"
                          VPOS="1417"
                          HPOS="783"
                          CONTENT="corpore,"/>
                  <SP HEIGHT="41" WIDTH="14" VPOS="1417" HPOS="955"/>
                  <String HEIGHT="41"
                          WIDTH="158"
                          VPOS="1417"
                          HPOS="912"
                          CONTENT="necesse"/>
                  <SP HEIGHT="41" WIDTH="14" VPOS="1417" HPOS="1070"/>
                  <String HEIGHT="41"
                          WIDTH="101"
                          VPOS="1417"
                          HPOS="1027"
                          CONTENT="est"/>
                  <SP HEIGHT="41" WIDTH="14" VPOS="1417" HPOS="1128"/>
                  <String HEIGHT="41" WIDTH="86" VPOS="1417" HPOS="1085" CONTENT="vt"/>
                  <SP HEIGHT="41" WIDTH="14" VPOS="1417" HPOS="1171"/>
                  <String HEIGHT="41"
                          WIDTH="115"
                          VPOS="1417"
                          HPOS="1128"
                          CONTENT="iste"/>
                  <SP HEIGHT="41" WIDTH="14" VPOS="1417" HPOS="1243"/>
                  <String HEIGHT="41"
                          WIDTH="72"
                          VPOS="1417"
                          HPOS="1185"
                          CONTENT="mo"
                          SUBS_TYPE="HypPart1"
                          SUBS_CONTENT="motor"/>
                  <HYP CONTENT="-"/>
               </TextLine>
               <TextLine ID="r3l69"
                         BASELINE="1497"
                         HEIGHT="40"
                         WIDTH="499"
                         VPOS="1457"
                         HPOS="757">
                  <String HEIGHT="40"
                          WIDTH="129"
                          VPOS="1457"
                          HPOS="739"
                          CONTENT="tor"
                          SUBS_TYPE="HypPart2"
                          SUBS_CONTENT="motor"/>
                  <SP HEIGHT="40" WIDTH="18" VPOS="1457" HPOS="868"/>
                  <String HEIGHT="40"
                          WIDTH="203"
                          VPOS="1457"
                          HPOS="812"
                          CONTENT="moueat,"/>
                  <SP HEIGHT="40" WIDTH="18" VPOS="1457" HPOS="1016"/>
                  <String HEIGHT="40"
                          WIDTH="277"
                          VPOS="1457"
                          HPOS="960"
                          CONTENT="quemadmodum"/>
                  <SP HEIGHT="40" WIDTH="18" VPOS="1457" HPOS="1238"/>
                  <String HEIGHT="40"
                          WIDTH="92"
                          VPOS="1457"
                          HPOS="1164"
                          CONTENT="de"
                          SUBS_TYPE="HypPart1"
                          SUBS_CONTENT="desyderatum,"/>
                  <HYP CONTENT="-"/>
               </TextLine>
               <TextLine ID="r3l71"
                         BASELINE="1539"
                         HEIGHT="45"
                         WIDTH="507"
                         VPOS="1494"
                         HPOS="748">
                  <String HEIGHT="45"
                          WIDTH="237"
                          VPOS="1494"
                          HPOS="731"
                          CONTENT="syderatum,"
                          SUBS_TYPE="HypPart2"
                          SUBS_CONTENT="desyderatum,"/>
                  <SP HEIGHT="45" WIDTH="17" VPOS="1494" HPOS="968"/>
                  <String HEIGHT="45" WIDTH="85" VPOS="1494" HPOS="917" CONTENT="&amp;"/>
                  <SP HEIGHT="45" WIDTH="17" VPOS="1494" HPOS="1002"/>
                  <String HEIGHT="45"
                          WIDTH="237"
                          VPOS="1494"
                          HPOS="951"
                          CONTENT="affectatum"/>
                  <SP HEIGHT="45" WIDTH="17" VPOS="1494" HPOS="1187"/>
                  <String HEIGHT="45"
                          WIDTH="135"
                          VPOS="1494"
                          HPOS="1120"
                          CONTENT="moueni"/>
               </TextLine>
               <TextLine ID="r3l73"
                         BASELINE="1579"
                         HEIGHT="47"
                         WIDTH="506"
                         VPOS="1532"
                         HPOS="755">
                  <String HEIGHT="47"
                          WIDTH="119"
                          VPOS="1532"
                          HPOS="740"
                          CONTENT="nos."/>
                  <SP HEIGHT="47" WIDTH="15" VPOS="1532" HPOS="859"/>
                  <String HEIGHT="47"
                          WIDTH="134"
                          VPOS="1532"
                          HPOS="815"
                          CONTENT="quare"/>
                  <SP HEIGHT="47" WIDTH="15" VPOS="1532" HPOS="948"/>
                  <String HEIGHT="47"
                          WIDTH="134"
                          VPOS="1532"
                          HPOS="904"
                          CONTENT="actio"/>
                  <SP HEIGHT="47" WIDTH="15" VPOS="1532" HPOS="1038"/>
                  <String HEIGHT="47"
                          WIDTH="164"
                          VPOS="1532"
                          HPOS="993"
                          CONTENT="videtur"/>
                  <SP HEIGHT="47" WIDTH="15" VPOS="1532" HPOS="1157"/>
                  <String HEIGHT="47"
                          WIDTH="119"
                          VPOS="1532"
                          HPOS="1112"
                          CONTENT="esse"/>
                  <SP HEIGHT="47" WIDTH="15" VPOS="1532" HPOS="1231"/>
                  <String HEIGHT="47"
                          WIDTH="89"
                          VPOS="1532"
                          HPOS="1172"
                          CONTENT="bo"
                          SUBS_TYPE="HypPart1"
                          SUBS_CONTENT="bonum."/>
                  <HYP CONTENT="-"/>
               </TextLine>
               <TextLine ID="r3l75"
                         BASELINE="1626"
                         HEIGHT="54"
                         WIDTH="502"
                         VPOS="1572"
                         HPOS="751">
                  <String HEIGHT="54"
                          WIDTH="134"
                          VPOS="1572"
                          HPOS="734"
                          CONTENT="num."
                          SUBS_TYPE="HypPart2"
                          SUBS_CONTENT="bonum."/>
                  <SP HEIGHT="54" WIDTH="17" VPOS="1572" HPOS="868"/>
                  <String HEIGHT="54"
                          WIDTH="117"
                          VPOS="1572"
                          HPOS="818"
                          CONTENT="Et,"/>
                  <SP HEIGHT="54" WIDTH="17" VPOS="1572" HPOS="935"/>
                  <String HEIGHT="54"
                          WIDTH="134"
                          VPOS="1572"
                          HPOS="885"
                          CONTENT="quia"/>
                  <SP HEIGHT="54" WIDTH="17" VPOS="1572" HPOS="1019"/>
                  <String HEIGHT="54"
                          WIDTH="134"
                          VPOS="1572"
                          HPOS="969"
                          CONTENT="modi"/>
                  <SP HEIGHT="54" WIDTH="17" VPOS="1572" HPOS="1102"/>
                  <String HEIGHT="54"
                          WIDTH="218"
                          VPOS="1572"
                          HPOS="1035"
                          CONTENT="desyderabi"
                          SUBS_TYPE="HypPart1"
                          SUBS_CONTENT="desyderabilium"/>
                  <HYP CONTENT="-"/>
               </TextLine>
               <TextLine ID="r3l77"
                         BASELINE="1666"
                         HEIGHT="53"
                         WIDTH="505"
                         VPOS="1613"
                         HPOS="753">
                  <String HEIGHT="53"
                          WIDTH="122"
                          VPOS="1613"
                          HPOS="738"
                          CONTENT="lium"
                          SUBS_TYPE="HypPart2"
                          SUBS_CONTENT="desyderabilium"/>
                  <SP HEIGHT="53" WIDTH="15" VPOS="1613" HPOS="860"/>
                  <String HEIGHT="53"
                          WIDTH="199"
                          VPOS="1613"
                          HPOS="814"
                          CONTENT="mouentium"/>
                  <SP HEIGHT="53" WIDTH="15" VPOS="1613" HPOS="1013"/>
                  <String HEIGHT="53"
                          WIDTH="122"
                          VPOS="1613"
                          HPOS="967"
                          CONTENT="sunt"/>
                  <SP HEIGHT="53" WIDTH="15" VPOS="1613" HPOS="1090"/>
                  <String HEIGHT="53"
                          WIDTH="122"
                          VPOS="1613"
                          HPOS="1044"
                          CONTENT="apud"/>
                  <SP HEIGHT="53" WIDTH="15" VPOS="1613" HPOS="1166"/>
                  <String HEIGHT="53"
                          WIDTH="107"
                          VPOS="1613"
                          HPOS="1120"
                          CONTENT="nos"/>
                  <SP HEIGHT="53" WIDTH="15" VPOS="1613" HPOS="1227"/>
                  <String HEIGHT="53"
                          WIDTH="92"
                          VPOS="1613"
                          HPOS="1166"
                          CONTENT="alii"/>
               </TextLine>
               <TextLine ID="r3l79"
                         BASELINE="1706"
                         HEIGHT="54"
                         WIDTH="499"
                         VPOS="1652"
                         HPOS="754">
                  <String HEIGHT="54" WIDTH="76" VPOS="1652" HPOS="739" CONTENT="a"/>
                  <SP HEIGHT="54" WIDTH="15" VPOS="1652" HPOS="814"/>
                  <String HEIGHT="54"
                          WIDTH="136"
                          VPOS="1652"
                          HPOS="769"
                          CONTENT="modis"/>
                  <SP HEIGHT="54" WIDTH="15" VPOS="1652" HPOS="905"/>
                  <String HEIGHT="54"
                          WIDTH="302"
                          VPOS="1652"
                          HPOS="860"
                          CONTENT="intelligibilium,"/>
                  <SP HEIGHT="54" WIDTH="15" VPOS="1652" HPOS="1162"/>
                  <String HEIGHT="54"
                          WIDTH="121"
                          VPOS="1652"
                          HPOS="1117"
                          CONTENT="quae"/>
                  <SP HEIGHT="54" WIDTH="15" VPOS="1652" HPOS="1238"/>
                  <String HEIGHT="54"
                          WIDTH="76"
                          VPOS="1652"
                          HPOS="1177"
                          CONTENT="mo"
                          SUBS_TYPE="HypPart1"
                          SUBS_CONTENT="mouent"/>
                  <HYP CONTENT="-"/>
               </TextLine>
               <TextLine ID="r3l81"
                         BASELINE="1742"
                         HEIGHT="50"
                         WIDTH="493"
                         VPOS="1692"
                         HPOS="758">
                  <String HEIGHT="50"
                          WIDTH="116"
                          VPOS="1692"
                          HPOS="744"
                          CONTENT="uent"
                          SUBS_TYPE="HypPart2"
                          SUBS_CONTENT="mouent"/>
                  <SP HEIGHT="50" WIDTH="15" VPOS="1692" HPOS="860"/>
                  <String HEIGHT="50"
                          WIDTH="116"
                          VPOS="1692"
                          HPOS="816"
                          CONTENT="nos,"/>
                  <SP HEIGHT="50" WIDTH="15" VPOS="1692" HPOS="932"/>
                  <String HEIGHT="50"
                          WIDTH="116"
                          VPOS="1692"
                          HPOS="889"
                          CONTENT="adeo"/>
                  <SP HEIGHT="50" WIDTH="15" VPOS="1692" HPOS="1005"/>
                  <String HEIGHT="50"
                          WIDTH="116"
                          VPOS="1692"
                          HPOS="961"
                          CONTENT="quod"/>
                  <SP HEIGHT="50" WIDTH="15" VPOS="1692" HPOS="1077"/>
                  <String HEIGHT="50"
                          WIDTH="116"
                          VPOS="1692"
                          HPOS="1034"
                          CONTENT="iste"/>
                  <SP HEIGHT="50" WIDTH="15" VPOS="1692" HPOS="1150"/>
                  <String HEIGHT="50"
                          WIDTH="116"
                          VPOS="1692"
                          HPOS="1106"
                          CONTENT="duae"/>
                  <SP HEIGHT="50" WIDTH="15" VPOS="1692" HPOS="1222"/>
                  <String HEIGHT="50"
                          WIDTH="102"
                          VPOS="1692"
                          HPOS="1179"
                          CONTENT="mo"/>
                  <SP HEIGHT="50" WIDTH="15" VPOS="1692" HPOS="1280"/>
                  <String HEIGHT="50" WIDTH="29" VPOS="1692" HPOS="1222" CONTENT=""/>
               </TextLine>
               <TextLine ID="r3l83"
                         BASELINE="1779"
                         HEIGHT="46"
                         WIDTH="496"
                         VPOS="1733"
                         HPOS="757">
                  <String HEIGHT="46"
                          WIDTH="146"
                          VPOS="1733"
                          HPOS="742"
                          CONTENT="tiones"/>
                  <SP HEIGHT="46" WIDTH="15" VPOS="1733" HPOS="888"/>
                  <String HEIGHT="46"
                          WIDTH="248"
                          VPOS="1733"
                          HPOS="845"
                          CONTENT="contrariantur"/>
                  <SP HEIGHT="46" WIDTH="15" VPOS="1733" HPOS="1093"/>
                  <String HEIGHT="46"
                          WIDTH="131"
                          VPOS="1733"
                          HPOS="1049"
                          CONTENT="sibi:"/>
                  <SP HEIGHT="46" WIDTH="15" VPOS="1733" HPOS="1180"/>
                  <String HEIGHT="46"
                          WIDTH="131"
                          VPOS="1733"
                          HPOS="1122"
                          CONTENT="quoniam"/>
               </TextLine>
               <TextLine ID="r3l85"
                         BASELINE="1818"
                         HEIGHT="49"
                         WIDTH="506"
                         VPOS="1769"
                         HPOS="753">
                  <String HEIGHT="49"
                          WIDTH="142"
                          VPOS="1769"
                          HPOS="737"
                          CONTENT="motio"/>
                  <SP HEIGHT="49" WIDTH="16" VPOS="1769" HPOS="880"/>
                  <String HEIGHT="49" WIDTH="95" VPOS="1769" HPOS="832" CONTENT="in"/>
                  <SP HEIGHT="49" WIDTH="16" VPOS="1769" HPOS="927"/>
                  <String HEIGHT="49"
                          WIDTH="174"
                          VPOS="1769"
                          HPOS="880"
                          CONTENT="alterum"/>
                  <SP HEIGHT="49" WIDTH="16" VPOS="1769" HPOS="1053"/>
                  <String HEIGHT="49"
                          WIDTH="221"
                          VPOS="1769"
                          HPOS="1006"
                          CONTENT="desyderati"/>
                  <SP HEIGHT="49" WIDTH="16" VPOS="1769" HPOS="1227"/>
                  <String HEIGHT="49"
                          WIDTH="95"
                          VPOS="1769"
                          HPOS="1164"
                          CONTENT="dif"
                          SUBS_TYPE="HypPart1"
                          SUBS_CONTENT="differt"/>
                  <HYP CONTENT="-"/>
               </TextLine>
               <TextLine ID="r3l88"
                         BASELINE="1850"
                         HEIGHT="37"
                         WIDTH="511"
                         VPOS="1813"
                         HPOS="752">
                  <String HEIGHT="37"
                          WIDTH="120"
                          VPOS="1813"
                          HPOS="737"
                          CONTENT="fert"
                          SUBS_TYPE="HypPart2"
                          SUBS_CONTENT="differt"/>
                  <SP HEIGHT="37" WIDTH="15" VPOS="1813" HPOS="857"/>
                  <String HEIGHT="37" WIDTH="75" VPOS="1813" HPOS="812" CONTENT="a"/>
                  <SP HEIGHT="37" WIDTH="15" VPOS="1813" HPOS="887"/>
                  <String HEIGHT="37"
                          WIDTH="165"
                          VPOS="1813"
                          HPOS="842"
                          CONTENT="motione"/>
                  <SP HEIGHT="37" WIDTH="15" VPOS="1813" HPOS="1008"/>
                  <String HEIGHT="37" WIDTH="90" VPOS="1813" HPOS="962" CONTENT="in"/>
                  <SP HEIGHT="37" WIDTH="15" VPOS="1813" HPOS="1053"/>
                  <String HEIGHT="37"
                          WIDTH="165"
                          VPOS="1813"
                          HPOS="1007"
                          CONTENT="alterum"/>
                  <SP HEIGHT="37" WIDTH="15" VPOS="1813" HPOS="1173"/>
                  <String HEIGHT="37"
                          WIDTH="150"
                          VPOS="1813"
                          HPOS="1113"
                          CONTENT="intelle"
                          SUBS_TYPE="HypPart1"
                          SUBS_CONTENT="intellecti."/>
                  <HYP CONTENT="-"/>
               </TextLine>
               <TextLine ID="r3l89"
                         BASELINE="1890"
                         HEIGHT="44"
                         WIDTH="503"
                         VPOS="1846"
                         HPOS="748">
                  <String HEIGHT="44"
                          WIDTH="115"
                          VPOS="1846"
                          HPOS="734"
                          CONTENT="cti."
                          SUBS_TYPE="HypPart2"
                          SUBS_CONTENT="intellecti."/>
                  <SP HEIGHT="44" WIDTH="14" VPOS="1846" HPOS="849"/>
                  <String HEIGHT="44" WIDTH="86" VPOS="1846" HPOS="805" CONTENT="Et"/>
                  <SP HEIGHT="44" WIDTH="14" VPOS="1846" HPOS="892"/>
                  <String HEIGHT="44"
                          WIDTH="158"
                          VPOS="1846"
                          HPOS="849"
                          CONTENT="videtur"/>
                  <SP HEIGHT="44" WIDTH="14" VPOS="1846" HPOS="1007"/>
                  <String HEIGHT="44" WIDTH="86" VPOS="1846" HPOS="964" CONTENT="de"/>
                  <SP HEIGHT="44" WIDTH="14" VPOS="1846" HPOS="1050"/>
                  <String HEIGHT="44"
                          WIDTH="129"
                          VPOS="1846"
                          HPOS="1007"
                          CONTENT="istis"/>
                  <SP HEIGHT="44" WIDTH="14" VPOS="1846" HPOS="1136"/>
                  <String HEIGHT="44"
                          WIDTH="172"
                          VPOS="1846"
                          HPOS="1079"
                          CONTENT="principiis"/>
               </TextLine>
            </TextBlock>
         </PrintSpace>
      </Page>
   </Layout>
</alto>
