1475 2066
208 178 113 48 quae
279 178 113 48 sunt
350 178 85 48 in
392 178 198 48 corporibus
534 178 198 48 ccelestibus,

220 214 111 53 quod
289 214 208 53 desyderatum
456 214 83 53 in
497 214 97 53 eis
553 214 111 53 idem
622 214 97 53 est
664 214 69 53 cum

223 251 224 53 intellecto.
402 251 224 53 Desyderatum
581 251 119 53 enim
641 251 89 53 apud

222 292 93 50 nos
275 292 146 50 differt
381 292 79 50 ab
420 292 199 50 intellecto:
579 292 106 50 quia
632 292 93 50 poten

216 333 111 45 tia,
286 333 97 45 qua
341 333 251 45 comprehenditur
536 333 195 45 desyderatum,

221 372 163 38 differt
340 372 89 38 ab
384 372 104 38 ea,
443 372 104 38 qua
487 372 237 38 comprehenditu:

221 409 230 41 intellectum.
407 409 215 41 Desyderatum
579 409 115 41 enim
637 409 86 41 com-

218 448 199 52 preheditur
374 448 142 52 sensu,
474 448 71 52 &
502 448 100 52 est
545 448 185 52 voluptatum:

219 485 190 45 intellectum
371 485 114 45 autem
447 485 190 45 intellectu,
599 485 63 45 &
624 485 88 45 est
662 485 63 45 cu-

216 529 89 50 ius
267 529 114 50 actio
343 529 89 50 vte
394 529 114 50 bona.
471 529 140 50 Corpora
572 529 127 50 igitur
649 529 76 50 coe-

219 565 148 48 lestia,
326 565 108 48 quia
394 565 94 48 non
448 565 175 48 sentiunt:
583 565 135 48 sensus
664 565 67 48 au-

225 604 93 38 tem
278 604 93 38 non
331 604 93 38 est
384 604 79 38 in
423 604 185 38 animalibus
569 604 106 38 nisi
635 604 79 38 ad
662 604 66 38 sa-

216 643 146 39 lutem:
319 643 117 39 ideo
392 643 220 39 desyderatum
568 643 88 39 in
612 643 103 39 eis
656 643 73 39 non

226 687 138 36 differt
327 687 75 36 ab
364 687 188 36 intellectu.
515 687 201 36 intellectum.
665 687 63 36 eni

218 721 136 42 mouens
314 721 82 42 ab
355 721 96 42 eo,
409 721 109 42 quod
478 721 96 42 est
532 721 136 42 bonum,
628 721 96 42 est
682 721 82 42 in

215 760 137 53 simul
306 760 243 53 voluptuosum.
503 760 106 53 hoc
564 760 152 53 igitur
655 760 76 53 est

218 801 153 41 dicere,
329 801 111 41 quod
399 801 209 41 voluptuosum
566 801 70 41 &
580 801 139 41 intelle-

223 837 104 41 ctum
288 837 91 41 est
340 837 104 41 idem
405 837 78 41 in
444 837 104 41 eis.
510 837 78 41 Et
549 837 78 41 ex
588 837 91 41 hoc
627 837 104 41 quidem

218 877 152 51 apparet
328 877 110 51 bene
397 877 110 51 haec
466 877 152 51 corpora
576 877 69 51 *
604 877 110 51 esse
659 877 69 51 ani

221 916 120 46 mata,
301 916 67 46 &
328 916 107 46 quod
395 916 94 46 non
448 916 134 46 habent
542 916 80 46 de
568 916 161 46 virtutibus

218 957 146 37 animae
321 957 117 37 nisi
394 957 220 37 intellectum
570 957 73 37 &
585 957 146 37 virtutem

220 997 271 50 desyderatiuam,
446 997 120 50 quae
521 997 136 50 mouet
612 997 90 50 in
642 997 90 50 loco

226 1033 87 39 Et
270 1033 102 39 hoc
328 1033 232 39 declarabitur
517 1033 87 39 ex
561 1033 116 39 his.
619 1033 116 39 Dictum

220 1069 92 57 est
272 1069 105 57 enim
338 1069 79 57 in
378 1069 132 57 Octano
470 1069 197 57 Physicorum,
628 1069 105 57 quod
680 1069 53 57 mo

223 1110 109 44 uens
291 1110 109 44 haec
359 1110 149 44 corpora
468 1110 176 44 coelestia
603 1110 81 44 in
630 1110 109 44 nulla-

222 1150 149 44 existit
331 1150 163 44 materia,
453 1150 68 44 &
480 1150 108 44 quod
548 1150 95 44 est
602 1150 122 44 forma
670 1150 54 44 ab

219 1189 176 38 stracta.
351 1189 161 38 Amplius
468 1189 88 38 in
512 1189 132 38 libro
600 1189 88 38 de
629 1189 103 38 Anima

213 1229 147 37 formas
316 1229 205 37 abstractas
478 1229 117 37 esse
536 1229 191 37 intellectus

218 1264 208 44 quapropter
381 1264 148 44 mouens
485 1264 104 44 est
529 1264 208 44 intellectus,

224 1306 75 42 &
254 1306 105 42 est
314 1306 165 42 mouens,
434 1306 120 42 quia
508 1306 120 42 agit
583 1306 150 42 motum,
688 1306 75 42 &

221 1341 107 53 quia
288 1341 94 53 est
341 1341 121 53 finis
422 1341 134 53 motus.
516 1341 107 53 Haec
583 1341 121 53 autem
650 1341 80 53 dif-

223 1381 108 50 ferunt
299 1381 65 50 in
331 1381 97 50 nobis
396 1381 130 50 scilicet
494 1381 108 50 illud,
570 1381 87 50 quod
624 1381 97 50 mouet
678 1381 54 50 nos

224 1420 67 52 in
257 1420 89 52 loco
313 1420 133 52 secundum
412 1420 89 52 quod
468 1420 78 52 est
512 1420 111 52 agens,
590 1420 55 52 &
612 1420 89 52 quod
656 1420 78 52 mouer

218 1457 79 42 nos
263 1457 68 42 in
297 1457 90 42 loco
353 1457 135 42 secundum
455 1457 90 42 quod
511 1457 79 42 est
556 1457 113 42 finis.
635 1457 68 42 Et
658 1457 79 42 habet

217 1499 146 42 duplex
320 1499 132 42 esse,
407 1499 88 42 in
451 1499 146 42 anima,
554 1499 73 42 &
583 1499 132 42 extra
656 1499 73 42 ani

223 1534 102 45 mam.
287 1534 102 45 quod
351 1534 115 45 autem
428 1534 89 45 est
479 1534 77 45 in
517 1534 128 45 anima,
606 1534 89 45 est
645 1534 89 45 agens

221 1577 143 41 motum.
321 1577 186 41 sedmvero,
464 1577 115 41 quod
536 1577 100 41 est
594 1577 129 41 extra
665 1577 72 41 ani

221 1613 88 53 mam,
276 1613 77 53 est
320 1613 110 53 mouens
397 1613 132 53 secundum
497 1613 110 53 finem.
574 1613 88 53 V.g.
618 1613 110 53 *quoniam

210 1652 186 51 balneum
345 1652 203 51 duplicem
497 1652 152 51 habet
582 1652 152 51 formam,

218 1692 78 51 in
257 1692 131 51 anima,
348 1692 65 51 &
375 1692 117 51 extra
453 1692 144 51 animam:
557 1692 65 51 &
583 1692 144 51 propter
675 1692 52 51 il

215 1730 98 41 lam
271 1730 153 41 formam,
382 1730 112 41 quae
452 1730 98 41 est
508 1730 84 41 in
550 1730 139 41 anima,
633 1730 98 41 desy-

213 1768 165 43 deramus
333 1768 135 43 aliam
423 1768 165 43 formam,
544 1768 120 43 quae
619 1768 105 43 est
664 1768 60 43 ex

218 1810 98 41 tra
274 1810 153 41 animam.
385 1810 125 41 forma
469 1810 139 41 igitur
567 1810 139 41 animae
650 1810 70 41 bal

217 1847 96 59 nei
272 1847 178 59 inquantum
409 1847 96 59 est
463 1847 82 59 in
505 1847 137 59 anima,
600 1847 96 59 est
641 1847 96 59 agens

750 172 206 46 desyderium
912 172 74 46 &
942 172 147 46 morum:
1045 172 177 46 secundum
1177 172 132 46 autem

751 214 94 46 quod
810 214 82 46 est
857 214 106 46 extra
928 214 118 46 animam
1010 214 82 46 est
1057 214 106 46 finis
1128 214 118 46 motus,
1198 214 59 46 non

748 255 135 50 agens.
842 255 81 50 Si
882 255 135 50 igitur
976 255 121 50 forma
1057 255 135 50 balnei
1151 255 94 50 non
1192 255 67 50 est

743 293 97 37 set
799 293 83 37 in
840 293 167 37 materia,
965 293 111 37 tunc
1035 293 153 37 moueret
1146 293 69 37 &
1160 293 97 37 secun

751 333 90 50 dum
803 333 116 50 agens
880 333 64 50 &
906 333 154 50 secundum
1021 333 116 50 finem
1099 333 103 50 sine
1150 333 103 50 aliqui

749 371 155 52 motione
862 371 226 52 contingente.
1045 371 85 52 Et
1088 371 99 52 sic
1144 371 99 52 est
1186 371 71 52 in-

741 413 230 48 telligendum
924 413 92 48 de
970 413 214 48 mouentibus
1123 413 138 48 corpora

750 449 148 52 coelestia.
867 449 127 52 secundum
962 449 106 52 igitur
1036 449 85 52 quod
1089 449 85 52 illa
1132 449 127 52 intellecta

748 485 126 45 sunt
827 485 158 45 formae
938 485 158 45 eorum,
1048 485 126 45 sunt
1111 485 158 45 mouentia

754 524 124 46 secundum
847 524 124 46 agentis:
940 524 124 46 secundum
1033 524 93 46 autem
1095 524 83 46 quod
1146 524 83 46 sunt
1188 524 72 46 fines

743 566 127 44 eorum,
832 566 153 44 mouentur
947 566 76 44 ab
985 566 115 44 illis
1061 566 153 44 secundum
1163 566 102 44 desyde

747 605 123 48 rium.
829 605 150 48 Quaeret
939 605 123 48 autem
1021 605 164 48 aliquis,
1143 605 82 48 si
1184 605 123 48 illud

748 651 98 44 quod
809 651 171 44 imaginatur
943 651 73 44 ex
980 651 110 44 illis
1053 651 134 44 formis,
1150 651 85 44 est
1187 651 73 44 esse

741 685 167 50 illorum
862 685 197 50 corporum,
1014 685 121 50 quid
1089 685 152 50 igitur
1180 685 76 50 in-

747 721 150 44 digeret
856 721 123 44 motu:
938 721 82 44 si
979 721 136 44 igitur
1074 721 123 44 forma
1156 721 136 44 arcae,

749 759 107 43 quae
815 759 93 43 est
869 759 80 43 in
909 759 120 43 anima
989 759 173 43 artificis
1122 759 120 43 esset
1189 759 80 43 esse

746 797 161 45 arcae,
859 797 113 45 non
923 797 210 45 moueretur
1085 797 97 45 ad
1117 797 145 45 agendam

748 844 144 38 arcam.
848 844 158 38 Dicamus
964 844 158 38 igitur,
1079 844 115 38 quod
1151 844 101 38 non
1194 844 72 38 mo-

744 876 139 52 uentur,
845 876 101 52 nisi
908 876 101 52 quia
971 876 189 52 intelligunt
1122 876 76 52 ex
1160 876 76 52 se
1185 876 76 52 quod

749 917 174 45 perfectio
882 917 67 45 &
909 917 187 45 substantia
1056 917 120 45 eorum
1136 917 94 45 est
1190 917 80 45 in
1217 917 53 45 mo

746 956 93 38 tu:
799 956 120 38 sicut
879 956 120 38 facit
959 956 133 38 illud,
1052 956 107 38 quod
1119 956 146 38 mouetur
1212 956 53 38 ad

751 998 213 46 conseruamdam
924 998 107 46 suam
990 998 186 46 sanitatem,
1137 998 107 46 quia
1190 998 80 46 scit

752 1031 109 45 quod
820 1031 95 45 sua
875 1031 150 45 sanitas
984 1031 95 45 non
1038 1031 204 45 conseruatur
1187 1031 82 45 nisi

751 1076 108 39 motu.
823 1076 72 39 Et
859 1076 108 39 etiam
931 1076 192 39 intelliguntr
1087 1076 96 39 quod
1147 1076 108 39 motus
1207 1076 60 39 eo-

749 1109 78 44 rum
794 1109 78 44 est
838 1109 101 44 causa
906 1109 112 44 exitus
984 1109 101 44 eius,
1051 1109 101 44 quoid
1118 1109 78 44 est
1163 1109 67 44 in
1186 1109 78 44 poten

753 1148 88 39 tia
804 1148 76 39 in
842 1148 114 39 illis
918 1148 126 39 formis
1006 1148 177 39 abstractis
1145 1148 76 39 ad
1171 1148 88 39 actum

753 1189 127 38 scilicet
849 1189 64 38 ad
880 1189 106 38 formas
955 1189 159 38 materiales.
1082 1189 95 38 Istae
1145 1189 85 38 enim
1187 1189 64 38 for-

754 1225 91 41 mae
806 1225 117 41 forte
884 1225 156 41 videntur
1001 1225 130 41 habere
1093 1225 130 41 duplex
1171 1225 78 41 esse

757 1264 101 42 cilicet
831 1264 55 42 in
858 1264 83 42 actrm
914 1264 111 42 scilicet
997 1264 120 42 materiale
1089 1264 83 42 esse,
1144 1264 74 42 quod
1181 1264 74 42 habent

749 1306 54 51 &
771 1306 86 51 esse
824 1306 64 51 in
856 1306 139 51 potentia.
963 1306 128 51 scilicet
1060 1306 86 51 esse
1113 1306 86 51 quod
1167 1306 96 51 habem
1220 1306 43 51 in

750 1343 103 51 illa
814 1343 128 51 forma.
904 1343 90 51 *Et
956 1343 103 51 dico
1020 1343 77 51 in
1058 1343 167 51 potentia,
1174 1343 77 51 quem

746 1384 155 41 admodum
858 1384 169 41 dicimus,
985 1384 112 41 quod
1069 1384 141 41 formae
1154 1384 98 41 artis

754 1421 131 37 ciales
845 1421 131 37 habent
937 1421 105 37 esse
1002 1421 78 37 in
1042 1421 105 37 actu
1107 1421 78 37 in
1133 1421 118 37 materia

749 1460 68 50 &
777 1460 82 50 in
818 1460 164 50 potentia
941 1460 82 50 in
982 1460 123 50 anima
1064 1460 191 50 artificis.
1201 1460 68 50 Vnm

755 1501 82 37 de
796 1501 95 37 hae
851 1501 136 37 formae
946 1501 163 37 videntur
1068 1501 136 37 habere
1150 1501 109 37 duplex

751 1537 120 41 esse
826 1537 225 41 abstractum,
1006 1537 75 41 &
1036 1537 210 41 materiale.
1186 1537 75 41 EEt

749 1574 98 43 hoc
805 1574 141 43 quidem
904 1574 98 43 est
960 1574 112 43 quod
1030 1574 183 43 facientes
1157 1574 112 43 formas

756 1614 142 43 volunt
855 1614 156 43 dicere,
968 1614 99 43 sed
1025 1614 99 43 non
1068 1614 198 43 perueniuntur

743 1658 88 33 ad
787 1658 146 33 ipsum.
889 1658 102 33 Sed
948 1658 131 33 tamen
1035 1658 131 33 motus
1123 1658 131 33 eorum
1196 1658 73 33 non

754 1700 94 32 est
807 1700 147 32 propter
914 1700 134 32 exitum
1008 1700 147 32 istarum
1115 1700 161 32 formarum
1222 1700 40 32 a

750 1731 134 46 potentia
851 1731 67 46 in
884 1731 112 46 actum,
963 1731 78 46 ita
1007 1731 90 46 quod
1064 1731 101 46 illud
1131 1731 78 46 sit
1164 1731 90 46 perfe-

756 1767 98 43 ctio
817 1767 111 43 prima
891 1767 123 43 eorum,
977 1767 86 43 sed
1026 1767 86 43 ita
1076 1767 98 43 quod
1137 1767 111 43 illud
1199 1767 62 43 est

746 1805 179 54 consequens
887 1805 128 54 primam
976 1805 204 54 perfectionem
1142 1805 128 54 eorum.
1219 1805 38 54 V

743 1851 78 47 g.
782 1851 104 47 quod
847 1851 91 47 qui
899 1851 195 47 exercitatur
1054 1851 78 47 ad
1080 1851 182 47 conseruandum
