1475 2066
200 156 201 46 abstractae
358 156 144 46 debent
458 156 115 46 esse
530 156 187 46 principia
659 156 72 46 eo-

198 197 124 52 rum,
276 197 155 52 quorum
385 197 124 52 sunt
462 197 202 52 principia
602 197 124 52 duobus

215 239 110 43 modis,
292 239 132 43 secundum
391 239 88 43 quod
446 239 88 43 sunt
502 239 143 43 mouentes,
612 239 55 43 &
623 239 110 43 secundum

218 285 93 37 quod
276 285 93 37 sunt
334 285 116 37 finis.
416 285 197 37 Intelligentia
578 285 93 37 enim
636 285 116 37 agens,

215 317 192 51 inquantum
363 317 103 51 est
422 317 192 51 abstracta
569 317 74 51 &
598 317 103 51 est
643 317 88 51 prin

214 363 141 40 cipium
313 363 141 40 nobis,
411 363 155 40 necesse
524 363 113 40 eest
595 363 85 40 vt
623 363 113 40 moueat

218 395 87 39 nos
267 395 149 39 secundum
379 395 99 39 quod
441 395 124 39 amatum
528 395 124 39 amans.
615 395 62 39 &
640 395 75 39 si
665 395 62 39 om-

217 436 101 39 nis
274 436 130 39 motus
361 436 158 39 necesse
476 436 101 39 est
533 436 86 39 vt
562 436 173 39 continuetu

216 471 86 43 cum
265 471 86 43 eo,
314 471 62 43 a
339 471 86 43 quo
388 471 86 43 sit
438 471 148 43 secundum
549 471 123 43 finem,
623 471 111 43 necesse

219 509 91 52 est
271 509 78 52 vt
310 509 78 52 in
349 509 157 52 postremo
467 509 196 52 continuetur
624 509 91 52 cum
663 509 65 52 hoc

213 550 179 44 intellectu
354 550 179 44 abstracto:
494 550 89 44 ita
545 550 102 44 quod
609 550 128 44 erimus
685 550 51 44 de

216 597 180 44 pendentes
355 597 69 44 a
382 597 111 44 tali
452 597 194 44 principio,
604 597 69 44 a
632 597 97 44 quo
674 597 55 44 co

216 623 98 55 lum
272 623 181 55 dependet:
411 623 153 55 quamuis
523 623 98 55 hoc
579 623 98 55 sit
634 623 84 55 in
662 623 70 55 no-

211 665 89 58 bis
262 665 127 58 modico
351 665 152 58 tempore,
465 665 114 58 sicut
542 665 114 58 dixit
605 665 127 58 Aristot.

211 733 68 45 De
245 733 102 45 vita,
312 733 147 45 essentia,
425 733 203 45 perfectioneque
595 733 102 45 primi
651 733 79 45 prin-

248 777 113 50 cipui.
327 777 68 50 Et
361 777 113 50 contra
440 777 147 50 nonnullos
552 777 135 50 dicentes
654 777 68 50 in

287 815 98 53 ipso
348 815 86 53 non
397 815 98 53 esse
458 815 147 53 optimum,
569 815 74 53 ac
593 815 74 53 pul-

324 854 226 53 cberrimum.
501 854 129 53 Cap.
566 854 48 53 2

333 909 185 62 Egenntia
471 909 139 62 vero,
564 909 154 62 qualis
656 909 77 62 non

305 923 136 92 Ibis
390 923 153 92 pauco
492 923 205 92 tempore,
629 923 102 92 opti

333 996 79 46 ma
372 996 105 46 illi
438 996 105 46 est.
503 996 157 46 siquidem
621 996 92 46 ita
660 996 66 46 se,

213 1038 106 44 per
273 1038 136 44 illud
364 1038 121 44 est.
439 1038 136 44 nobis
530 1038 136 44 autem
605 1038 121 44 profe-

214 1085 95 45 cto
269 1085 82 45 id
310 1085 204 45 impossibile
473 1085 109 45 est:
541 1085 150 45 quoniam
649 1085 68 45 &
663 1085 68 45 de-

214 1125 174 45 lectatio
344 1125 130 45 actus
431 1125 130 45 huius
518 1125 116 45 est.
590 1125 87 45 Et
634 1125 87 45 ob
663 1125 72 45 hoc

209 1165 207 45 vigilatio,
372 1165 163 45 sensus,
490 1165 222 45 intellectio
653 1165 74 45 ma-

210 1210 120 41 xime
285 1210 225 41 delectabile
465 1210 120 41 est.
541 1210 120 41 spes
601 1210 120 41 autem,

207 1259 105 43 ac
260 1259 193 43 memoria
400 1259 193 43 propter
540 1259 158 43 haec.
628 1259 105 43 Ipsa

202 1291 97 55 vero
262 1291 181 55 intellectio
407 1291 145 55 secundum
516 1291 73 55 se
553 1291 97 55 eius
613 1291 97 55 est:
661 1291 73 55 quid

210 1337 173 42 secundum
339 1337 86 42 se
382 1337 158 42 optimum
498 1337 115 42 est.
570 1337 72 42 &
598 1337 115 42 quae
656 1337 72 42 ma-

210 1384 131 53 xime
292 1384 131 53 est:
374 1384 131 53 eius
456 1384 131 53 quod
538 1384 164 53 maxime
636 1384 99 53 est.

206 1421 169 46 seipsum
329 1421 123 46 vero
406 1421 231 46 intellectus
575 1421 154 46 intelli-

208 1460 106 54 git
268 1460 227 54 assumptione
450 1460 287 54 intelligibilis.
677 1460 60 54 in

208 1502 230 55 telligibilis
395 1502 144 55 nanque
496 1502 101 55 sit
553 1502 187 55 attingens
683 1502 43 55 &

215 1548 222 52 intelligens,
396 1548 97 52 ita
451 1548 83 52 vt
493 1548 111 52 idem
548 1548 181 52 intellectus

208 1597 79 37 &
240 1597 270 37 intelligibile
462 1597 127 37 sit.
526 1597 206 37 susceptiuum

206 1629 126 53 enim
285 1629 284 53 intelligibilis
522 1629 79 53 &
538 1629 189 53 substantia

205 1670 236 45 intellectus
394 1670 126 45 est,
473 1670 189 45 operatur
615 1670 142 45 autem

205 1712 165 55 habens.
325 1712 135 55 Quare
415 1712 135 55 istud
506 1712 150 55 magis,
611 1712 120 55 quam
671 1712 60 55 il

209 1757 110 45 lud
272 1757 110 45 est
335 1757 94 45 id
382 1757 188 45 diuinum,
523 1757 126 45 quod
586 1757 141 45 intelle

209 1802 129 40 ctus
289 1802 177 40 videtur
418 1802 177 40 habere.
547 1802 80 40 &
563 1802 161 40 specula-

203 1838 133 52 tio
279 1838 228 52 optimum,
450 1838 95 52 &
489 1838 190 52 maxime
603 1838 133 52 dele

752 157 139 45 ctabile
853 157 101 45 est.
917 157 76 45 Si
954 157 126 45 igitur
1043 157 88 45 ita
1093 157 101 45 bene
1156 157 76 45 se
1182 157 88 45 habet

750 204 116 49 Deus
823 204 160 49 semper,
940 204 87 49 vt
983 204 102 49 nos
1041 204 204 49 aliquandm,
1187 204 87 49 admi

745 243 163 47 rabile
859 243 130 47 est.
940 243 130 47 quod
1021 243 98 47 si
1070 243 163 47 magis,
1167 243 114 47 adhuc

746 287 243 43 admirabilius
943 287 121 43 est.
1019 287 91 43 at
1065 287 106 43 ita
1125 287 91 43 se
1156 287 121 43 habet.

744 328 208 53 Caeterum,
904 328 128 53 vita
984 328 192 53 quouquid
1111 328 160 53 profecto

750 373 201 46 inexistit.
907 373 172 46 siquidem
1036 373 215 46 intellectus
1194 373 86 46 ope-

742 413 129 45 ratio
828 413 115 45 vita
899 413 115 45 est.
971 413 115 45 ille
1043 413 115 45 vero
1114 413 100 45 est
1157 413 115 45 actus,

741 456 137 48 actus
832 456 122 48 vero
909 456 107 48 per
970 456 92 48 se
1016 456 153 48 illius
1122 456 122 48 vita
1183 456 92 48 opti

740 498 113 48 ma,
804 498 80 48 &
836 498 193 48 perpetua
981 498 129 48 est.
1062 498 177 48 Dicimus
1174 498 97 48 ita-

742 537 129 53 que
815 537 166 53 Deum,
926 537 295 53 sempiternum,
1147 537 129 53 opti-

747 575 166 60 mumque
864 575 166 60 viuens
980 575 150 60 esse.
1080 575 150 60 Quare
1163 575 100 60 vita

745 628 86 47 &
779 628 155 47 aeuum
883 628 241 47 continuum,
1072 628 86 47 &
1090 628 172 47 aeternum

749 665 114 41 Deo
814 665 163 41 inest.
928 665 114 41 hoc
994 665 131 41 enim
1076 665 114 41 est
1125 665 114 41 Deus.

787 717 189 65 Voluptas
929 717 126 65 enim
1007 717 110 65 est
1070 717 141 65 actio
1149 717 141 65 illius:

749 771 154 63 etiam.
856 771 92 63 Et
902 771 92 63 id
948 771 92 63 eo
994 771 169 63 vigilia
1117 771 77 63 &
1133 771 138 63 sensus,

741 818 74 65 &
771 818 221 65 intellectus
948 818 118 65 sunt
1021 818 221 65 voluptuosa.
1184 818 88 65 spex

747 869 171 61 autem,
867 869 86 61 &
901 869 257 61 rememoratio
1106 869 137 61 sunt
1174 869 103 61 pro-

745 917 116 61 pter
818 917 131 61 ista.
905 917 218 61 intellectus
1079 917 131 61 autem
1166 917 102 61 per
1210 917 58 61 se

752 965 93 62 est
805 965 120 62 eius,
885 965 107 62 quod
952 965 93 62 est
1005 965 160 62 nobilius
1125 965 93 62 per
1179 965 93 62 se.
1219 965 53 62 et

746 1012 114 66 quod
817 1012 100 66 est
874 1012 142 66 magis,
973 1012 100 66 est
1030 1012 156 66 illius,
1144 1012 114 66 quod
1201 1012 71 66 est

750 1061 141 62 magis.
849 1061 71 62 &
877 1061 113 62 quod
947 1061 198 62 intelligit
1103 1061 99 62 se,
1159 1061 99 62 est
1216 1061 85 62 in

749 1108 184 62 tellectus
890 1108 99 62 per
947 1108 240 62 acquisitionem
1131 1108 141 62 intelle-

746 1157 114 61 cti.
817 1157 99 61 sit
874 1157 114 61 enim
945 1157 227 61 intellectum,
1129 1157 142 61 quando
1214 1157 57 61 ad

742 1204 187 66 miscetur,
885 1204 72 66 &
914 1204 215 66 intelligit.
1072 1204 201 66 intellectus,

740 1253 176 55 igitur,
868 1253 80 55 &
900 1253 240 55 intellectum
1091 1253 128 55 sunt
1155 1253 112 55 idem.

740 1301 162 61 recipi
853 1301 97 61 es
902 1301 129 61 enim
983 1301 259 61 intellectum,
1193 1301 81 61 &
1209 1301 81 61 sub

745 1347 181 50 stantiam
881 1347 121 50 eius
956 1347 106 50 est
1017 1347 241 50 intellectus,
1213 1347 75 50 &

749 1397 98 64 non
805 1397 238 64 intelligitur,
1001 1397 112 64 nisi
1072 1397 98 64 cum
1128 1397 140 64 habet.
1212 1397 56 64 In

749 1445 185 63 tellectus
891 1445 142 63 igitur
991 1445 114 63 ille
1062 1445 156 63 diuinus
1175 1445 100 63 est
1218 1445 57 63 ma

749 1493 98 57 ior
805 1493 127 57 isto.
889 1493 211 57 desyderatio
1058 1493 127 57 autem
1143 1493 98 57 est
1185 1493 84 57 ali-

747 1539 126 63 quid
826 1539 142 63 valde
921 1539 173 63 nobile,
1047 1539 79 63 &
1062 1539 205 63 voluptuosu.

751 1595 81 61 Si
792 1595 136 61 igitur
887 1595 109 61 Deus
955 1595 136 61 semper
1050 1595 109 61 est,
1118 1595 122 61 sicut
1199 1595 95 61 nos

748 1640 91 58 in
793 1640 151 58 aliqua
899 1640 136 58 hora,
989 1640 106 58 hoc
1050 1640 106 58 est
1110 1640 151 58 mirum.
1216 1640 75 58 &

745 1684 90 73 si
790 1684 149 73 magis,
894 1684 134 73 magis
984 1684 105 73 est
1044 1684 149 73 mirum.
1148 1684 105 73 est
1193 1684 75 73 au-

745 1737 103 63 tem
804 1737 118 63 sic.
878 1737 88 63 Et
922 1737 132 63 habet
1010 1737 147 63 vitam,
1113 1737 118 63 quia
1172 1737 103 63 actio

753 1784 212 50 intellectus
922 1784 99 50 est
979 1784 127 50 vita.
1063 1784 71 50 &
1092 1784 113 50 ille
1162 1784 99 50 est
1204 1784 71 50 in-

744 1829 194 69 tellectus
893 1829 105 69 per
953 1829 105 69 se,
1013 1829 75 69 &
1043 1829 134 69 habet
1133 1829 120 69 vita
1192 1829 75 69 no
