1475 2066
201 140 172 46 motorem,
329 140 72 46 &
358 140 114 46 quod
430 140 129 46 omnes
515 140 186 46 intendunt
644 140 86 46 moti

218 182 157 42 illius
328 182 141 42 primi
422 182 188 42 motoris.
563 182 94 42 Et
611 182 110 42 cum
658 182 78 42 hoc

221 220 193 46 declaratum
373 220 110 46 est,
442 220 193 46 reuertamur
593 220 69 46 &
607 220 124 46 dicamus

219 262 132 48 quod,
307 262 103 48 cum
366 262 220 48 Philosophus
542 262 161 48 accepit
644 262 88 48 nume

220 300 119 50 rum
288 300 169 50 motuum
406 300 102 50 ab
457 300 237 50 Astrologo,
626 300 119 50 sicut

216 336 179 55 principia
354 336 110 55 esse
423 336 69 55 a
451 336 179 55 Naturali,
588 336 124 55 fecit
657 336 83 55 reme

218 389 201 30 morationem
376 389 86 30 de
419 389 115 30 hoc,
491 389 72 30 &
519 389 144 30 dixit:
606 389 129 30 Multitu

211 413 81 45 do
251 413 122 45 autem
332 413 135 45 motuum
427 413 149 45 scienda
535 413 108 45 est,
602 413 95 45 &c.
643 413 95 45 idest

214 455 178 41 numerus
344 455 146 41 autem
441 455 162 41 motuum
538 455 195 41 consyderan

222 492 97 53 dus
278 492 97 53 est
333 492 97 53 per
389 492 209 53 Astrologos.
556 492 139 53 Deinde
640 492 97 53 dedif

224 532 133 38 causam
317 532 80 38 in
357 532 107 38 hoc,
424 532 67 38 &
450 532 133 38 dixit:
543 532 120 38 lnsta
623 532 107 38 enim
677 532 53 38 vt

225 574 75 44 tur
268 574 139 44 scientia,
375 574 75 44 &c.
417 574 64 44 i.
449 574 85 44 ista
502 574 96 44 autem
566 574 75 44 ars
609 574 117 44 propria
684 574 53 44 est

215 608 116 42 huic
287 608 202 42 intentioni
446 608 130 42 inter
533 608 130 42 alias
605 608 130 42 Mathema

210 651 139 40 ticas,
307 651 111 40 quia
377 651 194 40 consyderat
529 651 83 40 de
557 651 180 40 substantiis

220 685 135 46 aeternis
321 685 191 46 sensibilibus,
478 685 101 46 aliae
546 685 101 46 autem
613 685 112 46 scient
681 685 56 46 iae

215 727 240 44 Mathematicae
410 727 225 44 consyderant
591 727 90 44 de
621 727 105 44 acci-

208 764 188 46 dentibus,
352 764 87 46 vt
395 764 101 46 ars
453 764 231 46 Arithmetica,
641 764 72 46 &
656 764 72 46 Geo

209 805 175 53 metria.
336 805 127 53 D.d.
416 805 175 53 Quoniam
543 805 143 53 autem
623 805 111 53 motus

211 844 223 51 erraticarum
389 844 119 51 sunt
464 844 163 51 plures,
582 844 104 51 &c.
627 844 104 51 idest

220 885 133 45 quoniam
317 885 109 45 autem
389 885 194 45 comprehensum
547 885 109 45 sensu
619 885 97 45 est,
668 885 60 45 quo

211 924 122 45 istae
293 924 150 45 stellae
402 924 136 45 habent
497 924 136 45 plures
592 924 136 45 motus,
674 924 68 45 qui

214 958 117 53 enim
287 958 234 53 aliquantulum
477 958 190 53 ingressus
623 958 102 53 est
682 958 88 53 in

215 996 222 46 Mathematicam,
398 996 118 46 videt
476 996 105 46 quod
542 996 170 46 quaelibet
660 996 78 46 stel

219 1039 129 43 larum
304 1039 214 43 erraticarum
476 1039 129 43 habet
562 1039 143 43 plures
662 1039 100 43 mo¬

214 1070 93 58 tus
267 1070 106 58 vno.
333 1070 80 58 Et
373 1070 159 58 sciendum
493 1070 106 58 est,
559 1070 106 58 quod
626 1070 106 58 isti
679 1070 53 58 mo

218 1115 108 52 tus,
286 1115 108 52 quos
354 1115 135 52 ponunt
448 1115 189 52 Astrologi,
597 1115 108 52 sunt
651 1115 81 52 tar-

224 1150 105 45 bus
284 1150 150 45 modis.
389 1150 105 45 Est
449 1150 120 45 enim
523 1150 135 45 modus
598 1150 135 45 compre-

220 1193 129 52 hensus
311 1193 65 52 a
336 1193 116 52 vulgo
414 1193 116 52 visu.
491 1193 90 52 Est
543 1193 116 52 etiam
621 1193 116 52 alius
685 1193 52 52 mo

215 1233 129 41 dus,
296 1233 145 41 cuius
392 1233 145 41 motus
489 1233 113 41 non
537 1233 194 41 comprehend

221 1270 102 44 tur
280 1270 116 44 nisi
352 1270 87 44 in
396 1270 232 44 instrumentis
585 1270 73 44 &
599 1270 131 44 consyde

212 1313 235 47 rationibus.
400 1313 78 47 &
432 1313 141 47 horum
525 1313 172 47 modorum
635 1313 94 47 qui-

217 1349 113 54 dam
282 1349 308 54 comprehenduntur
541 1349 97 54 in
573 1349 162 54 longissi

215 1394 103 44 mis
274 1394 220 44 temporibus,
450 1394 73 44 &
480 1394 147 44 quidam
582 1394 88 44 in
612 1394 117 44 paruis

216 1428 90 39 Est
267 1428 115 39 etiam
344 1428 154 39 tertius,
460 1428 115 39 cuius
537 1428 115 39 motus
614 1428 103 39 sunt
665 1428 64 39 de-

220 1464 142 42 clarati
323 1464 154 42 ratione.
439 1464 129 42 plures
529 1464 103 42 enim
593 1464 142 42 istorum
684 1464 51 42 mo

214 1503 111 43 tuum
284 1503 167 43 videntur
409 1503 111 43 visu
478 1503 194 43 simplices.
617 1503 111 43 secun-

217 1542 102 52 dum
276 1542 131 52 autem
363 1542 175 52 rationem
494 1542 73 52 &
523 1542 189 52 naturalia
654 1542 87 52 opi-

217 1587 143 39 nandum
317 1587 100 39 est
374 1587 128 39 illos
459 1587 114 39 esse
530 1587 200 39 compositos
673 1587 57 39 ex

217 1620 152 55 pluribus
332 1620 102 55 vno.
395 1620 76 55 v.
433 1620 76 55 g.
471 1620 102 55 quia
535 1620 140 55 stellae
623 1620 102 55 errati

217 1661 76 51 cae
261 1661 130 51 videntur
358 1661 141 51 quandoque
467 1661 152 51 velociores
586 1661 54 51 &
597 1661 130 51 quandoquod

218 1701 217 51 tardiores,
388 1701 78 51 &
419 1701 124 51 modo
497 1701 186 51 progredi
636 1701 78 51 &
652 1701 78 51 mo-

214 1744 85 46 do
256 1744 211 46 retrogredi.
425 1744 70 46 &
453 1744 99 46 hoc
510 1744 99 46 non
566 1744 141 46 potest
651 1744 85 46 esse

221 1777 117 49 verum
299 1777 156 49 secundum
416 1777 143 49 naturas
520 1777 156 49 corporum
624 1777 104 49 coele-

215 1813 145 45 stium.
316 1813 203 45 Declaratum
476 1813 102 45 est
534 1813 116 45 enim
606 1813 87 45 in
635 1813 87 45 natu

755 141 158 53 ralibus,
873 141 105 53 quod
939 141 118 53 omnes
1017 141 118 53 motus
1096 141 105 53 sunt
1149 141 144 53 aequales,

752 189 64 46 &
778 189 102 46 quod
842 189 204 46 impossibilis
1007 189 89 46 est
1058 189 77 46 in
1097 189 89 46 eis
1135 189 140 46 velocitas

759 223 70 50 &
787 223 181 50 tarditas,
926 223 98 50 aut
982 223 195 50 progressus
1136 223 98 50 aut
1177 223 98 50 retro

758 260 181 50 gradatio.
898 260 84 50 Vn
939 260 209 50 necessarium
1107 260 112 50 fuit
1162 260 112 50 Astro-

755 301 112 50 logo
825 301 141 50 ponere
924 301 225 50 Astrologiam,
1106 301 84 50 ex
1149 301 98 50 qua
1191 301 84 50 con-

758 340 203 39 sequerentur
921 340 95 39 hae
975 340 162 39 dispones
1097 340 108 39 sine
1151 340 122 39 laliquo

750 378 227 40 impossibili
931 378 91 40 in
977 378 242 40 naturalibus.
1173 378 91 40 Et
1203 378 76 40 hoc

758 415 140 44 duobus
856 415 126 44 modis
940 415 168 44 accidit:
1067 415 98 44 aut
1123 415 84 44 vt
1165 415 112 44 ille
1221 415 56 44 mo

755 453 85 49 tus,
809 453 74 49 qui
851 453 106 49 quando
926 453 85 49 quis
979 453 117 49 videtur
1064 453 128 49 velocior
1149 453 117 49 quandoqua

758 494 149 52 tardior
867 494 95 52 sit
921 494 190 52 compositus
1070 494 81 52 ex
1111 494 163 52 pluribus
1220 494 54 52 mo

759 536 127 37 tibus:
848 536 89 37 aut
899 536 76 37 vt
937 536 102 37 sint
1001 536 115 37 illic
1077 536 115 37 orbes
1141 536 140 37 ecentrici

753 573 79 50 &
785 573 206 50 epicycli,
943 573 190 50 vtdicunt
1085 573 174 50 Moderni
1196 573 79 50 Ma-

755 614 183 49 thematici.
899 614 144 49 Propter
1003 614 92 49 hoc
1056 614 131 49 igitur
1134 614 144 49 differunt

748 650 204 50 Astrologi
906 650 94 50 de
953 650 157 50 numero
1063 650 157 50 motuum
1173 650 79 50 &
1189 650 94 50 stel

751 685 154 45 larum,
858 685 77 45 &
889 685 215 45 multotiens
1058 685 200 45 inueniunt
1196 685 77 45 per

749 730 310 47 consyderationem
1009 730 195 47 temporum
1140 730 130 47 motuum

755 764 186 52 stellarum,
901 764 67 52 &
928 764 160 52 secundum
1048 764 226 52 computationem
1221 764 53 52 in

755 805 159 37 ueniunt
870 805 101 37 eas
928 805 87 37 in
971 805 130 37 locis
1058 805 202 37 terminatis
1203 805 72 37 xo-

751 845 134 51 diaci.
844 845 67 51 &
871 845 94 51 cum
924 845 201 51 consyderant
1085 845 94 51 eas
1138 845 80 51 in
1165 845 107 51 instru

758 884 143 38 mentis,
862 884 169 38 inueniunt
992 884 91 38 eas
1045 884 78 38 in
1084 884 117 38 aliis
1162 884 78 38 ab
1188 884 91 38 illis

750 919 158 43 locis,
861 919 79 43 &
892 919 126 43 tunc
971 919 158 43 addunt
1082 919 142 43 motum
1161 919 110 43 nouum

754 956 105 46 illi
819 956 157 46 stellae.
937 956 78 46 Et
976 956 92 46 hoc
1029 956 105 46 modo
1094 956 131 46 posuit
1172 956 105 46 Ptole-

758 1002 143 45 plures
858 1002 129 45 motus
944 1002 129 45 Lunae
1030 1002 72 45 &
1059 1002 129 45 aliis
1131 1002 143 45 stellis,

753 1045 126 42 quos
832 1045 157 42 nullus
942 1045 94 42 de
989 1045 267 42 Antiquioribus
1193 1045 78 42 po-

753 1083 123 45 suit.
835 1083 82 45 v.
876 1083 82 45 g.
917 1083 136 45 motus,
1013 1083 109 45 quem
1081 1083 191 45 Ptolemaeus
1217 1083 55 45 vo

758 1114 106 40 cat
818 1114 136 40 motum
909 1114 227 40 respectiuum
1091 1114 152 40 Lunae,
1197 1114 76 40 &
1212 1114 61 40 mo

748 1153 111 53 tum
812 1153 175 53 polorum
939 1153 255 53 epicyclorum.
1130 1153 143 53 Istorum

753 1201 137 42 autem
844 1201 153 42 motuum
951 1201 107 42 non
1012 1201 153 42 potuit
1119 1201 122 42 iste
1180 1201 92 42 homo

758 1229 126 54 facere
847 1229 202 54 Astrologiam.
1010 1229 63 54 &
1036 1229 164 54 similiter
1162 1229 88 54 hoc
1199 1229 76 54 qui-

754 1269 94 53 dem
807 1269 161 53 apparuit
928 1269 107 53 eni,
995 1269 107 53 quod
1062 1269 121 53 motus
1129 1269 148 53 stellarum

752 1316 220 30 erraticarum
928 1316 88 30 in
972 1316 117 30 suis
1045 1316 161 30 orbibus
1148 1316 117 30 ecentr

753 1349 81 38 cis
800 1349 92 38 sunt
857 1349 139 38 secundum
961 1349 115 38 centra
1042 1349 92 38 alia
1100 1349 58 38 a
1123 1349 127 38 centris
1204 1349 69 38 ecen

753 1395 188 44 triecorum,
901 1395 67 44 &
928 1395 94 44 non
981 1395 135 44 potuit
1076 1395 135 44 ponere
1156 1395 108 44 Astro-

753 1425 166 53 logiam
870 1425 199 53 secundum
1019 1425 116 53 sua
1069 1425 199 53 fundamenta

749 1462 77 53 &
779 1462 138 53 omnia
872 1462 123 53 ista
948 1462 200 53 manifesta
1102 1462 123 53 sunt
1163 1462 108 53 parum

757 1504 207 60 exercitatis
922 1504 83 60 in
950 1504 179 60 Astrologia.

797 1564 132 55 Quod
879 1564 132 55 vero
962 1564 116 55 hae
1028 1564 149 55 sint,
1127 1564 132 55 nunc
1193 1564 83 55 qui

745 1612 118 51 dem
813 1612 118 51 nos
880 1612 118 51 ea,
948 1612 135 51 quae
1032 1612 169 51 quidam
1134 1612 135 51 Mathe-

753 1650 193 40 maticorum
902 1650 149 40 aiunt,
1006 1650 238 40 intelligendi
1185 1650 89 40 gra-

751 1697 111 46 tia
814 1697 190 46 dicimus,
957 1697 95 46 vt
1004 1697 174 46 aliquam
1115 1697 158 46 determi-

742 1732 141 47 natam
836 1732 141 47 mente
930 1732 250 47 pluralitatem
1118 1732 156 47 percipia

742 1777 147 41 mus.
834 1777 221 41 Deinceps
999 1777 202 41 quaedam
1128 1777 147 41 quidem

741 1820 109 55 nos
804 1820 140 55 ipsos
897 1820 187 55 quaerere
1038 1820 156 55 decet,
1132 1820 140 55 quaedam
