1475 2066
166 157 152 55 dicimus,
280 157 101 55 quod
343 157 164 55 generatum
470 157 88 55 fit
520 157 76 55 ex
558 157 114 55 illo,
621 157 76 55 quod

177 201 92 42 est
230 201 79 42 in
269 201 92 42 via
322 201 224 42 corruptionis,
506 201 185 42 reuertitur
638 201 53 42 ad

177 235 171 39 inuicem,
305 235 71 39 &
333 235 242 39 reciprocatur,
532 235 71 39 &
561 235 100 39 non
604 235 85 39 pro-

172 277 114 37 cedit
248 277 152 37 secundum
362 277 215 37 rectitudinem.
539 277 164 37 reciproca
652 277 51 37 au

179 317 85 43 tem
228 317 97 43 sunt
288 317 122 43 finita
374 317 183 43 necessario.
520 317 73 43 v.
556 317 73 43 g.
593 317 97 43 quod
641 317 61 43 ex-

180 356 118 39 terra
259 356 92 39 sit
311 356 118 39 aqua,
390 356 66 39 &
416 356 79 39 ex
455 356 105 39 aqua
521 356 92 39 fit
573 356 105 39 aer,
638 356 66 39 &
652 356 52 39 ex

174 397 114 44 aere
245 397 142 44 ignis,
344 397 142 44 deinde
444 397 85 44 ex
486 397 114 44 igne
557 397 114 44 aer,
628 397 71 44 &
642 397 57 44 ex

177 428 110 50 aere
246 428 124 50 aqua,
329 428 69 50 &
357 428 83 50 ex
398 428 110 50 aqua
467 428 138 50 terra,
564 428 69 50 &
592 428 97 50 sic
633 428 69 50 est

178 464 81 42 in
219 464 122 42 rebus
300 464 162 42 finitis,
422 464 95 42 hoc
476 464 108 42 idem
544 464 149 42 accidit
639 464 54 42 in

176 501 167 46 compositis
307 501 71 46 ex
343 501 155 46 elementis
462 501 143 46 scilicet
569 501 95 46 quod
617 501 83 46 compo

178 541 130 53 nuntur
269 541 169 53 quandoque
399 541 78 53 ex
438 541 104 53 eis,
504 541 65 53 &
517 541 182 53 dissoluuntur

177 581 163 51 quandoque
303 581 75 51 in
341 581 88 51 ea.
391 581 100 51 D.d.
454 581 75 51 Et
491 581 88 51 cum
541 581 100 51 hoc,
592 581 100 51 impos-

173 621 141 52 sibile
272 621 99 52 est
328 621 85 52 vt
371 621 156 52 primum,
484 621 71 52 &
512 621 170 52 aeternum
625 621 71 52 con

178 661 188 49 rumpatur.
322 661 87 49 i.
366 661 72 49 &
395 661 145 49 etiam,
496 661 87 49 si
525 661 174 49 posuerimus

175 698 105 49 quod
241 698 171 49 generatio
372 698 118 49 eorum
451 698 171 49 adinuicem
569 698 131 49 secundum

178 733 111 46 hunc
248 733 125 46 modum
331 733 97 46 est
386 733 167 46 secundum
498 733 194 46 rectitudinem

183 780 181 38 continget
323 780 84 38 vt
364 780 84 38 in
406 780 98 38 eis
462 780 98 38 sit
518 780 139 38 primum
601 780 98 38 aeter

180 812 110 56 num,
249 812 69 56 &
276 812 82 56 vt
318 812 96 56 sit
372 812 96 56 hoc
427 812 233 56 corruptibile.
620 812 82 56 D.
647 812 55 56 de

180 852 86 50 dit
229 852 124 50 causam
316 852 74 50 in
353 852 99 50 hoc,
414 852 62 50 &
439 852 74 50 d.
476 852 148 50 quoniam,
587 852 99 50 quia
637 852 49 50 ge

170 890 150 52 neratio
280 890 82 52 ex
320 890 123 52 parte
402 890 191 52 superiori,
553 890 96 52 &c.
593 890 96 52 idest

181 933 154 41 quoniam,
297 933 90 41 cum
348 933 141 41 videmus
450 933 103 41 quod
515 933 167 41 generatio
630 933 64 41 non

176 971 174 44 procedit
306 971 87 44 ex
349 971 188 44 superiori
494 971 87 44 in
523 971 174 44 infinitum,

174 1013 105 42 cum
234 1013 90 42 in
279 1013 209 42 corporibus
443 1013 224 42 simplicibus
607 1013 90 42 per-

177 1039 162 57 uenerit,
298 1039 108 57 v.g.
365 1039 81 57 ad
406 1039 135 57 ignem,
500 1039 148 57 necesse
608 1039 94 57 est
648 1039 54 57 vt

172 1085 187 46 generatio
316 1085 216 46 elementorum
488 1085 130 46 vnius
575 1085 86 46 ex
604 1085 86 46 alic

174 1121 169 51 habeat
292 1121 236 51 principium
478 1121 186 51 primum,
596 1121 101 51 quod

178 1157 86 45 non
227 1157 159 45 generatur
349 1157 73 45 ex
386 1157 110 45 alio.
459 1157 110 45 quam,
532 1157 73 45 si
569 1157 110 45 illic
630 1157 61 45 non

178 1197 133 53 esset
267 1197 148 53 primum
371 1197 222 53 principium,
549 1197 104 53 non
593 1197 104 53 esset

181 1237 143 37 finis.
281 1237 200 37 principium
438 1237 114 37 enim
509 1237 100 37 non
552 1237 143 37 intelli-

177 1272 121 50 gitur
257 1272 108 50 nisi
325 1272 81 50 in
365 1272 94 50 re,
419 1272 108 50 quae
486 1272 121 50 habet
567 1272 135 50 finem.
662 1272 67 50 &

178 1310 124 46 quod
255 1310 139 46 habet
348 1310 139 46 sinem
441 1310 217 46 necessario
596 1310 108 46 habet

181 1357 234 41 principium.
369 1357 125 41 quod
447 1357 125 41 enim
525 1357 109 41 non
572 1357 125 41 incoe-

183 1396 90 41 pit
235 1396 90 41 non
286 1396 154 41 definit:
402 1396 90 41 sed
453 1396 116 41 illic
530 1396 90 41 est
569 1396 128 41 desitios

180 1429 128 50 ergo
260 1429 160 50 primum
372 1429 240 50 principium,
565 1429 80 50 &
597 1429 128 50 quod

181 1473 102 49 non
240 1473 131 49 habet
327 1473 219 49 principium,
502 1473 102 49 est
546 1473 146 49 aeternum

177 1501 195 55 necessario.
333 1501 91 55 sit
385 1501 130 55 igitur
475 1501 104 55 hoc,
540 1501 104 55 v.g.
592 1501 104 55 terra,

175 1546 89 42 aut
226 1546 140 42 aliquid
328 1546 114 42 prius
404 1546 127 42 terra.
493 1546 89 42 sed
544 1546 102 42 quia
608 1546 102 42 quod

177 1580 135 52 libet
267 1580 165 52 istorum
387 1580 105 52 non
446 1580 165 52 generat
551 1580 150 52 aliquid,

175 1615 116 55 nisi
248 1615 102 55 per
306 1615 116 55 suam
379 1615 247 55 corruptionem,
568 1615 131 55 necesse

182 1661 98 38 est
238 1661 84 38 vt
280 1661 127 38 illud
365 1661 141 38 primum
463 1661 197 38 principium
604 1661 84 38 cor-

177 1697 199 53 rumpatur,
329 1697 153 53 quando
436 1697 92 53 ex
482 1697 92 53 eo
528 1697 168 53 aliquid
635 1697 61 53 ge

180 1733 169 55 neratur,
307 1733 85 55 &,
349 1733 85 55 si
392 1733 226 55 corrumpitur,
575 1733 99 55 non
617 1733 85 55 erit

183 1771 173 46 aeternum.
316 1771 93 46 sed
369 1771 93 46 iam
422 1771 146 46 ponitur
528 1771 106 46 esse
582 1771 106 46 aeter.

174 1812 127 54 num,
254 1812 127 54 quod
333 1812 111 54 est
381 1812 238 54 inconueniens.

746 157 136 53 ltem
831 157 153 53 ipsum
933 157 153 53 cuius
1035 157 153 53 causa
1120 157 136 53 finis.

721 204 110 46 tale
790 204 124 46 autem
872 204 110 46 est:
941 204 110 46 quod
1010 204 96 46 non
1065 204 96 46 est
1106 204 137 46 alterius

716 245 155 54 gratia,
829 245 99 54 sed
885 245 113 54 eius
956 245 127 54 causa
1040 245 169 54 caetera.
1153 245 85 54 Qua-

711 284 105 46 re,
771 284 90 46 si
816 284 120 46 tale
891 284 120 46 erit
966 284 180 46 vltimum,
1102 284 105 46 non
1147 284 90 46 erit

715 330 184 40 infinitum.
860 330 105 40 quod
925 330 79 40 si
965 330 118 40 nihil
1044 330 118 40 tale,
1123 330 92 40 non
1162 330 79 40 erit

707 366 153 44 ipsum
809 366 153 44 cuius
911 366 170 44 causa.
1031 366 119 44 Sed
1099 366 119 44 qui
1150 366 85 44 fa-

711 407 126 51 ciunt
795 407 197 51 infinitum,
950 407 126 51 latet
1034 407 112 51 eos,
1104 407 112 51 quod
1161 407 84 51 boni

719 453 176 37 naturam
847 453 208 37 auferunt.
1007 453 96 37 at
1055 453 160 37 nullus
1151 453 80 37 in-

712 491 182 47 ciperet
845 491 149 47 agere
945 491 216 47 quicquam,
1110 491 99 47 si
1160 491 116 47 non

717 532 148 46 esset
815 532 247 46 peruenturus
1013 532 99 46 ad
1045 532 132 46 finem.

761 573 86 66 Et
804 573 130 66 etiam
890 573 144 66 illud,
991 573 115 66 quod
1063 573 101 66 est
1106 573 130 66 propter

711 621 111 62 quod
781 621 125 62 fiunt
864 621 111 62 res,
934 621 97 62 est
989 621 139 62 finis.
1087 621 70 62 &
1115 621 97 62 hoc
1156 621 84 62 est,

718 669 126 67 cuius
802 669 112 67 esse
871 669 98 67 non
927 669 98 67 est
983 669 153 67 propter
1081 669 153 67 conseques

720 717 134 61 aliud,
813 717 94 61 sed
867 717 107 61 esse
934 717 147 61 aliorum
1041 717 147 61 propter
1134 717 94 61 illud

716 763 150 64 Necesse
826 763 96 64 est
880 763 150 64 igitur,
990 763 82 64 si
1031 763 150 64 aliquid
1140 763 96 64 sit
1181 763 55 64 ta

712 813 107 61 le,
773 813 92 61 vt
819 813 168 61 vltimum
941 813 107 61 non
1002 813 107 61 sit
1048 813 183 61 infinitum,

713 861 80 61 si
753 861 133 61 igiiur
846 861 120 61 nihil
925 861 133 61 fuerit
1018 861 120 61 tale,
1098 861 93 61 non
1138 861 93 61 erits

717 915 135 59 illud,
812 915 149 59 propter
921 915 108 59 quod
988 915 122 59 fiunt
1070 915 162 59 caetera.
1178 915 54 59 Et

719 956 183 53 facientes
860 956 141 53 causas
959 956 183 53 infinitas
1086 956 155 53 auferunt,

713 1004 176 62 naturam
841 1004 144 62 boni,
937 1004 80 62 &
969 1004 112 62 non
1018 1004 208 62 percipiunt.

714 1053 168 61 quamuis
836 1053 137 61 nihil
928 1053 183 61 incoepit
1065 1053 137 61 agere
1141 1053 92 61 ali-

716 1100 135 63 quam
800 1100 202 63 actionem
952 1100 253 63 quamcunque,
1155 1100 118 63 non

713 1149 221 53 intendendo
871 1149 126 53 finem.

750 1189 98 45 Cum
806 1189 196 45 declarauit
960 1189 182 45 finitatem
1086 1189 140 45 diuersa-

719 1231 85 43 rum
767 1231 158 43 causarum.
889 1231 145 43 scilicet
998 1231 145 43 agentis,
1107 1231 61 43 &
1119 1231 109 43 materia

716 1268 154 56 incoepit
832 1268 167 56 declarare
961 1268 167 56 finitatem
1089 1268 129 56 causae
1167 1268 64 56 fi-

717 1317 118 36 nalis,
800 1317 59 36 &
823 1317 71 36 d.
859 1317 71 36 Et
894 1317 118 36 etiam,
977 1317 83 36 &c.
1024 1317 71 36 i.
1060 1317 59 36 &
1083 1317 83 36 est
1119 1317 106 36 manife-

717 1349 104 51 stum
782 1349 130 51 causam
873 1349 143 51 finalem
977 1349 117 51 esse,
1055 1349 91 51 per
1107 1349 104 51 quam
1159 1349 78 51 fit,

721 1389 208 45 vnunquodque
888 1389 153 45 entium:
999 1389 69 45 &
1027 1389 97 45 est
1082 1389 139 45 illud,
1166 1389 69 45 cu-

711 1420 83 47 ius
759 1420 95 47 esse
818 1420 83 47 non
865 1420 83 47 est
913 1420 71 47 in
948 1420 71 47 re
984 1420 130 47 propter
1079 1420 107 47 aliam
1138 1420 95 47 causam

715 1463 71 43 in
751 1463 107 43 illa,
822 1463 83 43 sed
870 1463 107 43 omnes
941 1463 119 43 causae
1025 1463 167 43 existentes
1156 1463 71 43 in
1179 1463 60 43 rei

713 1501 85 45 sunt
767 1501 117 45 propter
852 1501 96 45 istam
916 1501 128 45 scilicet
1011 1501 117 45 agrens,
1097 1501 53 45 &
1118 1501 128 45 materia,
1203 1501 32 45 &

712 1540 132 46 forma
800 1540 88 46 in
844 1540 205 46 habentibus
1005 1540 132 46 agens
1093 1540 117 46 ante
1152 1540 73 46 ma-

713 1580 166 46 teriam,
833 1580 105 46 aut
894 1580 166 46 formam.
1014 1580 105 46 Et,
1074 1580 105 46 cum
1119 1580 136 46 posuit,

719 1619 91 45 hanc
776 1619 91 45 esse
832 1619 125 45 causam,
924 1619 68 45 d.
958 1619 125 45 Necesse
1049 1619 80 45 est
1094 1619 125 45 igitur,
1174 1619 57 45 &g.

712 1661 112 38 idest
786 1661 137 38 necesse
885 1661 99 38 est,
947 1661 74 38 si
985 1661 112 38 talis
1059 1661 112 38 causa
1134 1661 87 38 est
1183 1661 74 38 in

712 1696 151 55 vnoquoque
828 1696 104 55 ente,
898 1696 69 55 vt
932 1696 104 55 omnes
1002 1696 116 55 causae
1083 1696 93 55 sint
1129 1696 93 55 propte

712 1735 114 44 illam
789 1735 76 44 in
827 1735 152 44 quolibet
941 1735 114 44 ente:
1017 1735 64 44 &
1043 1735 140 44 necesse
1144 1735 89 44 est
1182 1735 51 44 vt

717 1774 91 53 istae
777 1774 131 53 comamuae,
878 1774 81 53 quae
929 1774 81 53 sunt
979 1774 151 53 posteriores
1100 1774 60 53 in
1120 1774 101 53 generae.

716 1816 111 51 tione,
794 1816 56 51 &
816 1816 122 51 priores
905 1816 67 51 in
939 1816 100 51 esse,
1005 1816 78 51 non
1050 1816 89 51 sint
1094 1816 134 51 infinitae
