1475 2066
190 157 87 45 &c.
239 157 75 45 i.
277 157 137 45 quoniam
377 157 100 45 iste
439 157 112 45 orbis
514 157 87 45 est
564 157 162 45 declinans
677 157 37 45 a

202 205 123 37 medio
284 205 137 37 istius
380 205 151 37 tertij.
490 205 110 37 D.d.
558 205 68 37 &
572 205 137 37 politer-

199 239 101 36 tiae
263 239 164 36 sphaerae,
389 239 88 36 &c.
439 239 76 36 i.
477 239 76 36 vt
515 239 101 36 mihi
578 239 139 36 videtur
667 239 51 36 in

200 284 136 30 tendit
296 284 123 30 orbes
378 284 177 30 decliues,
514 284 95 30 qui
569 284 109 30 sunt
623 284 82 30 com-

204 313 133 41 munes
293 313 163 41 omnibus
397 313 148 41 stellis.

252 365 88 54 At
296 365 176 54 Calippus
428 365 132 54 situm
516 365 147 54 quidem
604 365 103 54 sphir

194 404 163 45 rarum
303 404 181 45 cundem
430 404 181 45 Ludoxo
539 404 163 45 ponebat

192 446 123 44 hoc
263 446 123 44 est
333 446 281 44 distantiarum
544 446 158 44 ordinem

197 486 218 52 pluralitatem
374 486 123 52 autem
456 486 150 52 stellae
565 486 136 52 quidem
647 486 68 52 lo-

199 529 106 42 uis
259 529 91 42 ac
305 529 166 42 Saturni
426 529 151 42 eandem
532 529 121 42 illi
592 529 121 42 attri-

191 573 186 45 buebat,
327 573 135 45 Soli
411 573 135 45 vero
496 573 85 45 &
530 573 152 45 Lunae
614 573 102 45 duas

196 619 158 39 adhuc
302 619 193 39 putabat
442 619 210 39 sphaeras
582 619 123 39 adden

206 651 93 47 das
259 651 120 47 esse,
339 651 133 47 siquis
432 651 133 47 eorum,
525 651 107 47 quae
579 651 133 47 sensibi-

195 694 142 44 liter
290 694 205 44 apparent,
447 694 158 44 causas
542 694 173 44 assignare

190 741 178 45 debeat:
320 741 195 45 caeteris
466 741 130 45 vero
531 741 178 45 errantium

197 780 196 54 vnicuique
348 780 136 54 vnam,
438 780 166 54 necesse
558 780 120 54 vero
619 780 90 54 esse

195 821 80 48 si
235 821 133 48 debent
328 821 120 48 omnes
407 821 120 48 simul
487 821 159 48 positae,
607 821 106 48 quae
660 821 53 48 ap

189 876 150 38 parent
294 876 180 38 reddere,
429 876 180 38 secundum
549 876 165 38 vnamquan-

191 916 117 42 que
258 916 217 42 errantium
425 916 183 42 alteras
541 916 167 42 sphaeras

198 954 100 48 vna
255 954 186 48 pauciores
398 954 129 48 esse,
483 954 114 48 quae
541 954 171 48 reuoluant,

190 989 81 57 &
222 989 97 57 ad
271 989 129 57 idem
351 989 210 57 positione
512 989 161 57 semper
609 989 97 57 pri-

189 1037 111 39 mam
253 1037 127 39 eius
332 1037 143 39 astri
427 1037 206 39 sphaeram,
586 1037 127 39 quod
650 1037 64 39 in

193 1076 149 56 serius
297 1076 193 56 ordinatum
446 1076 119 56 est,
505 1076 208 56 constituant.

192 1121 110 42 hoc
255 1121 126 42 enim
334 1121 126 42 modo
412 1121 141 42 solum
506 1121 204 42 contingit
647 1121 63 42 en

193 1164 175 38 rantium
321 1164 191 38 lationem
464 1164 143 38 omnia
544 1164 143 38 facere.

201 1204 109 57 Cum
263 1204 155 57 igitur
371 1204 93 57 in
418 1204 155 57 quibus
526 1204 124 57 ipsa
588 1204 124 57 quidem

187 1243 153 56 ferunt
294 1243 199 56 sphaeris,
447 1243 107 56 hae
508 1243 153 56 quidem
599 1243 92 56 octo

190 1287 107 43 hae
251 1287 123 43 vero
328 1287 276 43 vigintiquinque
558 1287 138 43 sint,
634 1287 77 43 ho-

198 1340 98 31 rum
254 1340 112 31 sane
324 1340 126 31 illas
408 1340 126 31 solas
491 1340 98 31 non
547 1340 154 31 oportet
645 1340 56 31 re

196 1374 150 57 uolui,
301 1374 90 57 in
346 1374 150 57 quibus
451 1374 135 57 fert,
542 1374 120 57 quod
602 1374 105 57 infi-

193 1412 84 46 me
235 1412 183 46 ordinatum
376 1412 112 46 est,
446 1412 112 46 quae
516 1412 141 46 quidem
601 1412 112 46 duarum

188 1461 188 45 primarum
330 1461 188 45 sphaeras
471 1461 220 45 reuoluunt,
628 1461 78 45 sex

197 1501 165 55 erunt,.
317 1501 120 55 quae
392 1501 120 55 vero
468 1501 225 55 posteriorum
633 1501 75 55 qua

186 1548 127 46 tuor
265 1548 206 46 sexdecim.
424 1548 206 46 cunctarum
582 1548 127 46 vero
646 1548 63 46 nu

190 1596 176 31 merus,
313 1596 123 31 tum
384 1596 158 31 earum
489 1596 141 31 quae
559 1596 141 31 ferunt

191 1636 114 41 tum
256 1636 131 41 quae
338 1636 212 41 reuoluunt
501 1636 131 41 eas,
566 1636 147 41 quinqua

200 1671 249 47 gintaquinque.
405 1671 117 47 quod
479 1671 88 47 si
523 1671 132 47 Lunae
610 1671 73 47 &
625 1671 88 47 Soli

190 1713 115 53 non
255 1713 148 53 addat
354 1713 197 53 aliquis,
501 1713 131 53 quos
567 1713 131 53 dixim,

196 1764 161 39 motus,
308 1764 145 39 omnes
405 1764 193 39 sphaerae
549 1764 145 39 erunt
630 1764 80 39 se-

189 1798 134 55 ptem
273 1798 84 55 &
307 1798 269 55 quandragita.
508 1798 202 55 Pluralitas

187 1838 152 52 itaque
293 1838 213 52 sphaerarum
460 1838 137 52 tanta
536 1838 91 52 sit.

740 157 191 62 calippus
884 157 143 62 autem
979 157 96 62 in
1027 157 207 62 positione
1170 157 96 62 qui-

728 207 110 59 dem
791 207 219 59 sphaerarum
963 207 157 59 eandem
1073 207 157 59 posuit
1167 207 78 59 cum

727 253 171 53 Cudoxo.
852 253 93 53 in
898 253 233 53 multitudine
1085 253 140 53 autem
1178 253 93 53 in

730 300 140 63 loue
817 300 175 63 quidem
940 300 88 63 &
975 300 193 63 Saturno
1097 300 140 63 conue-

726 349 132 45 nit,
808 349 99 45 in
857 349 132 45 Sole
940 349 148 45 autem
1039 349 82 45 &
1072 349 132 45 Luna
1138 349 115 45 vide-

726 396 99 62 tur
783 396 142 62 ponere
882 396 113 62 duas
953 396 170 62 sphaeras
1080 396 170 62 additas,
1193 396 57 62 si

729 445 164 61 aliquis
848 445 179 61 voluerit
982 445 119 61 dare
1042 445 193 61 apparentia,

728 493 185 53 aliarum
863 493 151 53 autem
963 493 269 53 erraticarum,
1165 493 84 53 aut

730 540 265 66 vniuscuiusqaue,
953 540 112 66 vnam
1023 540 153 66 necesse
1120 540 112 66 igitur

723 588 185 69 quoniam
858 588 168 69 Stella
975 588 118 69 non
1042 588 185 69 mouetur
1160 588 84 69 per

730 637 118 61 suum
804 637 162 61 corpus,
921 637 103 61 sed
980 637 162 61 mouetur
1098 637 88 61 in
1127 637 118 61 sphae-

725 685 103 62 ra,
784 685 89 62 si
829 685 133 62 omnes
917 685 236 62 congregentur
1094 685 148 62 secundim

728 733 127 61 quod
808 733 127 61 dant
887 733 223 61 apparentia
1063 733 96 61 in
1095 733 143 61 vnaqua-

728 785 99 57 que
784 785 225 57 erraticarum,
967 785 85 57 vt
1010 785 113 57 sint
1080 785 127 57 aliae
1150 785 99 57 sphae

730 833 97 63 rae
785 833 180 63 pauciores
924 833 111 63 eis,
993 833 111 63 quae
1048 833 194 63 reuoluuntur,

728 892 233 49 gpratiue,
907 892 90 49 &
943 892 233 49 reuertunt
1105 892 143 49 primam

727 932 176 58 spheram
855 932 96 58 ad
903 932 128 58 suum
983 932 144 58 situm
1079 932 144 58 super
1159 932 80 58 eu-

722 974 117 69 dem,
796 974 117 69 quae
869 974 102 69 est
927 974 161 69 stellae
1044 974 190 69 ordinatae
1176 974 73 69 sub

728 1030 108 60 ea.
789 1030 124 60 haec
867 1030 124 60 enim
944 1030 155 60 tantum
1052 1030 124 60 modo
1114 1030 139 60 possunt

727 1071 132 58 esse
809 1071 148 58 motus
908 1071 165 58 omnium
1006 1071 231 58 erraticarum,

725 1125 166 61 Sphaerae
850 1125 152 61 igitur,
961 1125 83 61 in
1002 1125 139 61 quibus
1086 1125 152 61 mouentur,

725 1172 181 61 quaedam
856 1172 132 61 sunt
939 1172 148 61 octo,
1038 1172 82 61 &
1071 1172 181 61 quaedam
1186 1172 66 61 vi

724 1228 230 54 gintiquinque,
914 1228 68 54 &
941 1228 81 54 ex
981 1228 122 54 istis
1063 1228 95 54 non
1117 1228 162 54 oportet,

716 1281 157 41 moueri
826 1281 94 41 in
873 1281 110 41 eis
936 1281 126 41 motu
1015 1281 204 41 gyratiuo,
1172 1281 126 41 quae

724 1325 185 37 mouentur
862 1325 93 37 in
909 1325 108 37 eis
970 1325 216 37 faciliores
1125 1325 123 37 earum.

716 1374 136 52 Quae
801 1374 170 52 igitur
920 1374 204 52 mouentur
1073 1374 136 52 motu
1141 1374 102 52 gra-

720 1412 136 62 tiuo
805 1412 170 62 duarum
924 1412 204 62 primarum
1076 1412 136 62 sunt
1144 1412 85 62 sex

728 1469 89 46 &
764 1469 196 46 quatuor
906 1469 267 46 postremarum
1102 1469 142 46 erunt.

727 1516 77 55 x
757 1516 108 55 vi.
819 1516 170 55 Numerus
943 1516 154 55 igitur
1050 1516 154 55 omniu,
1143 1516 108 55 quae-

717 1557 212 61 mouentur,
880 1557 82 61 &
912 1557 131 61 quae
994 1557 147 61 mouet
1092 1557 147 61 istas
1173 1557 82 61 mo-

722 1613 96 61 tu
770 1613 192 61 gratiuo,
914 1613 112 61 sut
978 1613 256 61 quinquaginta
1169 1613 80 61 qui

723 1652 117 62 que:
796 1652 88 62 Si
840 1652 131 62 autem
928 1652 146 62 nullus
1030 1652 146 62 addat,
1132 1652 117 62 quae
1191 1652 58 62 di

727 1701 148 54 ximus
825 1701 165 54 Lunae,
940 1701 82 54 &
973 1701 148 54 Soli,
1072 1701 148 54 omnes
1154 1701 99 54 spha

726 1752 108 62 rae
787 1752 139 62 erunt
880 1752 247 62 quandraginta
1065 1752 139 62 septem.

739 1799 248 60 Multitudo
929 1799 171 60 autem
1044 1799 190 60 motuum
1158 1799 95 60 sit

693 1860 156 38 tanta.
