1475 2066
185 149 198 53 substantiae
343 149 106 53 sint
409 149 79 53 ab
449 149 119 53 istis
515 149 171 53 substantiis

204 196 88 38 vt
248 196 117 38 sint
321 196 160 38 corpora
438 196 175 38 mouentia
555 196 160 38 coelestia

201 234 98 48 alia
262 234 73 48 ab
298 234 110 48 istis
372 234 183 48 corporibus:
518 234 134 48 quoniam
603 234 110 48 vnaquae

203 269 89 54 que
254 269 140 54 illarum
356 269 216 54 substantiarum
534 269 89 54 est
572 269 140 54 perfectio

198 311 70 43 &
226 311 126 43 finis
310 311 140 43 motus.
408 311 112 43 D.d.
478 311 98 43 Sed
520 311 196 43 impossibile-

206 349 80 49 est
251 349 69 49 vt
286 349 92 49 sint
343 349 92 49 alij
400 349 103 49 motus
469 349 57 49 a
492 349 172 49 praedictis.
629 349 69 49 i.
652 349 57 49 sec

204 389 178 52 impossibile
346 389 83 52 est
394 389 71 52 vt
429 389 95 52 alij
488 389 107 52 motus
559 389 95 52 sint
618 389 71 52 ab
642 389 71 52 eis,

199 424 107 51 qui
260 424 230 51 comprehensi
444 424 138 51 sunt,
535 424 107 51 aut
581 424 138 51 possunt

203 464 186 54 comprehendi.
355 464 174 54 impossibile
494 464 81 54 est
541 464 116 54 igitur
622 464 70 54 vt
645 464 70 54 sint

195 502 200 45 substantiae
354 502 173 45 mouentes,
488 502 107 45 nisi
554 502 133 45 illae,
634 502 80 45 quae

199 547 108 40 sunt
266 547 162 40 secundum
387 547 148 40 numerum
495 547 148 40 motuum.
602 547 108 40 D.d.
670 547 67 40 &

206 582 126 44 necesse
297 582 80 44 est
343 582 68 44 vt
377 582 80 44 hoc
422 582 80 44 sit
468 582 57 44 a
491 582 103 44 motis
559 582 68 44 id
594 582 80 44 est
628 582 91 44 neces-

203 619 79 50 se
242 619 92 50 est
295 619 79 50 vt
335 619 92 50 non
387 619 105 50 sint
453 619 105 50 alij
519 619 119 50 motus
598 619 66 50 a
612 619 105 50 praedi

195 660 118 47 ctis,
274 660 92 47 qui
326 660 66 47 a
352 660 92 47 non
405 660 105 47 sunt
471 660 105 47 alia
536 660 105 47 mota
602 660 66 47 a
615 660 105 47 praedi

195 700 120 46 ctis.
275 700 80 46 D.
315 700 160 46 incoepit
435 700 174 46 declarare
568 700 107 46 hoc,
635 700 67 46 &
649 700 53 46 di

195 741 91 48 xit:
251 741 102 48 quam,
320 741 68 48 si
354 741 102 48 omnis
422 741 102 48 motus
490 741 80 48 est
536 741 125 48 propter
626 741 80 48 rem
661 741 45 48 mo

194 782 112 36 tam,
264 782 98 36 &c.
320 782 84 36 i.
362 782 70 36 &
390 782 154 36 necesse
502 782 98 36 est
558 782 84 36 vt
586 782 126 36 numerus

199 820 139 38 motuum
297 820 97 38 sit
352 820 167 38 secundum
477 820 153 38 numerum
589 820 125 38 retum
658 820 56 38 mo

200 860 152 46 uentium
311 860 69 46 &
339 860 166 46 motarum.
464 860 125 46 quam,
547 860 83 46 si
588 860 125 46 omnis
658 860 55 46 mo

194 892 82 50 tus
241 892 82 50 est
288 892 128 50 propter
381 892 93 50 esse
439 892 70 50 in
474 892 117 50 aliquo
556 892 105 50 moto,
625 892 58 50 &
637 892 70 50 perr

196 936 157 35 aliquem
310 936 171 35 motorem:
439 936 71 35 &
467 936 143 35 nullus
567 936 129 35 motus
639 936 71 35 est

205 969 105 49 popter
279 969 74 49 se,
321 969 105 49 neques
395 969 116 49 propter
479 969 95 49 alium
542 969 105 49 motum,
615 969 74 49 sed
647 969 63 49 omni

198 1011 119 50 motus
277 1011 92 50 est
330 1011 145 50 propter
435 1011 158 50 stellas:
554 1011 145 50 necesse
646 1011 66 50 est

192 1053 92 38 vt
238 1053 123 38 idem
315 1053 108 38 sit
376 1053 169 38 numerus
500 1053 169 38 motuum,
623 1053 77 38 &
638 1053 62 38 mo

196 1091 159 39 torum,
307 1091 80 39 &
339 1091 223 39 mouentium.
514 1091 80 39 &
546 1091 143 39 dixit
625 1091 80 39 hoc

191 1125 104 45 quia
256 1125 117 45 forte
334 1125 143 45 aliquis
438 1125 130 45 potest
529 1125 143 45 dicere,
620 1125 91 45 forte

190 1165 110 38 sunt
259 1165 110 38 alij
328 1165 124 38 motus
410 1165 151 38 praeter
520 1165 124 38 istos
588 1165 110 38 dictos

197 1204 87 38 D.
241 1204 175 38 incoepit
372 1204 189 38 declarare
518 1204 116 38 hoc,
591 1204 73 38 &
605 1204 102 38 dixit

191 1245 121 45 quam,
271 1245 80 45 si
311 1245 121 45 motus
392 1245 107 45 erit
459 1245 147 45 propter
566 1245 134 45 aliud,
646 1245 67 45 &c.

200 1281 71 52 i.
236 1281 107 52 quam,
307 1281 71 52 si
342 1281 107 52 motus
414 1281 119 52 fuerit
496 1281 130 52 propter
591 1281 107 52 alium
651 1281 47 52 mo

191 1319 108 44 tum,
259 1319 176 44 continget
394 1319 81 44 vt
435 1319 108 44 ille
502 1319 122 44 etiam
583 1319 95 44 sit
624 1319 81 44 pro-

192 1364 107 43 pter
258 1364 133 43 alium,
352 1364 67 43 &
378 1364 93 43 sic
432 1364 80 43 in
472 1364 187 43 infinitum.
619 1364 93 43 sed
659 1364 53 43 im

193 1396 181 50 possibile
333 1396 98 50 est
388 1396 84 50 vt
430 1396 139 50 habens
528 1396 126 50 finem
611 1396 70 50 &
625 1396 84 50 con-

195 1436 193 51 plementum
344 1436 104 51 sit
403 1436 208 51 infinitum:
552 1436 164 51 infinitum

189 1475 122 39 enim
265 1475 107 39 non
326 1475 137 39 habet
417 1475 152 39 finem:
524 1475 168 39 necesse
631 1475 76 39 est

191 1517 139 52 igitur,
293 1517 76 52 vt
331 1517 114 52 omnis
407 1517 114 52 motus
483 1517 89 52 sit
533 1517 139 52 propter
622 1517 76 52 corp

192 1557 174 37 diuinum
318 1557 205 37 corporum,
476 1557 126 37 quae
539 1557 174 37 mouentur,

196 1591 70 42 in
231 1591 105 42 coelo
301 1591 140 42 scilicet
406 1591 163 42 stellarum.
534 1591 58 42 &
558 1591 82 42 hic
592 1591 117 42 complet-

188 1632 130 50 sermo
274 1632 130 50 Alex.
360 1632 230 50 expositiuus.

223 1700 139 60 Quod
309 1700 156 60 autem
413 1700 173 60 coelum
535 1700 121 60 sit
587 1700 121 60 vnum,

183 1744 237 42 manifestum
369 1744 135 42 est.
454 1744 101 42 si
504 1744 135 42 enim
572 1744 135 42 plurcs

187 1788 122 47 sint
263 1788 152 47 coeli,
370 1788 91 47 vt
415 1788 168 47 omines,
522 1788 183 47 principium

182 1833 282 40 vniuscuiusque
414 1833 133 40 erit
497 1833 166 40 specie
597 1833 99 40 vnum

728 162 163 40 numero
842 162 163 40 multa.
956 162 98 40 at
1005 162 228 40 quaecumque
1168 162 81 40 mul

725 205 113 37 ta
782 205 207 37 numero,
933 205 226 37 materiam
1083 205 170 37 habent.

725 240 130 41 Vna
800 240 186 41 etenim
930 240 93 41 &
967 240 167 41 eadem
1059 240 186 41 multorum

731 281 121 41 ratio
811 281 107 41 est:
878 281 134 41 veluti
972 281 161 41 hominis.
1093 281 121 41 Soer.
1160 281 81 41 vero

724 324 146 50 vnus.
821 324 146 50 ipsum
918 324 130 50 vero
1000 324 130 50 quid
1081 324 130 50 erat
1146 324 97 50 esse

734 365 163 52 primum
848 365 114 52 non
913 365 147 52 habet
1011 365 212 52 materiam,
1158 365 82 52 cum

727 406 133 44 actus
816 406 118 44 sit.
889 406 118 44 vnum
963 406 133 44 ergo,
1051 406 103 44 tum
1096 406 147 44 ratione,

723 455 147 36 tum
807 455 210 36 numero
954 455 210 36 primum
1081 455 168 36 mouens

728 490 173 55 immobile
858 490 101 55 ens
915 490 116 55 est.
988 490 72 55 &
1017 490 87 55 id
1060 490 159 55 igitur,
1161 490 87 55 quod

729 533 159 46 semper
840 533 238 46 continuoque
1031 533 191 46 mouetur.
1158 533 95 46 vnum

732 573 135 45 ergo
816 573 169 45 tantum
935 573 169 45 coelum
1036 573 101 45 est.

776 613 165 64 Quoniam
896 613 135 64 autem
986 613 150 64 coelum
1091 613 105 64 est
1136 613 105 64 vniu,

729 661 194 61 manifestum
882 661 111 61 est.
951 661 125 61 quod,
1035 661 83 61 si
1076 661 139 61 plures
1160 661 83 61 cae-

728 711 81 60 li
769 711 163 60 fuerint,
891 711 109 60 erut
959 711 122 60 sicut
1040 711 163 60 homines.
1163 711 81 60 si
1190 711 54 60 au

727 762 105 57 tem
787 762 210 57 principium
952 762 165 57 hominis
1071 762 135 57 vnius
1161 762 105 57 es,

726 805 161 61 vnum,
834 805 90 61 &
870 805 179 61 fuerit
995 805 143 61 vnum
1085 805 108 61 in
1121 805 126 61 nume-

725 857 116 57 ro,
792 857 83 57 &
825 857 166 57 plura,
942 857 83 57 &
975 857 150 57 aliud
1075 857 166 57 numero
1174 857 67 57 mu

721 905 135 49 tum,
806 905 152 49 habet
907 905 220 49 materiam.
1077 905 135 49 Vnus
1144 905 102 49 enim

733 954 142 56 sermo,
832 954 99 56 qui
889 954 99 56 est
945 954 128 56 idem,
1030 954 99 56 est
1087 954 128 56 etiam
1158 954 85 56 plu-

728 1000 114 50 res,
799 1000 85 50 vt
842 1000 128 50 sermo
927 1000 171 50 hominis.
1055 1000 171 50 Socratis
1169 1000 71 50 au-

724 1050 108 57 tem
785 1050 139 57 vnus,
878 1050 124 57 quod
955 1050 139 57 autem
1048 1050 108 57 est
1110 1050 108 57 per
1156 1050 93 57 pri-

726 1099 121 47 mam
795 1099 225 47 essentiam
968 1099 121 47 non
1037 1099 156 47 habet
1124 1099 121 47 mate-

728 1148 128 61 riam,
813 1148 114 61 quia
885 1148 100 61 est
942 1148 200 61 perfectio.
1098 1148 143 61 primus
1184 1148 71 61 igi

728 1194 104 56 tur
788 1194 149 56 motor,
892 1194 104 56 qui
952 1194 104 56 non
1011 1194 179 56 mouetur,
1146 1194 104 56 est
1190 1194 60 56 v-

727 1251 104 56 nus
787 1251 179 56 ratione,
921 1251 74 56 &
950 1251 164 56 numero.
1069 1251 164 56 oportet
1174 1251 74 56 igi

726 1290 113 48 tur
791 1290 97 48 vt
839 1290 146 48 motum
936 1290 162 48 semper
1050 1290 194 48 continuo
1179 1290 65 48 mo

725 1338 94 64 tu
772 1338 109 64 sit
835 1338 125 64 vnum
913 1338 172 64 tantum.
1038 1338 125 64 ergo
1100 1338 141 64 coelum-

727 1389 121 46 est
796 1389 139 46 vnum
865 1389 156 46 tantum.

740 1442 125 48 Qnam
819 1442 141 48 autem
913 1442 125 48 vnum
991 1442 110 48 est
1054 1442 172 48 coelum,
1164 1442 78 48 ma-

727 1479 175 45 nifestum
859 1479 117 45 est.
931 1479 73 45 &
961 1479 160 45 innuit,
1077 1479 117 45 quod
1135 1479 117 45 mundus

726 1517 99 46 est
783 1517 128 46 vnus,
868 1517 99 46 non
924 1517 156 46 plures,
1038 1517 170 46 quoniam,
1151 1517 99 46 sicut

731 1556 73 46 d.
767 1556 73 46 si
804 1556 109 46 coeli
877 1556 121 46 essent
962 1556 134 46 plures,
1059 1556 121 46 essent
1144 1556 109 46 sicut
1204 1556 49 46 in

733 1596 144 38 diuidua
838 1596 157 38 hominum.
955 1596 157 38 scilicet
1073 1596 105 38 vnum
1125 1596 118 38 defini-

728 1637 143 41 tione,
828 1637 71 41 &
856 1637 143 41 plures
956 1637 157 41 numero:
1070 1637 129 41 sicut
1156 1637 129 41 homo,

728 1677 100 43 qui
785 1677 100 43 est
842 1677 114 43 vnus
913 1677 86 43 de
956 1677 157 43 itione,
1070 1677 71 43 &
1098 1677 143 43 plures
1198 1677 86 43 se

725 1724 176 30 cundum
849 1724 211 30 numerum.
1007 1724 106 30 Et
1060 1724 123 30 hoc
1112 1724 141 30 inten-

731 1753 143 41 debat
827 1753 112 41 cum
890 1753 96 41 d.
938 1753 96 41 si
986 1753 143 41 autem
1066 1753 191 41 principium

727 1793 156 49 hominis
841 1793 142 49 vnius,
940 1793 100 49 &c.
997 1793 85 49 i.
1040 1793 85 49 si
1082 1793 128 49 autem
1153 1793 100 49 plu

728 1836 96 54 res
783 1836 123 54 coeli
865 1836 150 54 essent,
974 1836 205 54 contingeret
1138 1836 82 54 vt
1165 1836 96 54 prin
