1475 2066
201 148 97 55 ribus
266 148 97 55 dixit
331 148 87 55 hoc,
385 148 130 55 scilicet
482 148 65 55 ne
515 148 119 55 aliquis
601 148 108 55 dicat,
666 148 65 55 quod

210 202 195 45 continget
360 202 90 45 ex
405 202 105 45 hoc
465 202 90 45 vt
509 202 150 45 primum
599 202 135 45 ignoret

213 229 132 56 plura.
305 229 66 56 &
331 229 118 56 quasi
410 229 118 56 dicat
489 229 211 56 respondendo,
647 229 79 56 quod

212 271 163 45 ignorare
335 271 122 45 vilia
416 271 95 45 est
471 271 136 45 melius
566 271 95 45 qua
606 271 109 45 scire.

227 308 82 54 D.d.
278 308 124 54 nobilius
371 308 103 54 igitur
443 308 72 54 non
484 308 144 54 intelligit
597 308 124 54 scilicet
680 308 51 54 vi-

222 351 127 51 liorem.
315 351 81 51 vel
361 351 93 51 sic,
419 351 162 51 nobiliorem
547 351 81 51 non
581 351 151 51 intelligit.

217 389 110 54 D.d.
286 389 110 54 Ergo
355 389 192 54 intelligit
505 389 96 54 se,
560 389 82 54 i.
602 389 69 54 &
629 389 96 54 cum
670 389 55 54 im

221 428 155 53 possibile
341 428 84 53 est
388 428 108 53 ipsum
460 428 179 53 intelligere
604 428 120 53 vilius
675 428 60 53 aut

219 469 147 45 nobilius,
332 469 79 45 cum
377 469 79 45 non
423 469 79 45 est
468 469 136 45 nobilius
570 469 91 45 quod
616 469 113 45 intelli-

216 515 96 41 gat,
276 515 96 41 ergo
336 515 168 41 intelligit
468 515 84 41 se.
517 515 96 41 D.d.
577 515 84 41 cum
625 515 84 41 est
661 515 72 41 for-

219 547 103 39 tius,
287 547 80 39 &c.
333 547 69 39 i.
368 547 80 39 cum
414 547 80 39 sit
460 547 161 39 nobilioris
575 547 149 39 intellectu,

223 582 138 44 omnibus
323 582 125 44 rebus.
410 582 63 44 &
435 582 113 44 dicit
510 582 100 44 hoc,
573 582 100 44 quia
623 582 113 44 intelle

213 621 66 37 in
246 621 99 37 nobis
312 621 77 37 non
356 621 154 37 intellicit
477 621 77 37 se,
521 621 88 37 nisi
565 621 165 37 accintaliter.

231 652 104 61 D.d.
296 652 65 61 &
322 652 104 61 ipse
387 652 182 61 intelligit
529 652 208 61 intelligere.
685 652 52 61 i.

223 701 61 49 &
247 701 172 49 intelligit
382 701 98 49 suam
443 701 159 49 actionem,
566 701 98 49 quae
627 701 86 49 est
664 701 61 49 in-

217 737 175 52 telligere.
355 737 88 52 sua
405 737 100 52 enim
468 737 100 52 suba
531 737 100 52 eest
593 737 88 52 sua
631 737 100 52 actio,

213 778 106 40 D.d.
279 778 93 40 Sed
332 778 132 40 semper
425 778 159 40 videmus,
544 778 106 40 quod
597 778 132 40 alterius

212 814 78 42 est
256 814 144 42 scientia,
367 814 55 42 &
389 814 122 42 sensus,
478 814 78 42 &c.
522 814 67 42 i.
556 814 78 42 sed
600 814 122 42 videmus
678 814 55 42 co-

215 854 178 53 gnoscere,
352 854 68 53 &
379 854 164 53 sentire,
503 854 68 53 &
530 854 205 53 existimare,
694 854 68 53 &

211 892 191 46 intelligere
364 892 102 46 esse
427 892 114 46 aliud
503 892 76 46 ab
542 892 89 46 eo,
592 892 114 46 cuius
656 892 76 46 sunt

210 933 78 45 i.
249 933 78 45 ab
288 933 194 45 intellecto,
443 933 155 45 cognito,
560 933 65 45 &
586 933 155 45 sensato,
689 933 39 45 &

208 973 197 37 existimato
363 973 84 37 in
405 973 141 37 nobis.
503 973 98 37 hae
559 973 112 37 enim
616 973 112 37 actio-

206 1013 99 38 nes
262 1013 85 38 ex
305 1013 127 38 istis
389 1013 197 38 virtutibus
544 1013 113 38 sunt
600 1013 127 38 aliorum

210 1048 74 56 non
253 1048 74 56 sui
295 1048 126 56 ipsorum,
389 1048 84 56 nisi
442 1048 74 56 per
484 1048 126 56 accidens
579 1048 126 56 scilicet
663 1048 63 56 quia

214 1085 149 41 sensus,
323 1085 68 41 &
350 1085 217 41 existimatio,
526 1085 68 41 &
553 1085 149 41 intells
648 1085 81 41 sunt

215 1124 191 42 intellecti,
368 1124 64 42 &
393 1124 153 42 sensati,
508 1124 64 42 &
533 1124 178 42 existimati
660 1124 64 42 non

216 1166 70 52 per
256 1166 70 52 se,
296 1166 70 52 sed
336 1166 70 52 per
375 1166 120 52 accidens
465 1166 60 52 id
495 1166 70 52 est
535 1166 80 52 quod
585 1166 149 52 intellectus
694 1166 40 52 in

215 1205 107 54 nobis
287 1205 83 54 non
334 1205 167 54 intelligit
465 1205 71 54 se
501 1205 95 54 nisi
560 1205 83 54 per
596 1205 131 54 accidens.

214 1244 148 53 scilicet
325 1244 99 53 quia
387 1244 136 53 accidit
486 1244 173 53 intellecto
622 1244 99 53 quod
671 1244 62 53 sit

210 1285 106 37 forma
281 1285 141 37 intells,
387 1285 59 37 &
410 1285 153 37 similiter
528 1285 129 37 accidit
610 1285 118 37 existima

210 1320 62 51 to
241 1320 83 51 quod
292 1320 72 51 sit
334 1320 165 51 existimatio,
468 1320 52 51 &
488 1320 114 51 sensato
571 1320 134 51 similiter
664 1320 62 51 quod

212 1363 99 39 fuit
273 1363 123 39 sensus
360 1363 148 39 sentire.
471 1363 62 39 &
495 1363 86 39 hoc
544 1363 111 39 fuit,
618 1363 99 39 quia
668 1363 49 39 in

215 1397 171 45 tellectus
346 1397 92 45 non
399 1397 92 45 est
451 1397 79 45 in
491 1397 118 45 nobis
556 1397 171 45 intellectum

207 1444 183 45 omnibus
341 1444 167 45 modis.
457 1444 83 45 &
491 1444 150 45 magis
574 1444 150 45 remotum

216 1477 90 50 hoc
268 1477 103 50 est,
332 1477 103 50 quod
396 1477 128 50 sensus
486 1477 90 50 sit
537 1477 167 50 scusatum.
653 1477 77 50 D.d.

218 1516 86 50 Aut
267 1516 123 50 etiam,
353 1516 74 50 si
390 1516 197 50 intelligere,
550 1516 61 50 &
574 1516 123 50 passio
660 1516 98 50 sint

212 1561 119 33 aliud,
295 1561 59 33 &
319 1561 119 33 aliud.
402 1561 71 33 i.
437 1561 95 33 quod
497 1561 71 33 si
532 1561 95 33 iste
580 1561 154 33 intellectus

218 1592 170 54 intelligit
351 1592 121 54 aliud,
436 1592 97 54 tunc
497 1592 97 54 erit
558 1592 134 54 patiens
655 1592 61 54 &
667 1592 61 54 fa-

213 1629 127 55 ciens,
302 1629 64 55 &
328 1629 140 55 passio,
429 1629 76 55 ex
467 1629 89 55 quo
518 1629 127 55 igitur
607 1629 102 55 erit
658 1629 76 55 nobi

221 1670 109 44 litas
293 1670 72 44 in
330 1670 157 44 patiente,
450 1670 109 44 vtrum
523 1670 72 44 ex
559 1670 157 44 passione,
668 1670 60 44 aut

215 1708 155 51 essentia
331 1708 168 51 patiente,
460 1708 90 51 aut
512 1708 77 51 ex
550 1708 90 51 eo,
602 1708 64 51 a
628 1708 90 51 quo
667 1708 64 51 fit

218 1749 150 43 passios
327 1749 109 43 ista
395 1749 109 43 enim
463 1749 109 43 tria
531 1749 109 43 sunt
586 1749 136 43 consimi-

217 1789 107 37 lia,
284 1789 67 37 &
310 1789 188 37 dissimilia
458 1789 80 37 in
498 1789 121 37 omni,
579 1789 107 37 quod
632 1789 94 37 intel

213 1825 114 57 ligit
289 1825 126 57 aliud.
378 1825 63 57 &
403 1825 101 57 ideo
466 1825 114 57 sicut
542 1825 152 57 essentia
643 1825 88 57 intel

753 155 137 39 lectus
849 155 96 39 non
904 155 96 39 est
959 155 123 39 eadem
1041 155 96 39 cum
1082 155 178 39 intelligere

750 195 106 40 quod
816 195 93 40 est
869 195 119 40 actio
949 195 146 40 intelle
1055 195 80 40 in
1095 195 133 40 nobis,
1187 195 66 40 &
1201 195 66 40 in-

745 229 168 45 tellecto
871 229 84 45 in
913 229 126 45 nobis
997 229 210 45 intelligere
1165 229 98 45 non
1207 229 70 45 est

747 267 116 39 idem
820 267 160 39 omnibus
937 267 145 39 modis.
1038 267 87 39 Et
1082 267 131 39 causa
1169 267 87 39 in
1198 267 73 39 hoc

747 308 97 50 est,
808 308 97 50 quia
868 308 206 50 intelsecundum
1038 308 73 50 in
1075 308 109 50 nobis
1148 308 85 50 est
1184 308 85 50 aliud

744 349 70 52 ab
779 349 198 52 intelligente.
942 349 81 52 it:
989 349 81 52 eis
1035 349 105 52 autem
1105 349 93 52 quae
1163 349 93 52 sunt
1210 349 58 52 non

747 382 79 44 in
786 382 158 44 materia,
904 382 171 44 contingit
1036 382 79 44 vt
1075 382 197 44 intelsecum,
1233 382 66 44 &

752 423 156 44 intells,
869 423 65 44 &
895 423 117 44 actio
973 423 195 44 intellectus
1129 423 104 44 sint
1181 423 91 44 idem.

767 462 84 45 Et
809 462 98 45 hoc
865 462 195 45 intendebat
1018 462 98 45 cum
1074 462 139 45 dicit:
1171 462 84 45 Et
1199 462 70 45 si-

752 500 81 46 cut
799 500 69 46 in
833 500 150 46 quibusdam
949 500 104 46 rebus
1018 500 150 46 scientia,
1133 500 81 46 &c.
1179 500 69 46 i.
1214 500 58 46 &
1225 500 35 46 i

747 549 99 45 cut
804 549 170 45 videmus,
931 549 114 45 quod
1002 549 114 45 vere
1073 549 170 45 possumus
1187 549 85 45 dice

745 580 65 39 re
778 580 87 39 quod
832 580 130 39 scientia
930 580 76 39 est
973 580 76 39 res
1017 580 109 39 scita,
1093 580 54 39 &
1115 580 76 39 res
1158 580 98 39 scita
1213 580 54 39 est

748 621 152 37 scientia,
865 621 93 37 quae
923 621 82 37 est
970 621 70 37 in
1005 621 140 37 materia,
1110 621 105 37 sicut
1180 621 70 37 de
1204 621 58 37 art

749 657 107 42 ficio
820 657 59 42 &
844 657 190 42 artificiali:
998 657 130 42 dicimus
1093 657 95 42 enim
1152 657 95 42 quod
1200 657 71 42 for-

745 694 75 52 ma
783 694 213 52 artificialis,
958 694 100 52 quae
1021 694 88 52 est
1071 694 75 52 in
1108 694 100 52 mam,
1171 694 63 52 &
1196 694 100 52 quae

747 738 89 40 est
798 738 76 40 in
836 738 115 40 anima
913 738 165 40 artificis
1040 738 89 40 est
1091 738 127 40 eadem:
1167 738 102 40 quanto

746 781 126 39 magis
830 781 126 39 debet
914 781 112 39 esse
984 781 84 39 in
1027 781 126 39 rebus
1097 781 168 39 intelligen

745 815 134 50 tibus,
839 815 134 50 quibus
932 815 148 50 materia
1040 815 94 50 non
1094 815 81 50 ad
1120 815 148 50 miscetur,

747 853 70 37 &
775 853 98 37 non
831 853 112 37 sunt
900 853 112 37 nisi
970 853 126 37 forma
1054 853 70 37 &
1082 853 167 37 essentia
1193 853 70 37 si-

750 890 115 40 onaus
827 890 103 40 esse
891 890 103 40 rei.
955 890 103 40 D.d.
1019 890 77 40 in
1058 890 115 40 rebus
1135 890 115 40 autem
1199 890 64 40 est

749 920 197 58 sentialibus,
909 920 86 58 &c.
958 920 74 58 i.
995 920 74 58 in
1033 920 111 58 rebus
1107 920 111 58 autem
1168 920 99 58 specu-

748 965 139 45 latiuis
850 965 164 45 definitum
976 965 89 45 est
1027 965 177 45 defiuitio,
1166 965 63 45 &
1178 965 89 45 intel

746 1005 137 45 lectum
842 1005 165 45 intells.
966 1005 110 45 D.d.
1035 1005 206 45 intellectum
1186 1005 82 45 enim

748 1044 84 39 non
796 1044 84 39 est
844 1044 108 39 aliud
917 1044 72 39 ab
953 1044 181 39 intellectu.
1097 1044 72 39 i.
1121 1044 145 39 intelsecum

745 1085 128 53 igitur
835 1085 77 53 in
873 1085 115 53 rebus
949 1085 179 53 abstractis
1090 1085 64 53 a
1115 1085 89 53 mam
1153 1085 115 53 dignius

743 1122 88 41 est
794 1122 76 41 vt
832 1122 88 41 non
882 1122 88 41 sit
932 1122 113 41 aliud
1008 1122 76 41 ab
1046 1122 189 41 intellectu.
1184 1122 76 41 D.d.

744 1162 123 51 Omne
820 1162 169 51 igitur,
943 1162 123 51 quod
1020 1162 107 51 non
1081 1162 138 51 habet
1158 1162 107 51 mate-

749 1199 100 50 riam,
816 1199 78 50 &c.
860 1199 67 50 i.
893 1199 156 50 declaratum
1016 1199 78 50 est
1060 1199 122 50 igitur,
1149 1199 89 50 quod
1193 1199 78 50 omne,

745 1244 132 38 carets
837 1244 105 38 mam,
903 1244 66 38 &
929 1244 211 38 intellectum,
1100 1244 66 38 &
1113 1244 145 38 intellect

747 1277 82 49 in
788 1277 82 49 eo
830 1277 110 49 idem
898 1277 110 49 est.
967 1277 151 49 patiens
1077 1277 110 49 enim
1145 1277 69 49 &
1159 1277 110 49 passio

749 1316 91 49 idem
805 1316 91 49 est.
862 1316 79 49 Et,
907 1316 79 49 cum
953 1316 170 49 declarauit,
1089 1316 91 49 quod
1146 1316 102 49 nihil
1214 1316 68 49 in

749 1357 145 51 telligit
857 1357 108 51 extra
930 1357 84 51 se,
978 1357 145 51 incoepit
1086 1357 145 51 quaerere
1183 1357 84 51 vtrum

748 1394 134 53 illud,
842 1394 107 53 quod
909 1394 188 53 intelligit
1056 1394 81 53 ex
1097 1394 94 53 se,
1150 1394 94 53 est
1190 1394 81 53 vnum

746 1437 148 38 simplex
853 1437 94 38 aut
907 1437 121 38 multa
987 1437 188 38 composita.
1135 1437 67 38 &
1162 1437 134 38 dicit:

749 1474 208 40 Melinquitur
916 1474 125 40 autem
999 1474 194 40 dubitatio,
1152 1474 83 40 si
1194 1474 97 40 in

744 1510 180 44 tellectum
883 1510 97 44 est
938 1510 208 44 compositum.
1104 1510 152 44 quoniam
1201 1510 69 44 hic

746 1556 120 39 tunc
821 1556 271 39 transmutaretur
1047 1556 90 39 in
1092 1556 181 39 partibus
1213 1556 60 39 to

750 1590 122 52 tius.
832 1590 95 52 is.
886 1590 149 52 remanet
994 1590 135 52 igitur
1088 1590 176 52 dubitatio
1210 1590 54 52 in

751 1629 203 38 intellecto
910 1629 87 38 ab
953 1629 101 38 eo,
1011 1629 130 38 vtrum
1098 1629 101 38 sit
1142 1629 130 38 simplex

742 1669 97 48 aut
798 1669 195 48 coipositum
951 1669 84 48 ex
993 1669 139 48 multis
1076 1669 195 48 intellectis,

742 1709 106 37 sed,
808 1709 80 37 si
848 1709 133 37 fuerit
941 1709 186 37 compositum
1087 1709 80 37 ex
1127 1709 133 37 multis
1220 1709 80 37 in

747 1745 182 50 tellectis,
890 1745 143 50 necesse
994 1745 91 50 est
1046 1745 117 50 ipsum
1124 1745 104 50 esse
1176 1745 91 50 diuer

746 1785 156 41 sarum
850 1785 191 41 partium
989 1785 122 41 non
1041 1785 226 41 consimilium

744 1826 98 57 quia
805 1826 98 57 tale
867 1826 111 57 multa
940 1826 184 57 intelligit:
1088 1826 61 57 &
1112 1826 98 57 quod
1161 1826 111 57 intelli
