1475 2066
167 148 163 56 Deinde
281 148 147 56 dedit
379 148 163 56 signum
493 148 147 56 super
591 148 131 56 hoc,
656 148 49 56 &

184 189 63 56 d.
216 189 63 56 si
248 189 105 56 igitur
321 189 95 56 nihil
384 189 105 56 fuerit
458 189 95 56 tale,
521 189 84 56 ete.
573 189 63 56 i.
605 189 63 56 si
626 189 84 56 igitur

182 228 100 47 non
239 228 143 47 fuerit
339 228 157 47 vltimus
453 228 143 47 finis,
553 228 114 47 tunc
610 228 100 47 ninil

185 269 157 40 habebit
299 269 142 40 causam
398 269 171 40 finalem.
526 269 100 40 lam
583 269 114 40 enim
640 269 57 40 de

183 311 186 37 scripsimus
329 311 106 37 quod
395 311 119 37 causa
474 311 146 37 finalis
580 311 80 37 in
620 311 80 37 re
647 311 66 37 qua

187 347 113 51 libet
263 347 88 51 est
313 347 113 51 causa
388 347 163 51 postrema.
513 347 75 51 si
550 347 125 51 igitur
625 347 88 51 omnes

182 383 118 44 causae
265 383 82 44 non
312 383 153 44 habuerint
429 383 118 44 talem.
511 383 141 44 scilicet
605 383 106 44 vltimam

186 422 102 45 non
245 422 117 45 erit
318 422 117 45 haec
391 422 131 45 causa
478 422 160 45 finalis
580 422 117 45 omnino

182 463 131 44 scilicet
281 463 88 44 quod
335 463 66 44 si
368 463 99 44 finis
434 463 131 44 habuerit
533 463 110 44 finem,
609 463 55 44 &
631 463 77 44 sic
664 463 44 44 in

192 501 193 45 infinitum,
344 501 96 45 non
399 501 110 45 erit
467 501 110 45 haec
536 501 124 45 causa
605 501 110 45 alicui

194 541 97 38 rei.
254 541 181 38 Descriptio.
399 541 97 38 enim
459 541 121 38 istius
544 541 121 38 causae
629 541 85 38 est
665 541 48 38 vt

195 580 94 51 non
248 580 94 51 sit
302 580 147 51 propter
409 580 121 51 aliam
490 580 147 51 causam.
597 580 80 51 si
624 580 80 51 ergo

198 617 127 42 fuerit
287 617 165 42 infinita,
414 617 177 42 destruetur
553 617 101 42 eius
604 617 101 42 deseri

195 654 114 48 ptio,
271 654 63 48 &
297 654 165 48 auferetur
423 654 101 48 suum
487 654 114 48 esse.
563 654 89 48 sed
613 654 89 48 iam
651 654 51 48 po

192 700 138 38 suimus
289 700 96 38 eam
344 700 124 38 esse.
427 700 69 38 &
454 700 96 38 hoc
509 700 110 38 tunc
578 700 124 38 esset
661 700 83 38 in

191 733 225 37 conueniens.
371 733 120 37 D.d.
446 733 90 37 Et
491 733 195 37 facientes
626 733 75 37 cau

193 772 89 38 sas
244 772 177 38 infinitas,
383 772 89 38 &c.
434 772 76 38 i.
472 772 63 38 &
498 772 165 38 facientes
612 772 101 38 causas

187 813 138 37 finales
288 813 101 37 esse
351 813 176 37 infinitas,
489 813 163 37 destruunt
602 813 101 37 finem-

187 853 125 45 sicut
270 853 166 45 diximus.
395 853 69 45 &
422 853 97 45 qui
478 853 180 45 destruunt
602 853 111 45 finem,

193 889 195 41 destruunt
343 889 120 41 omne
418 889 150 41 bonum,
522 889 75 41 &
552 889 135 41 nihil
627 889 75 41 per

200 930 140 46 cipiunt.
305 930 105 46 nihil
375 930 93 46 enim
434 930 128 46 dicitur
527 930 93 46 esse
585 930 117 46 bonum,
655 930 47 46 ni

192 971 80 39 si
232 971 93 39 per
285 971 133 39 causas
378 971 160 39 finales.
498 971 107 39 D.d.
565 971 146 39 quamuis
658 971 53 39 ni

195 1004 96 52 hil
250 1004 151 52 incipit
360 1004 137 52 agere,
456 1004 96 52 &c.
511 1004 82 52 i.
552 1004 69 52 &
580 1004 124 52 mirum
648 1004 69 52 est

192 1043 97 52 de
240 1043 227 52 negantibus
419 1043 146 52 istam
516 1043 178 52 causam,
629 1043 81 52 cum

196 1077 189 57 concedant,
344 1077 108 57 quod
411 1077 135 57 nullus
506 1077 121 57 facit
573 1077 135 57 actionem

188 1119 189 44 aliquam,
330 1119 126 44 nisi
409 1119 221 44 intendendo
583 1119 142 44 finem
662 1119 47 44 &

198 1160 175 42 vltimum.
330 1160 73 42 &
359 1160 102 42 sic
417 1160 131 42 debet
505 1160 117 42 esse
578 1160 88 42 in
607 1160 102 42 natu-

197 1197 71 38 ra
233 1197 71 38 in
268 1197 95 38 hoc,
328 1197 107 38 sicut
399 1197 71 38 in
435 1197 166 38 artificio,
565 1197 59 38 &
589 1197 71 38 in
613 1197 83 38 omnib

194 1236 191 46 actionibus
344 1236 218 46 voluntarijs.
522 1236 82 46 Et
563 1236 123 46 dicit
631 1236 82 46 hoc,

193 1284 123 43 quia
269 1284 138 43 multi
361 1284 169 43 Antiqui
484 1284 123 43 nega
561 1284 123 43 bant
622 1284 92 43 hanc

185 1312 146 43 causam
287 1312 131 43 esse:
375 1312 73 43 &
404 1312 102 43 iam
462 1312 160 43 locutus
579 1312 117 43 fuit
637 1312 73 43 con

188 1350 112 44 tra
252 1350 112 44 eos
316 1350 96 44 in
364 1350 176 44 Secundo
477 1350 192 44 Physicorum

242 1404 106 45 Nec
303 1404 137 45 esset
394 1404 228 45 intellectus
576 1404 91 45 in
607 1404 106 45 huiu-

192 1452 167 38 scemodi
313 1452 182 38 alicuius
449 1452 121 38 enim
525 1452 136 38 causa
601 1452 106 38 agit,

199 1493 201 45 quicunque
353 1493 232 45 intellectum
539 1493 155 45 habet,
632 1493 77 45 hoc

191 1539 149 47 nanque
296 1539 179 47 terminus
430 1539 120 47 est:
505 1539 134 47 finis
594 1539 120 47 vero
654 1539 60 47 ip

188 1579 101 47 se
222 1579 185 47 terminus.

235 1617 105 57 Et
288 1617 123 57 cum
358 1617 123 57 hoc
428 1617 175 57 etiam,
534 1617 175 57 secundum

195 1661 112 61 quod
265 1661 168 61 dicitur,
391 1661 98 61 non
447 1661 98 61 est
502 1661 210 61 intellectus
656 1661 56 61 in

193 1710 186 50 entibus.
332 1710 155 50 habens
441 1710 124 50 enim
503 1710 202 50 intellectum

186 1763 110 63 non
249 1763 126 63 agit
328 1763 126 63 quod
407 1763 142 63 agit,
502 1763 126 63 nisi
565 1763 142 63 propter

193 1811 191 56 aliquam
332 1811 139 56 rem,
419 1811 139 56 quae
505 1811 122 56 est
558 1811 156 56 vitimum

724 141 206 62 actionis.
882 141 174 62 vltimum
1009 141 127 62 enim
1088 141 111 62 est
1135 141 111 62 finis

722 196 99 56 ad
772 196 132 56 quem
838 196 215 56 intenditur.

770 244 79 39 Et
809 244 171 39 facientes
941 244 132 39 causas
1033 244 145 39 finales
1139 244 105 39 esse
1204 244 79 39 in

728 285 159 49 finitas
843 285 144 49 negant
944 285 216 49 intellectum
1103 285 144 49 operati-

724 321 125 54 uum.
802 321 234 54 intellectus
989 321 125 54 enim
1067 321 109 54 non
1129 321 125 54 agit
1192 321 62 54 om

722 365 86 47 ne
765 365 115 47 quod
836 365 129 47 agit,
922 365 115 47 nisi
994 365 158 47 propter
1109 365 143 47 aliud:
1209 365 72 47 &

729 399 121 56 illud
809 399 108 56 est,
877 399 148 56 propter
985 399 108 56 quod
1052 399 108 56 opus
1119 399 94 56 est
1160 399 94 56 fini-

720 443 126 39 tum.
799 443 173 39 vltimum
925 443 126 39 enim
1003 443 110 39 est
1066 443 157 39 finis,
1161 443 94 39 quem

723 477 191 45 intendunt
870 477 191 45 actiones,
1016 477 73 45 &
1046 477 88 45 si
1090 477 117 45 non,
1163 477 117 45 tunc

727 516 123 46 actio
809 516 123 46 esset
878 516 123 46 ociosa-

772 557 103 57 At
823 557 138 57 vero
910 557 121 57 nec
978 557 155 57 ipsum
1082 557 138 57 quid
1151 557 103 57 erat

728 596 121 46 esse
803 596 151 46 reduci
909 596 91 46 ad
955 596 136 46 aliam
1030 596 227 46 definitionem,

725 643 193 39 ratione
866 643 246 39 abundantem
1042 643 211 39 contingit.

728 683 168 46 Semper
846 683 168 46 etenim
963 683 151 46 prior
1064 683 151 46 magis
1148 683 101 46 est,

720 723 210 44 posterior
881 723 129 44 vero
962 723 113 44 non
1026 723 129 44 est.
1107 723 145 44 cuius
1188 723 65 44 au

728 760 127 59 tem
800 760 181 59 primum
927 760 127 59 non
999 760 145 59 est,
1089 760 127 59 nec
1144 760 108 59 quod

728 803 179 56 sequitur
847 803 90 56 est.

771 845 84 61 Et
813 845 126 61 etiam
897 845 196 61 dispositio
1050 845 84 61 in
1092 845 98 61 eo,
1148 845 84 61 de
1176 845 70 61 quo

731 887 181 63 quaeritur
871 887 98 63 per
926 887 126 63 quid,
1010 887 126 63 impos
1094 887 139 63 sibile
1177 887 70 63 est

737 940 87 45 vt
781 940 131 45 sermo
868 940 87 45 de
912 940 87 45 eo
955 940 102 45 sit
1014 940 131 45 extra
1086 940 160 45 terminos.

732 984 147 63 prius
829 984 130 63 enim
911 984 163 63 semper
1025 984 114 63 est
1090 984 147 63 magis
1172 984 81 63 di-

727 1035 121 60 gnum
802 1035 91 60 in
848 1035 136 60 esse,
938 1035 196 60 posterius
1089 1035 136 60 autem
1180 1035 106 60 non

727 1080 117 59 sic.
800 1080 73 59 &
830 1080 146 59 illud,
932 1080 131 59 cuius
1019 1080 146 59 primum
1122 1080 102 59 non
1165 1080 88 59 est,

726 1125 135 62 quod
811 1125 254 62 consequitur
1014 1125 169 62 illud,
1116 1125 135 62 primum

726 1173 112 54 non
774 1173 96 54 est.

764 1237 109 45 Cum
827 1237 217 45 declarauit
997 1237 202 45 finitatem
1137 1237 109 45 trium

725 1280 152 36 canrum,
836 1280 166 36 incoepit
960 1280 138 36 facere
1057 1280 97 36 hoc
1113 1280 83 36 in
1140 1280 111 36 causa-

733 1309 136 45 formali,
834 1309 56 45 &
857 1309 68 45 d.
891 1309 68 45 Et
925 1309 102 45 etiam
993 1309 124 45 dispon,
1083 1309 79 45 &c.
1128 1309 68 45 i.
1162 1309 56 45 &
1173 1309 68 45 etia

722 1355 132 47 sermo
810 1355 88 47 de
854 1355 162 47 dispone
972 1355 132 47 eius,
1060 1355 88 47 de
1104 1355 103 47 quo
1148 1355 103 47 quae-

732 1388 94 58 ritur
794 1388 73 58 per
836 1388 84 58 quid
888 1388 84 58 est,
941 1388 52 58 &
962 1388 73 58 est
1003 1388 94 58 forma
1066 1388 84 58 rei,
1108 1388 136 58 impossibile

735 1430 79 44 vt
774 1430 92 44 sit
827 1430 158 44 diuersus
945 1430 66 44 a
971 1430 131 44 natura
1050 1430 197 44 definitionum,

734 1469 117 37 cilicet
820 1469 96 37 quod,
884 1469 64 37 si
916 1469 150 37 apparuerit
1033 1469 85 37 quod
1087 1469 107 37 natura
1151 1469 96 37 defini-

728 1510 136 36 tionum
824 1510 95 36 est
878 1510 136 36 finita
974 1510 204 36 necessario,
1137 1510 109 36 erit
1192 1510 54 36 vt

726 1543 85 52 ita
775 1543 85 52 sit
823 1543 73 52 de
860 1543 134 52 formis.
957 1543 97 52 D.d.
1018 1543 110 52 Prius
1091 1543 97 52 enim
1140 1543 97 52 semper

732 1581 84 43 &c.
780 1581 72 43 i.
816 1581 72 43 in
851 1581 179 43 definitione
994 1581 95 43 enim
1054 1581 84 43 est
1102 1581 95 43 pars
1150 1581 95 43 prior,

729 1621 73 54 &
759 1621 205 54 posterior:
920 1621 73 54 &
949 1621 132 54 prior
1038 1621 103 54 est
1096 1621 132 54 magis
1170 1621 73 54 di-

729 1661 90 48 gna
781 1661 77 48 in
819 1661 116 48 esse.
897 1661 64 48 &
923 1661 77 48 si
961 1661 116 48 prior
1039 1661 90 48 non
1090 1661 142 48 fuerit,
1181 1661 64 48 spo

727 1708 144 48 sterior
831 1708 91 48 non
884 1708 117 48 erit.
962 1708 78 48 si
1001 1708 131 48 igitur
1092 1708 104 48 pars
1145 1708 91 48 prior

734 1738 125 51 verbi
818 1738 139 51 gratia
915 1738 139 51 geneus
1012 1738 167 51 habuerit
1124 1738 111 51 defini

730 1780 152 38 tionem,
841 1780 69 38 &
869 1780 111 38 pars
938 1780 208 38 priorillius
1090 1780 152 38 definitio

728 1813 102 45 nis
787 1813 174 45 habuerit
917 1813 247 45 definitionem,
1120 1813 73 45 &
1149 1813 102 45 sic
1193 1813 58 45 in
