1475 2066
193 167 160 49 rationis
312 167 93 49 est
366 167 160 49 caeteras
485 167 120 49 quoqu
565 167 106 49 quid
619 167 106 49 poten-

212 204 123 46 tias
288 204 77 46 &
319 204 169 46 naturas
442 204 92 46 in
488 204 246 46 sensibilibus
672 204 46 46 e

202 255 107 36 se,
263 255 92 36 ac
309 255 153 36 nullam
416 255 215 36 separatam.
585 255 123 36 haec
646 255 77 36 ita

205 291 102 39 que
264 291 131 39 prius
351 291 131 39 dicta
438 291 131 39 sunt.
525 291 131 39 Verum
612 291 87 39 ad
641 291 87 39 haec

210 334 83 54 est
258 334 143 54 constat,
365 334 95 54 quod
424 334 178 54 impossibile
567 334 107 54 esset
638 334 107 54 quod¬

206 372 160 54 cunque
318 372 160 54 corpus
430 372 176 54 diuidi.
543 372 176 54 diuideret

214 413 86 45 enim
268 413 129 45 secundum
365 413 173 45 superficien,
505 413 54 45 &
527 413 86 45 haec
581 413 129 45 secundum
667 413 54 45 li-

206 454 126 53 neam,
290 454 70 53 &
318 454 112 53 ista
388 454 168 53 secundum
515 454 168 53 punctum.
627 454 98 53 quare

204 500 85 40 si
246 500 156 40 punctum
360 500 213 40 impossibile
530 500 99 40 est
573 500 142 40 diuidere

206 541 86 45 est
255 541 134 45 lineam.
352 541 98 45 quod
414 541 73 45 si
450 541 110 45 hanc,
523 541 134 45 caetera
621 541 122 45 quoque

204 578 110 55 Quid
273 578 138 55 igitur
370 578 152 55 differt
480 578 96 55 aut
535 578 96 55 has
590 578 110 55 esse
645 578 69 55 ta-

201 621 111 53 les
265 621 191 53 naturas,
408 621 111 53 aut
471 621 111 53 non
535 621 127 53 esse
598 621 127 53 quidem

201 668 91 42 in
246 668 106 42 eis
307 668 137 42 tales
399 668 183 42 naturas:
535 668 122 42 idem
596 668 122 42 nanque

202 703 171 44 accidet.
330 703 157 44 diuisis
444 703 114 44 enim
501 703 213 44 sensibilibus.

201 744 228 43 diuidentur,
383 744 106 43 aut
444 744 106 43 nec
504 744 137 43 ipsae
580 744 137 43 sensibi

204 789 116 38 les.
277 789 87 38 At
321 789 102 38 nec
379 789 189 38 separatas
524 789 116 38 esse
596 789 131 38 tales
669 789 58 38 na

210 830 131 45 turas
298 830 189 45 possibile
443 830 116 45 est.
516 830 116 45 Nam,
588 830 87 45 si
617 830 102 45 erunt

208 877 160 41 praeter
325 877 203 41 sensibilia
485 877 145 41 solida
572 877 145 41 separata

206 909 87 55 ab
249 909 101 55 his
307 909 173 55 diuersa,
436 909 188 55 prioraque
566 909 159 55 sensibili

204 954 111 41 bus,
274 954 139 41 patet,
371 954 111 41 quod
440 954 125 41 etiam
524 954 153 41 praeter
621 954 97 41 super

203 993 136 48 ficies
298 993 122 48 alias
380 993 149 48 necesse
488 993 95 48 est
543 993 109 48 esse
597 993 122 48 superfi

202 1036 118 55 cies
276 1036 206 55 separatas,
438 1036 147 55 puncta
541 1036 176 55 quoquid,
673 1036 74 55 &

204 1077 152 45 lineas:
315 1077 222 45 quandoquidem
495 1077 125 45 eadem
578 1077 125 45 ratio
648 1077 69 45 est

206 1126 126 44 Quod
285 1126 94 44 si
332 1126 126 44 haec
411 1126 157 44 rursus
521 1126 173 44 praeter
631 1126 79 44 ma-

206 1159 192 51 thematici
354 1159 148 51 solidi
457 1159 207 51 supficies,
605 1159 118 51 lineas

204 1205 77 49 &
234 1205 170 49 puncta,
358 1205 124 49 alia
435 1205 201 49 separata,
574 1205 139 49 siquide

196 1245 268 44 incomposita,
414 1245 167 44 priora
514 1245 201 44 compositis

200 1289 129 41 sunt.
286 1289 72 41 &
314 1289 86 41 si
357 1289 229 41 sensibilibus
544 1289 143 41 priora
630 1289 86 41 sunt

192 1326 158 53 corpora
307 1326 101 53 non
364 1326 216 53 sensibilia,
537 1326 130 53 eadem
609 1326 101 53 ratio

198 1369 82 50 ne
239 1369 232 50 superficiebus
430 1369 136 50 etiam,
526 1369 109 50 quae
594 1369 82 50 in
621 1369 96 50 soli-

195 1413 121 45 dis
264 1413 260 45 immobilibus
472 1413 156 45 sunt,
559 1413 156 45 priores

204 1449 100 58 sunt
266 1449 100 58 hae,
328 1449 100 58 quae
391 1449 87 58 per
441 1449 137 58 seipsas
540 1449 162 58 existunt.
653 1449 62 58 Qua

204 1493 87 45 re
247 1493 130 45 aliae
334 1493 116 45 sunt
406 1493 116 45 hae,
478 1493 101 45 tum
521 1493 188 45 superficies

205 1543 103 35 tum
264 1543 161 35 lineae,
381 1543 88 35 ab
425 1543 117 35 his,
499 1543 117 35 quae
572 1543 132 35 simul
646 1543 73 35 cum

196 1587 192 40 separatis
344 1587 163 40 solidis
463 1587 133 40 sunt,
551 1587 104 40 hae
596 1587 118 40 nanque

200 1620 142 45 simul
295 1620 110 45 cum
358 1620 252 45 mathematicis
547 1620 158 45 solidis,

202 1661 138 45 illae
294 1661 123 45 vero
371 1661 108 45 eis
432 1661 169 45 priores
555 1661 138 45 sunt.
632 1661 77 45 Fur

190 1702 111 44 sus
254 1702 175 44 illarum
381 1702 270 44 superficierum
588 1702 127 44 lineae

196 1756 152 38 erunt,
302 1756 152 38 quibus
409 1756 167 38 priores
530 1756 137 38 alias
607 1756 106 38 opor-

196 1796 145 41 tebit
293 1796 145 41 eadem
389 1796 177 41 ratione
518 1796 177 41 lineas,
631 1796 81 41 pun

191 1828 146 54 ctaque
293 1828 131 54 esse.
381 1828 73 54 &
410 1828 146 54 eorum,
512 1828 117 54 quae
585 1828 87 54 in
614 1828 102 54 prio

740 173 139 37 ribus
832 173 170 37 lineis,
956 173 124 37 alia
1033 173 155 37 puncta
1126 173 124 37 priora

737 209 174 41 quibus
858 209 122 41 non
928 209 157 41 erunt
1033 209 192 41 amplius
1155 209 104 41 alia

741 252 177 45 priora.
869 252 96 45 At
918 252 177 45 absurda
1046 252 129 45 sane
1110 252 145 45 coacer-

742 288 141 42 uatio
837 288 126 42 fit.
915 288 173 42 accidit
1041 288 157 42 nanque
1135 288 126 42 solida

743 328 161 47 quidem
856 328 145 47 vnica
953 328 177 47 praetet
1065 328 194 47 sensibilia

734 372 118 52 esse.
813 372 197 52 superficies
970 372 105 52 vero
1036 372 184 52 triplices,
1167 372 92 52 prae-

739 421 90 37 ter
791 421 194 37 sensibiles:
946 421 116 37 illae
1023 421 155 37 scilicet
1127 421 129 37 praeter.

737 457 233 41 sensibiles,
924 457 125 41 quae
1002 457 93 41 in
1033 457 218 41 mathematicis

738 501 104 45 sunt
803 501 157 45 solidis,
921 501 144 45 quaeque
1025 501 144 45 praeter
1129 501 104 45 eas,
1182 501 78 45 quae

733 541 93 48 in
779 541 108 48 his
841 541 139 48 sunt,
933 541 154 48 lineae
1041 541 139 48 autem
1118 541 139 48 quandru

742 581 178 53 plices,
871 581 162 53 puncta
984 581 145 53 autem
1065 581 194 53 quincupla.

748 621 157 45 Quare
852 621 157 45 circa
957 621 174 45 qualia
1079 621 157 45 horum
1166 621 87 45 ma-

740 669 211 38 thematicae
906 669 196 38 scientiae
1057 669 136 38 erunt
1147 669 75 38 (
1178 669 106 38 non

738 710 118 43 enim
812 710 133 43 circa
900 710 236 43 superficies,
1092 710 162 43 lineas,
1195 710 59 43 et

733 755 177 39 puncta,
862 755 129 39 quae
943 755 97 39 in
991 755 194 39 immobili
1120 755 129 39 solido

736 789 146 49 sunt:
833 789 260 49 quandoquidem
1045 789 163 49 semper
1142 789 114 49 scien

734 828 108 41 tia
795 828 139 41 circa
888 828 154 41 priora
995 828 123 41 est.
1072 828 139 41 Eadem
1149 828 108 41 ratio

736 869 94 46 de
783 869 172 46 numeris
908 869 109 46 quo
971 869 125 46 quid
1049 869 172 46 praeter
1158 869 94 46 enim

738 916 206 46 quaelibet
897 916 159 46 puncta
1008 916 143 46 aliae
1087 916 159 46 vnitates

735 951 153 43 erunt,
842 951 92 43 ac
888 951 168 43 praeter
1010 951 199 43 quaelibet
1148 951 107 43 entia

737 996 215 38 sensibilia,
908 996 143 38 deinde
1009 996 157 38 praeter
1109 996 143 38 intelli-

730 1044 215 39 gibilia,
891 1044 161 39 quare
999 1044 233 39 numerorum
1160 1044 90 39 ma-

732 1084 288 39 thematicorum
966 1084 216 39 infinita
1110 1084 144 39 genera

735 1124 179 47 erunt.
861 1124 143 47 ltem
950 1124 179 47 quonam
1076 1124 143 47 modo
1147 1124 108 47 quae

735 1160 107 43 in
789 1160 322 43 dubitationibus
1039 1160 215 43 enumeraui-

734 1205 107 37 mus
795 1205 137 37 solui
886 1205 168 37 possunt
1009 1205 153 37 etenim
1116 1205 107 37 ea,
1161 1205 92 37 cir-

730 1252 93 38 ca
777 1252 124 38 quae
855 1252 217 38 Astrologia
1025 1252 124 38 est,
1103 1252 155 38 simili
1196 1252 62 38 mo

737 1284 86 56 do
780 1284 157 56 praeter
894 1284 200 56 sensibilia
1051 1284 129 56 sunt,
1137 1284 86 56 ac
1165 1284 86 56 cir-

739 1333 94 37 ca
786 1333 126 37 quae
865 1333 220 37 Geometria.
1037 1333 126 37 esse
1116 1333 126 37 vero
1179 1333 78 37 coe

731 1374 138 36 lum,
817 1374 86 36 &
852 1374 173 36 partes
973 1374 155 36 eius,
1076 1374 173 36 quonam
1180 1374 69 36 mo

735 1414 92 49 do
781 1414 199 49 possibile
934 1414 122 49 est,
1010 1414 107 49 aut
1071 1414 138 49 aliud
1148 1414 107 49 quod-

731 1460 167 38 cunque
848 1460 150 38 motum
948 1460 184 38 habens:
1065 1460 184 38 similiter

734 1494 166 44 autem
844 1494 296 44 Perspectiuae
1085 1494 92 44 &
1103 1494 148 44 Harmo-

729 1541 140 45 nicae
823 1541 171 45 obiecta
947 1541 124 45 erit
1024 1541 155 45 nanque
1133 1541 124 45 vox,
1210 1541 78 45 &

732 1583 138 44 visus
824 1583 169 44 praeter
946 1583 215 44 sensibilia
1115 1583 77 44 &
1130 1583 123 44 parti-

735 1621 169 38 cularia.
861 1621 127 38 Quare
946 1621 141 38 patet,
1044 1621 112 38 quod
1114 1621 112 38 alii
1171 1621 84 38 sen-

731 1660 104 46 sus
791 1660 149 46 etiam,
895 1660 164 46 aliaque
1014 1660 208 46 sensibilia
1163 1660 89 46 sunt

731 1702 92 52 cur
784 1702 105 52 enim
849 1702 119 52 magis
929 1702 105 52 illa
994 1702 105 52 quam
1060 1702 119 52 ista:
1139 1702 105 52 quod
1192 1702 66 52 si-

736 1744 122 50 haec
812 1744 137 50 sunt,
903 1744 183 50 animalia
1040 1744 152 50 quoque
1131 1744 122 50 erunt,

732 1789 197 38 siquidem
879 1789 82 38 &
912 1789 181 38 sensus.
1044 1789 131 38 Item
1109 1789 148 38 quaedam

731 1828 75 47 a
761 1828 240 47 Mathematicis
956 1828 255 47 vniuersaliter
1151 1828 105 47 prae
