<?xml version="1.0" encoding="UTF-8"?>
<alto xmlns:xsi="http://www.w3.org/2001/XMLSchema-instance"
      xmlns="http://www.loc.gov/standards/alto/ns-v2#"
      xmlns:page="http://schema.primaresearch.org/PAGE/gts/pagecontent/2013-07-15"
      xsi:schemaLocation="http://www.loc.gov/standards/alto/ns-v2# http://www.loc.gov/standards/alto/alto.xsd">
   <Description>
      <MeasurementUnit>pixel</MeasurementUnit>
      <OCRProcessing ID="IdOcr">
         <ocrProcessingStep>
            <processingDateTime>2020-11-21T10:33:48.621-05:00</processingDateTime>
            <processingSoftware>
               <softwareCreator>READ COOP</softwareCreator>
               <softwareName>Transkribus</softwareName>
            </processingSoftware>
         </ocrProcessingStep>
      </OCRProcessing>
   </Description>
   <Tags/>
   <Layout>
      <Page ID="Page1" PHYSICAL_IMG_NR="1" HEIGHT="2066" WIDTH="1475">
         <TopMargin HEIGHT="0" WIDTH="1475" VPOS="0" HPOS="0"/>
         <LeftMargin HEIGHT="2066" WIDTH="0" VPOS="0" HPOS="0"/>
         <RightMargin HEIGHT="2066" WIDTH="0" VPOS="0" HPOS="1475"/>
         <BottomMargin HEIGHT="0" WIDTH="1475" VPOS="2066" HPOS="0"/>
         <PrintSpace HEIGHT="2066" WIDTH="1475" VPOS="0" HPOS="0">
            <TextBlock ID="TextRegion_1604939794976_968"
                       HEIGHT="1795"
                       WIDTH="527"
                       VPOS="133"
                       HPOS="205">
               <Shape>
                  <Polygon POINTS="205,133 732,133 732,1928 205,1928"/>
               </Shape>
               <TextLine ID="line_1604939795066_971"
                         BASELINE="225"
                         HEIGHT="52"
                         WIDTH="512"
                         VPOS="173"
                         HPOS="200">
                  <String HEIGHT="52" WIDTH="64" VPOS="173" HPOS="187" CONTENT="N"/>
                  <SP HEIGHT="52" WIDTH="13" VPOS="173" HPOS="251"/>
                  <String HEIGHT="52"
                          WIDTH="192"
                          VPOS="173"
                          HPOS="213"
                          CONTENT="Mathematica"/>
                  <SP HEIGHT="52" WIDTH="13" VPOS="173" HPOS="405"/>
                  <String HEIGHT="52" WIDTH="64" VPOS="173" HPOS="366" CONTENT="&amp;"/>
                  <SP HEIGHT="52" WIDTH="13" VPOS="173" HPOS="430"/>
                  <String HEIGHT="52"
                          WIDTH="115"
                          VPOS="173"
                          HPOS="392"
                          CONTENT="entia"/>
                  <SP HEIGHT="52" WIDTH="13" VPOS="173" HPOS="507"/>
                  <String HEIGHT="52"
                          WIDTH="115"
                          VPOS="173"
                          HPOS="469"
                          CONTENT="esse,"/>
                  <SP HEIGHT="52" WIDTH="13" VPOS="173" HPOS="584"/>
                  <String HEIGHT="52" WIDTH="64" VPOS="173" HPOS="546" CONTENT="&amp;"/>
                  <SP HEIGHT="52" WIDTH="13" VPOS="173" HPOS="610"/>
                  <String HEIGHT="52" WIDTH="90" VPOS="173" HPOS="571" CONTENT="quo"/>
                  <SP HEIGHT="52" WIDTH="13" VPOS="173" HPOS="661"/>
                  <String HEIGHT="52"
                          WIDTH="102"
                          VPOS="173"
                          HPOS="610"
                          CONTENT="pacto,"/>
               </TextLine>
               <TextLine ID="r2l5"
                         BASELINE="262"
                         HEIGHT="49"
                         WIDTH="411"
                         VPOS="213"
                         HPOS="264">
                  <String HEIGHT="49" WIDTH="69" VPOS="213" HPOS="250" CONTENT="&amp;"/>
                  <SP HEIGHT="49" WIDTH="14" VPOS="213" HPOS="319"/>
                  <String HEIGHT="49" WIDTH="96" VPOS="213" HPOS="278" CONTENT="quo"/>
                  <SP HEIGHT="49" WIDTH="14" VPOS="213" HPOS="374"/>
                  <String HEIGHT="49"
                          WIDTH="110"
                          VPOS="213"
                          HPOS="333"
                          CONTENT="modo"/>
                  <SP HEIGHT="49" WIDTH="14" VPOS="213" HPOS="442"/>
                  <String HEIGHT="49" WIDTH="96" VPOS="213" HPOS="401" CONTENT="non"/>
                  <SP HEIGHT="49" WIDTH="14" VPOS="213" HPOS="497"/>
                  <String HEIGHT="49"
                          WIDTH="151"
                          VPOS="213"
                          HPOS="456"
                          CONTENT="priora,"/>
                  <SP HEIGHT="49" WIDTH="14" VPOS="213" HPOS="607"/>
                  <String HEIGHT="49" WIDTH="69" VPOS="213" HPOS="565" CONTENT="&amp;"/>
                  <SP HEIGHT="49" WIDTH="14" VPOS="213" HPOS="634"/>
                  <String HEIGHT="49"
                          WIDTH="110"
                          VPOS="213"
                          HPOS="593"
                          CONTENT="quo¬"/>
                  <SP HEIGHT="49" WIDTH="14" VPOS="213" HPOS="702"/>
                  <String HEIGHT="49" WIDTH="27" VPOS="213" HPOS="648" CONTENT=""/>
               </TextLine>
               <TextLine ID="r2l7"
                         BASELINE="298"
                         HEIGHT="44"
                         WIDTH="340"
                         VPOS="254"
                         HPOS="301">
                  <String HEIGHT="44"
                          WIDTH="101"
                          VPOS="254"
                          HPOS="288"
                          CONTENT="modo"/>
                  <SP HEIGHT="44" WIDTH="13" VPOS="254" HPOS="389"/>
                  <String HEIGHT="44"
                          WIDTH="139"
                          VPOS="254"
                          HPOS="351"
                          CONTENT="priora."/>
                  <SP HEIGHT="44" WIDTH="13" VPOS="254" HPOS="490"/>
                  <String HEIGHT="44" WIDTH="88" VPOS="254" HPOS="452" CONTENT="Vbi"/>
                  <SP HEIGHT="44" WIDTH="13" VPOS="254" HPOS="540"/>
                  <String HEIGHT="44" WIDTH="76" VPOS="254" HPOS="502" CONTENT="de"/>
                  <SP HEIGHT="44" WIDTH="13" VPOS="254" HPOS="578"/>
                  <String HEIGHT="44"
                          WIDTH="113"
                          VPOS="254"
                          HPOS="528"
                          CONTENT="Abstra"
                          SUBS_TYPE="HypPart1"
                          SUBS_CONTENT="Abstractione"/>
                  <HYP CONTENT="-"/>
               </TextLine>
               <TextLine ID="r2l9"
                         BASELINE="340"
                         HEIGHT="48"
                         WIDTH="267"
                         VPOS="292"
                         HPOS="336">
                  <String HEIGHT="48"
                          WIDTH="134"
                          VPOS="292"
                          HPOS="323"
                          CONTENT="ctione"
                          SUBS_TYPE="HypPart2"
                          SUBS_CONTENT="Abstractione"/>
                  <SP HEIGHT="48" WIDTH="13" VPOS="292" HPOS="456"/>
                  <String HEIGHT="48"
                          WIDTH="134"
                          VPOS="292"
                          HPOS="416"
                          CONTENT="multa."/>
                  <SP HEIGHT="48" WIDTH="13" VPOS="292" HPOS="550"/>
                  <String HEIGHT="48"
                          WIDTH="107"
                          VPOS="292"
                          HPOS="510"
                          CONTENT="Cap."/>
                  <SP HEIGHT="48" WIDTH="13" VPOS="292" HPOS="616"/>
                  <String HEIGHT="48" WIDTH="40" VPOS="292" HPOS="563" CONTENT="2"/>
               </TextLine>
               <TextLine ID="r2l11"
                         BASELINE="379"
                         HEIGHT="46"
                         WIDTH="441"
                         VPOS="333"
                         HPOS="275">
                  <String HEIGHT="46" WIDTH="106" VPOS="333" HPOS="257" CONTENT="Vm"/>
                  <SP HEIGHT="46" WIDTH="18" VPOS="333" HPOS="363"/>
                  <String HEIGHT="46"
                          WIDTH="141"
                          VPOS="333"
                          HPOS="310"
                          CONTENT="vero"/>
                  <SP HEIGHT="46" WIDTH="18" VPOS="333" HPOS="451"/>
                  <String HEIGHT="46" WIDTH="123" VPOS="333" HPOS="398" CONTENT="nec"/>
                  <SP HEIGHT="46" WIDTH="18" VPOS="333" HPOS="522"/>
                  <String HEIGHT="46" WIDTH="106" VPOS="333" HPOS="469" CONTENT="in"/>
                  <SP HEIGHT="46" WIDTH="18" VPOS="333" HPOS="575"/>
                  <String HEIGHT="46"
                          WIDTH="212"
                          VPOS="333"
                          HPOS="504"
                          CONTENT="sensibili"
                          SUBS_TYPE="HypPart1"
                          SUBS_CONTENT="sensibilibus"/>
                  <HYP CONTENT="-"/>
               </TextLine>
               <TextLine ID="r2l13"
                         BASELINE="426"
                         HEIGHT="50"
                         WIDTH="393"
                         VPOS="376"
                         HPOS="313">
                  <String HEIGHT="50"
                          WIDTH="110"
                          VPOS="376"
                          HPOS="297"
                          CONTENT="bus"
                          SUBS_TYPE="HypPart2"
                          SUBS_CONTENT="sensibilibus"/>
                  <SP HEIGHT="50" WIDTH="16" VPOS="376" HPOS="407"/>
                  <String HEIGHT="50" WIDTH="94" VPOS="376" HPOS="360" CONTENT="ea"/>
                  <SP HEIGHT="50" WIDTH="16" VPOS="376" HPOS="454"/>
                  <String HEIGHT="50"
                          WIDTH="126"
                          VPOS="376"
                          HPOS="407"
                          CONTENT="esse"/>
                  <SP HEIGHT="50" WIDTH="16" VPOS="376" HPOS="533"/>
                  <String HEIGHT="50"
                          WIDTH="220"
                          VPOS="376"
                          HPOS="486"
                          CONTENT="contingat,"/>
                  <SP HEIGHT="50" WIDTH="16" VPOS="376" HPOS="706"/>
                  <String HEIGHT="50" WIDTH="63" VPOS="376" HPOS="643" CONTENT="ma"/>
               </TextLine>
               <TextLine ID="r2l16"
                         BASELINE="466"
                         HEIGHT="49"
                         WIDTH="391"
                         VPOS="417"
                         HPOS="314">
                  <String HEIGHT="49"
                          WIDTH="180"
                          VPOS="417"
                          HPOS="299"
                          CONTENT="nifestum"/>
                  <SP HEIGHT="49" WIDTH="15" VPOS="417" HPOS="479"/>
                  <String HEIGHT="49" WIDTH="105" VPOS="417" HPOS="434" CONTENT="est"/>
                  <SP HEIGHT="49" WIDTH="15" VPOS="417" HPOS="540"/>
                  <String HEIGHT="49"
                          WIDTH="120"
                          VPOS="417"
                          HPOS="494"
                          CONTENT="quod"/>
                  <SP HEIGHT="49" WIDTH="15" VPOS="417" HPOS="615"/>
                  <String HEIGHT="49" WIDTH="105" VPOS="417" HPOS="570" CONTENT="aut"/>
                  <SP HEIGHT="49" WIDTH="15" VPOS="417" HPOS="675"/>
                  <String HEIGHT="49" WIDTH="90" VPOS="417" HPOS="615" CONTENT="omni"/>
               </TextLine>
               <TextLine ID="r2l18"
                         BASELINE="504"
                         HEIGHT="46"
                         WIDTH="496"
                         VPOS="458"
                         HPOS="221">
                  <String HEIGHT="46" WIDTH="103" VPOS="458" HPOS="204" CONTENT="no"/>
                  <SP HEIGHT="46" WIDTH="17" VPOS="458" HPOS="307"/>
                  <String HEIGHT="46" WIDTH="120" VPOS="458" HPOS="255" CONTENT="non"/>
                  <SP HEIGHT="46" WIDTH="17" VPOS="458" HPOS="375"/>
                  <String HEIGHT="46"
                          WIDTH="154"
                          VPOS="458"
                          HPOS="324"
                          CONTENT="sunt,"/>
                  <SP HEIGHT="46" WIDTH="17" VPOS="458" HPOS="478"/>
                  <String HEIGHT="46" WIDTH="120" VPOS="458" HPOS="426" CONTENT="aut"/>
                  <SP HEIGHT="46" WIDTH="17" VPOS="458" HPOS="546"/>
                  <String HEIGHT="46"
                          WIDTH="137"
                          VPOS="458"
                          HPOS="495"
                          CONTENT="modo"/>
                  <SP HEIGHT="46" WIDTH="17" VPOS="458" HPOS="631"/>
                  <String HEIGHT="46"
                          WIDTH="171"
                          VPOS="458"
                          HPOS="580"
                          CONTENT="quodam"/>
                  <SP HEIGHT="46" WIDTH="17" VPOS="458" HPOS="751"/>
                  <String HEIGHT="46" WIDTH="34" VPOS="458" HPOS="683" CONTENT=""/>
               </TextLine>
               <TextLine ID="r2l20"
                         BASELINE="546"
                         HEIGHT="45"
                         WIDTH="490"
                         VPOS="501"
                         HPOS="222">
                  <String HEIGHT="45"
                          WIDTH="123"
                          VPOS="501"
                          HPOS="208"
                          CONTENT="sunt,"/>
                  <SP HEIGHT="45" WIDTH="14" VPOS="501" HPOS="331"/>
                  <String HEIGHT="45" WIDTH="68" VPOS="501" HPOS="290" CONTENT="&amp;"/>
                  <SP HEIGHT="45" WIDTH="14" VPOS="501" HPOS="358"/>
                  <String HEIGHT="45" WIDTH="82" VPOS="501" HPOS="317" CONTENT="ob"/>
                  <SP HEIGHT="45" WIDTH="14" VPOS="501" HPOS="399"/>
                  <String HEIGHT="45" WIDTH="95" VPOS="501" HPOS="358" CONTENT="hoc"/>
                  <SP HEIGHT="45" WIDTH="14" VPOS="501" HPOS="453"/>
                  <String HEIGHT="45" WIDTH="95" VPOS="501" HPOS="413" CONTENT="non"/>
                  <SP HEIGHT="45" WIDTH="14" VPOS="501" HPOS="508"/>
                  <String HEIGHT="45"
                          WIDTH="204"
                          VPOS="501"
                          HPOS="467"
                          CONTENT="simpliciter"/>
                  <SP HEIGHT="45" WIDTH="14" VPOS="501" HPOS="671"/>
                  <String HEIGHT="45"
                          WIDTH="95"
                          VPOS="501"
                          HPOS="617"
                          CONTENT="sunt,"/>
               </TextLine>
               <TextLine ID="r2l22"
                         BASELINE="586"
                         HEIGHT="42"
                         WIDTH="494"
                         VPOS="544"
                         HPOS="219">
                  <String HEIGHT="42"
                          WIDTH="227"
                          VPOS="544"
                          HPOS="206"
                          CONTENT="multipliciter"/>
                  <SP HEIGHT="42" WIDTH="13" VPOS="544" HPOS="433"/>
                  <String HEIGHT="42"
                          WIDTH="134"
                          VPOS="544"
                          HPOS="393"
                          CONTENT="nanque"/>
                  <SP HEIGHT="42" WIDTH="13" VPOS="544" HPOS="526"/>
                  <String HEIGHT="42"
                          WIDTH="120"
                          VPOS="544"
                          HPOS="486"
                          CONTENT="ipsum"/>
                  <SP HEIGHT="42" WIDTH="13" VPOS="544" HPOS="606"/>
                  <String HEIGHT="42"
                          WIDTH="107"
                          VPOS="544"
                          HPOS="566"
                          CONTENT="esse"/>
                  <SP HEIGHT="42" WIDTH="13" VPOS="544" HPOS="673"/>
                  <String HEIGHT="42"
                          WIDTH="93"
                          VPOS="544"
                          HPOS="620"
                          CONTENT="dici"
                          SUBS_TYPE="HypPart1"
                          SUBS_CONTENT="dicimus."/>
                  <HYP CONTENT="-"/>
               </TextLine>
               <TextLine ID="r2l24"
                         BASELINE="626"
                         HEIGHT="43"
                         WIDTH="492"
                         VPOS="583"
                         HPOS="222">
                  <String HEIGHT="43"
                          WIDTH="151"
                          VPOS="583"
                          HPOS="203"
                          CONTENT="mus."
                          SUBS_TYPE="HypPart2"
                          SUBS_CONTENT="dicimus."/>
                  <SP HEIGHT="43" WIDTH="19" VPOS="583" HPOS="354"/>
                  <String HEIGHT="43"
                          WIDTH="284"
                          VPOS="583"
                          HPOS="298"
                          CONTENT="Quemadmodum"/>
                  <SP HEIGHT="43" WIDTH="19" VPOS="583" HPOS="582"/>
                  <String HEIGHT="43"
                          WIDTH="151"
                          VPOS="583"
                          HPOS="525"
                          CONTENT="enim"/>
                  <SP HEIGHT="43" WIDTH="19" VPOS="583" HPOS="676"/>
                  <String HEIGHT="43"
                          WIDTH="114"
                          VPOS="583"
                          HPOS="600"
                          CONTENT="vni"
                          SUBS_TYPE="HypPart1"
                          SUBS_CONTENT="vniuersalia"/>
                  <HYP CONTENT="-"/>
               </TextLine>
               <TextLine ID="r2l26"
                         BASELINE="666"
                         HEIGHT="42"
                         WIDTH="484"
                         VPOS="624"
                         HPOS="226">
                  <String HEIGHT="42"
                          WIDTH="182"
                          VPOS="624"
                          HPOS="211"
                          CONTENT="uersalia"
                          SUBS_TYPE="HypPart2"
                          SUBS_CONTENT="vniuersalia"/>
                  <SP HEIGHT="42" WIDTH="15" VPOS="624" HPOS="392"/>
                  <String HEIGHT="42" WIDTH="91" VPOS="624" HPOS="347" CONTENT="in"/>
                  <SP HEIGHT="42" WIDTH="15" VPOS="624" HPOS="438"/>
                  <String HEIGHT="42"
                          WIDTH="242"
                          VPOS="624"
                          HPOS="392"
                          CONTENT="Mathematicis"/>
                  <SP HEIGHT="42" WIDTH="15" VPOS="624" HPOS="634"/>
                  <String HEIGHT="42" WIDTH="106" VPOS="624" HPOS="589" CONTENT="non"/>
                  <SP HEIGHT="42" WIDTH="15" VPOS="624" HPOS="695"/>
                  <String HEIGHT="42" WIDTH="76" VPOS="624" HPOS="634" CONTENT="sun"/>
               </TextLine>
               <TextLine ID="r2l28"
                         BASELINE="714"
                         HEIGHT="47"
                         WIDTH="490"
                         VPOS="667"
                         HPOS="227">
                  <String HEIGHT="47" WIDTH="95" VPOS="667" HPOS="211" CONTENT="de"/>
                  <SP HEIGHT="47" WIDTH="16" VPOS="667" HPOS="306"/>
                  <String HEIGHT="47"
                          WIDTH="205"
                          VPOS="667"
                          HPOS="259"
                          CONTENT="separatis"/>
                  <SP HEIGHT="47" WIDTH="16" VPOS="667" HPOS="464"/>
                  <String HEIGHT="47"
                          WIDTH="174"
                          VPOS="667"
                          HPOS="417"
                          CONTENT="praeter"/>
                  <SP HEIGHT="47" WIDTH="16" VPOS="667" HPOS="591"/>
                  <String HEIGHT="47"
                          WIDTH="190"
                          VPOS="667"
                          HPOS="527"
                          CONTENT="magnitudi"
                          SUBS_TYPE="HypPart1"
                          SUBS_CONTENT="magnitudines,"/>
                  <HYP CONTENT="-"/>
               </TextLine>
               <TextLine ID="r2l30"
                         BASELINE="754"
                         HEIGHT="46"
                         WIDTH="488"
                         VPOS="708"
                         HPOS="228">
                  <String HEIGHT="46"
                          WIDTH="130"
                          VPOS="708"
                          HPOS="212"
                          CONTENT="nes,"
                          SUBS_TYPE="HypPart2"
                          SUBS_CONTENT="magnitudines,"/>
                  <SP HEIGHT="46" WIDTH="16" VPOS="708" HPOS="342"/>
                  <String HEIGHT="46"
                          WIDTH="244"
                          VPOS="708"
                          HPOS="293"
                          CONTENT="numerosque,"/>
                  <SP HEIGHT="46" WIDTH="16" VPOS="708" HPOS="537"/>
                  <String HEIGHT="46"
                          WIDTH="146"
                          VPOS="708"
                          HPOS="488"
                          CONTENT="verum"/>
                  <SP HEIGHT="46" WIDTH="16" VPOS="708" HPOS="635"/>
                  <String HEIGHT="46" WIDTH="98" VPOS="708" HPOS="586" CONTENT="de"/>
                  <SP HEIGHT="46" WIDTH="16" VPOS="708" HPOS="683"/>
                  <String HEIGHT="46" WIDTH="98" VPOS="708" HPOS="618" CONTENT="his,"/>
               </TextLine>
               <TextLine ID="r2l32"
                         BASELINE="803"
                         HEIGHT="54"
                         WIDTH="494"
                         VPOS="749"
                         HPOS="227">
                  <String HEIGHT="54"
                          WIDTH="191"
                          VPOS="749"
                          HPOS="211"
                          CONTENT="quanquam"/>
                  <SP HEIGHT="54" WIDTH="16" VPOS="749" HPOS="402"/>
                  <String HEIGHT="54" WIDTH="112" VPOS="749" HPOS="354" CONTENT="non"/>
                  <SP HEIGHT="54" WIDTH="16" VPOS="749" HPOS="466"/>
                  <String HEIGHT="54"
                          WIDTH="191"
                          VPOS="749"
                          HPOS="418"
                          CONTENT="quatenus"/>
                  <SP HEIGHT="54" WIDTH="16" VPOS="749" HPOS="609"/>
                  <String HEIGHT="54"
                          WIDTH="159"
                          VPOS="749"
                          HPOS="562"
                          CONTENT="talia,"/>
                  <SP HEIGHT="54" WIDTH="16" VPOS="749" HPOS="721"/>
                  <String HEIGHT="54" WIDTH="64" VPOS="749" HPOS="657" CONTENT="vt"/>
               </TextLine>
               <TextLine ID="r2l34"
                         BASELINE="834"
                         HEIGHT="39"
                         WIDTH="497"
                         VPOS="795"
                         HPOS="222">
                  <String HEIGHT="39"
                          WIDTH="257"
                          VPOS="795"
                          HPOS="206"
                          CONTENT="magnitudinem"/>
                  <SP HEIGHT="39" WIDTH="16" VPOS="795" HPOS="462"/>
                  <String HEIGHT="39"
                          WIDTH="192"
                          VPOS="795"
                          HPOS="414"
                          CONTENT="habeant,"/>
                  <SP HEIGHT="39" WIDTH="16" VPOS="795" HPOS="607"/>
                  <String HEIGHT="39" WIDTH="112" VPOS="795" HPOS="559" CONTENT="aut"/>
                  <SP HEIGHT="39" WIDTH="16" VPOS="795" HPOS="671"/>
                  <String HEIGHT="39"
                          WIDTH="112"
                          VPOS="795"
                          HPOS="607"
                          CONTENT="diui"
                          SUBS_TYPE="HypPart1"
                          SUBS_CONTENT="diuisibilia"/>
                  <HYP CONTENT="-"/>
               </TextLine>
               <TextLine ID="r2l36"
                         BASELINE="874"
                         HEIGHT="44"
                         WIDTH="494"
                         VPOS="830"
                         HPOS="216">
                  <String HEIGHT="44"
                          WIDTH="151"
                          VPOS="830"
                          HPOS="202"
                          CONTENT="sibilia"
                          SUBS_TYPE="HypPart2"
                          SUBS_CONTENT="diuisibilia"/>
                  <SP HEIGHT="44" WIDTH="14" VPOS="830" HPOS="353"/>
                  <String HEIGHT="44"
                          WIDTH="124"
                          VPOS="830"
                          HPOS="312"
                          CONTENT="sint,"/>
                  <SP HEIGHT="44" WIDTH="14" VPOS="830" HPOS="436"/>
                  <String HEIGHT="44"
                          WIDTH="124"
                          VPOS="830"
                          HPOS="394"
                          CONTENT="patet"/>
                  <SP HEIGHT="44" WIDTH="14" VPOS="830" HPOS="518"/>
                  <String HEIGHT="44"
                          WIDTH="110"
                          VPOS="830"
                          HPOS="477"
                          CONTENT="quod"/>
                  <SP HEIGHT="44" WIDTH="14" VPOS="830" HPOS="587"/>
                  <String HEIGHT="44"
                          WIDTH="124"
                          VPOS="830"
                          HPOS="545"
                          CONTENT="etiam"/>
                  <SP HEIGHT="44" WIDTH="14" VPOS="830" HPOS="669"/>
                  <String HEIGHT="44" WIDTH="82" VPOS="830" HPOS="628" CONTENT="de"/>
                  <SP HEIGHT="44" WIDTH="14" VPOS="830" HPOS="710"/>
                  <String HEIGHT="44" WIDTH="55" VPOS="830" HPOS="655" CONTENT="ma"/>
               </TextLine>
               <TextLine ID="r2l38"
                         BASELINE="922"
                         HEIGHT="38"
                         WIDTH="492"
                         VPOS="884"
                         HPOS="222">
                  <String HEIGHT="38"
                          WIDTH="254"
                          VPOS="884"
                          HPOS="206"
                          CONTENT="gnitudinibus"/>
                  <SP HEIGHT="38" WIDTH="16" VPOS="884" HPOS="460"/>
                  <String HEIGHT="38"
                          WIDTH="254"
                          VPOS="884"
                          HPOS="412"
                          CONTENT="sensibilibus"/>
                  <SP HEIGHT="38" WIDTH="16" VPOS="884" HPOS="666"/>
                  <String HEIGHT="38"
                          WIDTH="111"
                          VPOS="884"
                          HPOS="603"
                          CONTENT="ratio"/>
               </TextLine>
               <TextLine ID="r2l40"
                         BASELINE="962"
                         HEIGHT="45"
                         WIDTH="501"
                         VPOS="917"
                         HPOS="212">
                  <String HEIGHT="45" WIDTH="117" VPOS="917" HPOS="195" CONTENT="nes"/>
                  <SP HEIGHT="45" WIDTH="17" VPOS="917" HPOS="312"/>
                  <String HEIGHT="45" WIDTH="84" VPOS="917" HPOS="262" CONTENT="&amp;"/>
                  <SP HEIGHT="45" WIDTH="17" VPOS="917" HPOS="346"/>
                  <String HEIGHT="45"
                          WIDTH="317"
                          VPOS="917"
                          HPOS="295"
                          CONTENT="demonstrationes"/>
                  <SP HEIGHT="45" WIDTH="17" VPOS="917" HPOS="613"/>
                  <String HEIGHT="45"
                          WIDTH="150"
                          VPOS="917"
                          HPOS="563"
                          CONTENT="sunt:"/>
                  <SP HEIGHT="45" WIDTH="17" VPOS="917" HPOS="713"/>
                  <String HEIGHT="45" WIDTH="67" VPOS="917" HPOS="646" CONTENT="ve"/>
               </TextLine>
               <TextLine ID="r2l42"
                         BASELINE="1010"
                         HEIGHT="54"
                         WIDTH="501"
                         VPOS="956"
                         HPOS="214">
                  <String HEIGHT="54" WIDTH="106" VPOS="956" HPOS="199" CONTENT="rum"/>
                  <SP HEIGHT="54" WIDTH="15" VPOS="956" HPOS="305"/>
                  <String HEIGHT="54" WIDTH="106" VPOS="956" HPOS="260" CONTENT="non"/>
                  <SP HEIGHT="54" WIDTH="15" VPOS="956" HPOS="366"/>
                  <String HEIGHT="54"
                          WIDTH="137"
                          VPOS="956"
                          HPOS="320"
                          CONTENT="prout"/>
                  <SP HEIGHT="54" WIDTH="15" VPOS="956" HPOS="457"/>
                  <String HEIGHT="54"
                          WIDTH="228"
                          VPOS="956"
                          HPOS="411"
                          CONTENT="sensibiles,"/>
                  <SP HEIGHT="54" WIDTH="15" VPOS="956" HPOS="639"/>
                  <String HEIGHT="54" WIDTH="106" VPOS="956" HPOS="594" CONTENT="sed"/>
                  <SP HEIGHT="54" WIDTH="15" VPOS="956" HPOS="700"/>
                  <String HEIGHT="54" WIDTH="76" VPOS="956" HPOS="639" CONTENT="pui"/>
               </TextLine>
               <TextLine ID="r2l44"
                         BASELINE="1042"
                         HEIGHT="38"
                         WIDTH="503"
                         VPOS="1004"
                         HPOS="216">
                  <String HEIGHT="38"
                          WIDTH="162"
                          VPOS="1004"
                          HPOS="198"
                          CONTENT="tales"/>
                  <SP HEIGHT="38" WIDTH="18" VPOS="1004" HPOS="360"/>
                  <String HEIGHT="38"
                          WIDTH="162"
                          VPOS="1004"
                          HPOS="306"
                          CONTENT="sunt."/>
                  <SP HEIGHT="38" WIDTH="18" VPOS="1004" HPOS="467"/>
                  <String HEIGHT="38"
                          WIDTH="269"
                          VPOS="1004"
                          HPOS="414"
                          CONTENT="quemadmodum"/>
                  <SP HEIGHT="38" WIDTH="18" VPOS="1004" HPOS="683"/>
                  <String HEIGHT="38"
                          WIDTH="108"
                          VPOS="1004"
                          HPOS="611"
                          CONTENT="enim"/>
               </TextLine>
               <TextLine ID="r2l46"
                         BASELINE="1090"
                         HEIGHT="45"
                         WIDTH="482"
                         VPOS="1045"
                         HPOS="223">
                  <String HEIGHT="45"
                          WIDTH="145"
                          VPOS="1045"
                          HPOS="207"
                          CONTENT="prout"/>
                  <SP HEIGHT="45" WIDTH="16" VPOS="1045" HPOS="352"/>
                  <String HEIGHT="45"
                          WIDTH="129"
                          VPOS="1045"
                          HPOS="303"
                          CONTENT="mota"/>
                  <SP HEIGHT="45" WIDTH="16" VPOS="1045" HPOS="432"/>
                  <String HEIGHT="45"
                          WIDTH="145"
                          VPOS="1045"
                          HPOS="384"
                          CONTENT="solum"/>
                  <SP HEIGHT="45" WIDTH="16" VPOS="1045" HPOS="528"/>
                  <String HEIGHT="45"
                          WIDTH="161"
                          VPOS="1045"
                          HPOS="480"
                          CONTENT="multae"/>
                  <SP HEIGHT="45" WIDTH="16" VPOS="1045" HPOS="641"/>
                  <String HEIGHT="45"
                          WIDTH="129"
                          VPOS="1045"
                          HPOS="576"
                          CONTENT="ratio,"/>
               </TextLine>
               <TextLine ID="r2l48"
                         BASELINE="1130"
                         HEIGHT="50"
                         WIDTH="495"
                         VPOS="1080"
                         HPOS="212">
                  <String HEIGHT="50" WIDTH="91" VPOS="1080" HPOS="199" CONTENT="nes"/>
                  <SP HEIGHT="50" WIDTH="13" VPOS="1080" HPOS="290"/>
                  <String HEIGHT="50"
                          WIDTH="117"
                          VPOS="1080"
                          HPOS="251"
                          CONTENT="sunt,"/>
                  <SP HEIGHT="50" WIDTH="13" VPOS="1080" HPOS="368"/>
                  <String HEIGHT="50"
                          WIDTH="130"
                          VPOS="1080"
                          HPOS="329"
                          CONTENT="absque"/>
                  <SP HEIGHT="50" WIDTH="13" VPOS="1080" HPOS="460"/>
                  <String HEIGHT="50" WIDTH="78" VPOS="1080" HPOS="420" CONTENT="eo"/>
                  <SP HEIGHT="50" WIDTH="13" VPOS="1080" HPOS="499"/>
                  <String HEIGHT="50"
                          WIDTH="104"
                          VPOS="1080"
                          HPOS="460"
                          CONTENT="quod"/>
                  <SP HEIGHT="50" WIDTH="13" VPOS="1080" HPOS="564"/>
                  <String HEIGHT="50"
                          WIDTH="104"
                          VPOS="1080"
                          HPOS="525"
                          CONTENT="quid"/>
                  <SP HEIGHT="50" WIDTH="13" VPOS="1080" HPOS="629"/>
                  <String HEIGHT="50" WIDTH="91" VPOS="1080" HPOS="590" CONTENT="sit"/>
                  <SP HEIGHT="50" WIDTH="13" VPOS="1080" HPOS="681"/>
                  <String HEIGHT="50"
                          WIDTH="78"
                          VPOS="1080"
                          HPOS="629"
                          CONTENT="vnum"/>
               </TextLine>
               <TextLine ID="r2l50"
                         BASELINE="1172"
                         HEIGHT="46"
                         WIDTH="495"
                         VPOS="1126"
                         HPOS="220">
                  <String HEIGHT="46"
                          WIDTH="165"
                          VPOS="1126"
                          HPOS="205"
                          CONTENT="quodque"/>
                  <SP HEIGHT="46" WIDTH="15" VPOS="1126" HPOS="370"/>
                  <String HEIGHT="46"
                          WIDTH="150"
                          VPOS="1126"
                          HPOS="325"
                          CONTENT="eorum,"/>
                  <SP HEIGHT="46" WIDTH="15" VPOS="1126" HPOS="475"/>
                  <String HEIGHT="46" WIDTH="90" VPOS="1126" HPOS="430" CONTENT="ac"/>
                  <SP HEIGHT="46" WIDTH="15" VPOS="1126" HPOS="520"/>
                  <String HEIGHT="46"
                          WIDTH="105"
                          VPOS="1126"
                          HPOS="475"
                          CONTENT="eis"/>
                  <SP HEIGHT="46" WIDTH="15" VPOS="1126" HPOS="580"/>
                  <String HEIGHT="46"
                          WIDTH="195"
                          VPOS="1126"
                          HPOS="520"
                          CONTENT="accidentium"/>
               </TextLine>
               <TextLine ID="r2l52"
                         BASELINE="1210"
                         HEIGHT="45"
                         WIDTH="498"
                         VPOS="1165"
                         HPOS="215">
                  <String HEIGHT="45"
                          WIDTH="273"
                          VPOS="1165"
                          HPOS="199"
                          CONTENT="consyderetur,"/>
                  <SP HEIGHT="45" WIDTH="16" VPOS="1165" HPOS="472"/>
                  <String HEIGHT="45" WIDTH="80" VPOS="1165" HPOS="424" CONTENT="&amp;"/>
                  <SP HEIGHT="45" WIDTH="16" VPOS="1165" HPOS="504"/>
                  <String HEIGHT="45"
                          WIDTH="112"
                          VPOS="1165"
                          HPOS="456"
                          CONTENT="non"/>
                  <SP HEIGHT="45" WIDTH="16" VPOS="1165" HPOS="568"/>
                  <String HEIGHT="45"
                          WIDTH="112"
                          VPOS="1165"
                          HPOS="520"
                          CONTENT="est"/>
                  <SP HEIGHT="45" WIDTH="16" VPOS="1165" HPOS="633"/>
                  <String HEIGHT="45"
                          WIDTH="145"
                          VPOS="1165"
                          HPOS="568"
                          CONTENT="necesse"/>
               </TextLine>
               <TextLine ID="r2l54"
                         BASELINE="1257"
                         HEIGHT="49"
                         WIDTH="490"
                         VPOS="1208"
                         HPOS="216">
                  <String HEIGHT="49"
                          WIDTH="212"
                          VPOS="1208"
                          HPOS="200"
                          CONTENT="propterea"/>
                  <SP HEIGHT="49" WIDTH="16" VPOS="1208" HPOS="412"/>
                  <String HEIGHT="49"
                          WIDTH="131"
                          VPOS="1208"
                          HPOS="363"
                          CONTENT="idem"/>
                  <SP HEIGHT="49" WIDTH="16" VPOS="1208" HPOS="494"/>
                  <String HEIGHT="49"
                          WIDTH="180"
                          VPOS="1208"
                          HPOS="445"
                          CONTENT="aliquid"/>
                  <SP HEIGHT="49" WIDTH="16" VPOS="1208" HPOS="624"/>
                  <String HEIGHT="49"
                          WIDTH="147"
                          VPOS="1208"
                          HPOS="575"
                          CONTENT="motum"/>
                  <SP HEIGHT="49" WIDTH="16" VPOS="1208" HPOS="722"/>
                  <String HEIGHT="49" WIDTH="49" VPOS="1208" HPOS="657" CONTENT="a"/>
               </TextLine>
               <TextLine ID="r2l56"
                         BASELINE="1299"
                         HEIGHT="50"
                         WIDTH="495"
                         VPOS="1249"
                         HPOS="218">
                  <String HEIGHT="50"
                          WIDTH="248"
                          VPOS="1249"
                          HPOS="203"
                          CONTENT="sensibilibus"/>
                  <SP HEIGHT="50" WIDTH="15" VPOS="1249" HPOS="450"/>
                  <String HEIGHT="50"
                          WIDTH="201"
                          VPOS="1249"
                          HPOS="404"
                          CONTENT="separatum"/>
                  <SP HEIGHT="50" WIDTH="15" VPOS="1249" HPOS="605"/>
                  <String HEIGHT="50"
                          WIDTH="139"
                          VPOS="1249"
                          HPOS="558"
                          CONTENT="esse,"/>
                  <SP HEIGHT="50" WIDTH="15" VPOS="1249" HPOS="698"/>
                  <String HEIGHT="50" WIDTH="77" VPOS="1249" HPOS="636" CONTENT="vel"/>
               </TextLine>
               <TextLine ID="r2l58"
                         BASELINE="1348"
                         HEIGHT="55"
                         WIDTH="501"
                         VPOS="1293"
                         HPOS="208">
                  <String HEIGHT="55" WIDTH="100" VPOS="1293" HPOS="191" CONTENT="in"/>
                  <SP HEIGHT="55" WIDTH="17" VPOS="1293" HPOS="292"/>
                  <String HEIGHT="55"
                          WIDTH="117"
                          VPOS="1293"
                          HPOS="241"
                          CONTENT="eis"/>
                  <SP HEIGHT="55" WIDTH="17" VPOS="1293" HPOS="358"/>
                  <String HEIGHT="55"
                          WIDTH="184"
                          VPOS="1293"
                          HPOS="308"
                          CONTENT="aliquam"/>
                  <SP HEIGHT="55" WIDTH="17" VPOS="1293" HPOS="492"/>
                  <String HEIGHT="55"
                          WIDTH="184"
                          VPOS="1293"
                          HPOS="442"
                          CONTENT="naturam"/>
                  <SP HEIGHT="55" WIDTH="17" VPOS="1293" HPOS="626"/>
                  <String HEIGHT="55"
                          WIDTH="150"
                          VPOS="1293"
                          HPOS="559"
                          CONTENT="segrega"/>
               </TextLine>
               <TextLine ID="r2l60"
                         BASELINE="1378"
                         HEIGHT="38"
                         WIDTH="484"
                         VPOS="1340"
                         HPOS="217">
                  <String HEIGHT="38"
                          WIDTH="106"
                          VPOS="1340"
                          HPOS="202"
                          CONTENT="tam"/>
                  <SP HEIGHT="38" WIDTH="15" VPOS="1340" HPOS="308"/>
                  <String HEIGHT="38"
                          WIDTH="136"
                          VPOS="1340"
                          HPOS="262"
                          CONTENT="esse:"/>
                  <SP HEIGHT="38" WIDTH="15" VPOS="1340" HPOS="399"/>
                  <String HEIGHT="38"
                          WIDTH="106"
                          VPOS="1340"
                          HPOS="353"
                          CONTENT="ita"/>
                  <SP HEIGHT="38" WIDTH="15" VPOS="1340" HPOS="459"/>
                  <String HEIGHT="38" WIDTH="91" VPOS="1340" HPOS="414" CONTENT="de"/>
                  <SP HEIGHT="38" WIDTH="15" VPOS="1340" HPOS="504"/>
                  <String HEIGHT="38"
                          WIDTH="121"
                          VPOS="1340"
                          HPOS="459"
                          CONTENT="his,"/>
                  <SP HEIGHT="38" WIDTH="15" VPOS="1340" HPOS="580"/>
                  <String HEIGHT="38"
                          WIDTH="121"
                          VPOS="1340"
                          HPOS="535"
                          CONTENT="quae"/>
                  <SP HEIGHT="38" WIDTH="15" VPOS="1340" HPOS="656"/>
                  <String HEIGHT="38"
                          WIDTH="106"
                          VPOS="1340"
                          HPOS="595"
                          CONTENT="mouen"/>
               </TextLine>
               <TextLine ID="line_1604939795069_973"
                         BASELINE="1427"
                         HEIGHT="47"
                         WIDTH="516"
                         VPOS="1380"
                         HPOS="200">
                  <String HEIGHT="47"
                          WIDTH="117"
                          VPOS="1380"
                          HPOS="183"
                          CONTENT="tur"/>
                  <SP HEIGHT="47" WIDTH="17" VPOS="1380" HPOS="300"/>
                  <String HEIGHT="47"
                          WIDTH="150"
                          VPOS="1380"
                          HPOS="250"
                          CONTENT="etiam"/>
                  <SP HEIGHT="47" WIDTH="17" VPOS="1380" HPOS="400"/>
                  <String HEIGHT="47"
                          WIDTH="150"
                          VPOS="1380"
                          HPOS="350"
                          CONTENT="erunt"/>
                  <SP HEIGHT="47" WIDTH="17" VPOS="1380" HPOS="500"/>
                  <String HEIGHT="47"
                          WIDTH="216"
                          VPOS="1380"
                          HPOS="450"
                          CONTENT="rationes,"/>
                  <SP HEIGHT="47" WIDTH="17" VPOS="1380" HPOS="666"/>
                  <String HEIGHT="47"
                          WIDTH="117"
                          VPOS="1380"
                          HPOS="599"
                          CONTENT="atque"/>
               </TextLine>
               <TextLine ID="r2l64"
                         BASELINE="1458"
                         HEIGHT="37"
                         WIDTH="502"
                         VPOS="1421"
                         HPOS="208">
                  <String HEIGHT="37"
                          WIDTH="242"
                          VPOS="1421"
                          HPOS="191"
                          CONTENT="scientiae,"/>
                  <SP HEIGHT="37" WIDTH="17" VPOS="1421" HPOS="433"/>
                  <String HEIGHT="37"
                          WIDTH="121"
                          VPOS="1421"
                          HPOS="381"
                          CONTENT="non"/>
                  <SP HEIGHT="37" WIDTH="17" VPOS="1421" HPOS="502"/>
                  <String HEIGHT="37"
                          WIDTH="156"
                          VPOS="1421"
                          HPOS="450"
                          CONTENT="tamen"/>
                  <SP HEIGHT="37" WIDTH="17" VPOS="1421" HPOS="606"/>
                  <String HEIGHT="37"
                          WIDTH="173"
                          VPOS="1421"
                          HPOS="537"
                          CONTENT="quatenus"/>
               </TextLine>
               <TextLine ID="r2l66"
                         BASELINE="1498"
                         HEIGHT="29"
                         WIDTH="494"
                         VPOS="1469"
                         HPOS="212">
                  <String HEIGHT="29"
                          WIDTH="165"
                          VPOS="1469"
                          HPOS="194"
                          CONTENT="mota,"/>
                  <SP HEIGHT="29" WIDTH="18" VPOS="1469" HPOS="358"/>
                  <String HEIGHT="29"
                          WIDTH="165"
                          VPOS="1469"
                          HPOS="303"
                          CONTENT="verum"/>
                  <SP HEIGHT="29" WIDTH="18" VPOS="1469" HPOS="468"/>
                  <String HEIGHT="29"
                          WIDTH="220"
                          VPOS="1469"
                          HPOS="413"
                          CONTENT="quatenus"/>
                  <SP HEIGHT="29" WIDTH="18" VPOS="1469" HPOS="633"/>
                  <String HEIGHT="29"
                          WIDTH="146"
                          VPOS="1469"
                          HPOS="560"
                          CONTENT="corpo"
                          SUBS_TYPE="HypPart1"
                          SUBS_CONTENT="corpora"/>
                  <HYP CONTENT="-"/>
               </TextLine>
               <TextLine ID="r2l68"
                         BASELINE="1547"
                         HEIGHT="46"
                         WIDTH="487"
                         VPOS="1501"
                         HPOS="208">
                  <String HEIGHT="46"
                          WIDTH="97"
                          VPOS="1501"
                          HPOS="192"
                          CONTENT="ra"
                          SUBS_TYPE="HypPart2"
                          SUBS_CONTENT="corpora"/>
                  <SP HEIGHT="46" WIDTH="16" VPOS="1501" HPOS="289"/>
                  <String HEIGHT="46"
                          WIDTH="179"
                          VPOS="1501"
                          HPOS="240"
                          CONTENT="tantum,"/>
                  <SP HEIGHT="46" WIDTH="16" VPOS="1501" HPOS="419"/>
                  <String HEIGHT="46" WIDTH="81" VPOS="1501" HPOS="370" CONTENT="&amp;"/>
                  <SP HEIGHT="46" WIDTH="16" VPOS="1501" HPOS="452"/>
                  <String HEIGHT="46"
                          WIDTH="162"
                          VPOS="1501"
                          HPOS="403"
                          CONTENT="rursus"/>
                  <SP HEIGHT="46" WIDTH="16" VPOS="1501" HPOS="565"/>
                  <String HEIGHT="46"
                          WIDTH="146"
                          VPOS="1501"
                          HPOS="516"
                          CONTENT="prout"/>
                  <SP HEIGHT="46" WIDTH="16" VPOS="1501" HPOS="663"/>
                  <String HEIGHT="46"
                          WIDTH="97"
                          VPOS="1501"
                          HPOS="598"
                          CONTENT="supe"/>
               </TextLine>
               <TextLine ID="r2l70"
                         BASELINE="1588"
                         HEIGHT="47"
                         WIDTH="502"
                         VPOS="1541"
                         HPOS="207">
                  <String HEIGHT="47"
                          WIDTH="162"
                          VPOS="1541"
                          HPOS="191"
                          CONTENT="ficies"/>
                  <SP HEIGHT="47" WIDTH="16" VPOS="1541" HPOS="353"/>
                  <String HEIGHT="47"
                          WIDTH="178"
                          VPOS="1541"
                          HPOS="304"
                          CONTENT="tantum,"/>
                  <SP HEIGHT="47" WIDTH="16" VPOS="1541" HPOS="482"/>
                  <String HEIGHT="47" WIDTH="81" VPOS="1541" HPOS="434" CONTENT="&amp;"/>
                  <SP HEIGHT="47" WIDTH="16" VPOS="1541" HPOS="515"/>
                  <String HEIGHT="47"
                          WIDTH="146"
                          VPOS="1541"
                          HPOS="466"
                          CONTENT="prout"/>
                  <SP HEIGHT="47" WIDTH="16" VPOS="1541" HPOS="612"/>
                  <String HEIGHT="47"
                          WIDTH="162"
                          VPOS="1541"
                          HPOS="547"
                          CONTENT="longitu"
                          SUBS_TYPE="HypPart1"
                          SUBS_CONTENT="longitudines"/>
                  <HYP CONTENT="-"/>
               </TextLine>
               <TextLine ID="r2l72"
                         BASELINE="1635"
                         HEIGHT="55"
                         WIDTH="508"
                         VPOS="1580"
                         HPOS="204">
                  <String HEIGHT="55"
                          WIDTH="152"
                          VPOS="1580"
                          HPOS="187"
                          CONTENT="dines"
                          SUBS_TYPE="HypPart2"
                          SUBS_CONTENT="longitudines"/>
                  <SP HEIGHT="55" WIDTH="17" VPOS="1580" HPOS="339"/>
                  <String HEIGHT="55"
                          WIDTH="186"
                          VPOS="1580"
                          HPOS="289"
                          CONTENT="tantum,"/>
                  <SP HEIGHT="55" WIDTH="17" VPOS="1580" HPOS="475"/>
                  <String HEIGHT="55" WIDTH="85" VPOS="1580" HPOS="424" CONTENT="&amp;"/>
                  <SP HEIGHT="55" WIDTH="17" VPOS="1580" HPOS="509"/>
                  <String HEIGHT="55"
                          WIDTH="203"
                          VPOS="1580"
                          HPOS="458"
                          CONTENT="quatenus"/>
                  <SP HEIGHT="55" WIDTH="17" VPOS="1580" HPOS="661"/>
                  <String HEIGHT="55"
                          WIDTH="119"
                          VPOS="1580"
                          HPOS="593"
                          CONTENT="diui"
                          SUBS_TYPE="HypPart1"
                          SUBS_CONTENT="diuisibilia,"/>
                  <HYP CONTENT="-"/>
               </TextLine>
               <TextLine ID="r2l74"
                         BASELINE="1666"
                         HEIGHT="45"
                         WIDTH="505"
                         VPOS="1621"
                         HPOS="204">
                  <String HEIGHT="45"
                          WIDTH="184"
                          VPOS="1621"
                          HPOS="189"
                          CONTENT="sibilia,"
                          SUBS_TYPE="HypPart2"
                          SUBS_CONTENT="diuisibilia,"/>
                  <SP HEIGHT="45" WIDTH="15" VPOS="1621" HPOS="372"/>
                  <String HEIGHT="45" WIDTH="77" VPOS="1621" HPOS="326" CONTENT="&amp;"/>
                  <SP HEIGHT="45" WIDTH="15" VPOS="1621" HPOS="403"/>
                  <String HEIGHT="45"
                          WIDTH="184"
                          VPOS="1621"
                          HPOS="357"
                          CONTENT="quatenus"/>
                  <SP HEIGHT="45" WIDTH="15" VPOS="1621" HPOS="541"/>
                  <String HEIGHT="45"
                          WIDTH="230"
                          VPOS="1621"
                          HPOS="479"
                          CONTENT="indiuisibilia"/>
               </TextLine>
               <TextLine ID="r2l76"
                         BASELINE="1707"
                         HEIGHT="40"
                         WIDTH="502"
                         VPOS="1667"
                         HPOS="211">
                  <String HEIGHT="40"
                          WIDTH="146"
                          VPOS="1667"
                          HPOS="195"
                          CONTENT="situm"/>
                  <SP HEIGHT="40" WIDTH="16" VPOS="1667" HPOS="341"/>
                  <String HEIGHT="40"
                          WIDTH="211"
                          VPOS="1667"
                          HPOS="292"
                          CONTENT="habentia,"/>
                  <SP HEIGHT="40" WIDTH="16" VPOS="1667" HPOS="502"/>
                  <String HEIGHT="40" WIDTH="81" VPOS="1667" HPOS="454" CONTENT="&amp;"/>
                  <SP HEIGHT="40" WIDTH="16" VPOS="1667" HPOS="535"/>
                  <String HEIGHT="40"
                          WIDTH="146"
                          VPOS="1667"
                          HPOS="486"
                          CONTENT="prout"/>
                  <SP HEIGHT="40" WIDTH="16" VPOS="1667" HPOS="632"/>
                  <String HEIGHT="40"
                          WIDTH="146"
                          VPOS="1667"
                          HPOS="567"
                          CONTENT="indiui"
                          SUBS_TYPE="HypPart1"
                          SUBS_CONTENT="indiuisibilia"/>
                  <HYP CONTENT="-"/>
               </TextLine>
               <TextLine ID="r2l78"
                         BASELINE="1761"
                         HEIGHT="55"
                         WIDTH="488"
                         VPOS="1706"
                         HPOS="213">
                  <String HEIGHT="55"
                          WIDTH="185"
                          VPOS="1706"
                          HPOS="196"
                          CONTENT="sibilia"
                          SUBS_TYPE="HypPart2"
                          SUBS_CONTENT="indiuisibilia"/>
                  <SP HEIGHT="55" WIDTH="17" VPOS="1706" HPOS="381"/>
                  <String HEIGHT="55"
                          WIDTH="185"
                          VPOS="1706"
                          HPOS="331"
                          CONTENT="tantum."/>
                  <SP HEIGHT="55" WIDTH="17" VPOS="1706" HPOS="516"/>
                  <String HEIGHT="55"
                          WIDTH="151"
                          VPOS="1706"
                          HPOS="465"
                          CONTENT="Quare"/>
                  <SP HEIGHT="55" WIDTH="17" VPOS="1706" HPOS="617"/>
                  <String HEIGHT="55"
                          WIDTH="118"
                          VPOS="1706"
                          HPOS="566"
                          CONTENT="cum"/>
                  <SP HEIGHT="55" WIDTH="17" VPOS="1706" HPOS="684"/>
                  <String HEIGHT="55" WIDTH="84" VPOS="1706" HPOS="617" CONTENT="sim"/>
               </TextLine>
               <TextLine ID="r2l80"
                         BASELINE="1803"
                         HEIGHT="54"
                         WIDTH="504"
                         VPOS="1749"
                         HPOS="202">
                  <String HEIGHT="54"
                          WIDTH="183"
                          VPOS="1749"
                          HPOS="187"
                          CONTENT="pliciter"/>
                  <SP HEIGHT="54" WIDTH="15" VPOS="1749" HPOS="370"/>
                  <String HEIGHT="54"
                          WIDTH="137"
                          VPOS="1749"
                          HPOS="324"
                          CONTENT="verum"/>
                  <SP HEIGHT="54" WIDTH="15" VPOS="1749" HPOS="462"/>
                  <String HEIGHT="54"
                          WIDTH="107"
                          VPOS="1749"
                          HPOS="416"
                          CONTENT="sit"/>
                  <SP HEIGHT="54" WIDTH="15" VPOS="1749" HPOS="523"/>
                  <String HEIGHT="54"
                          WIDTH="168"
                          VPOS="1749"
                          HPOS="477"
                          CONTENT="dicere,"/>
                  <SP HEIGHT="54" WIDTH="15" VPOS="1749" HPOS="645"/>
                  <String HEIGHT="54"
                          WIDTH="107"
                          VPOS="1749"
                          HPOS="599"
                          CONTENT="non"/>
                  <SP HEIGHT="54" WIDTH="15" VPOS="1749" HPOS="706"/>
                  <String HEIGHT="54" WIDTH="61" VPOS="1749" HPOS="645" CONTENT="so"/>
               </TextLine>
               <TextLine ID="r2l82"
                         BASELINE="1834"
                         HEIGHT="45"
                         WIDTH="509"
                         VPOS="1789"
                         HPOS="204">
                  <String HEIGHT="45"
                          WIDTH="111"
                          VPOS="1789"
                          HPOS="188"
                          CONTENT="lum"/>
                  <SP HEIGHT="45" WIDTH="16" VPOS="1789" HPOS="299"/>
                  <String HEIGHT="45"
                          WIDTH="255"
                          VPOS="1789"
                          HPOS="252"
                          CONTENT="separabilia,"/>
                  <SP HEIGHT="45" WIDTH="16" VPOS="1789" HPOS="506"/>
                  <String HEIGHT="45"
                          WIDTH="111"
                          VPOS="1789"
                          HPOS="459"
                          CONTENT="sed"/>
                  <SP HEIGHT="45" WIDTH="16" VPOS="1789" HPOS="570"/>
                  <String HEIGHT="45" WIDTH="80" VPOS="1789" HPOS="522" CONTENT="&amp;"/>
                  <SP HEIGHT="45" WIDTH="16" VPOS="1789" HPOS="602"/>
                  <String HEIGHT="45"
                          WIDTH="111"
                          VPOS="1789"
                          HPOS="554"
                          CONTENT="non"/>
                  <SP HEIGHT="45" WIDTH="16" VPOS="1789" HPOS="665"/>
                  <String HEIGHT="45"
                          WIDTH="111"
                          VPOS="1789"
                          HPOS="602"
                          CONTENT="sepa"
                          SUBS_TYPE="HypPart1"
                          SUBS_CONTENT="separabilia"/>
                  <HYP CONTENT="-"/>
               </TextLine>
               <TextLine ID="r2l84"
                         BASELINE="1882"
                         HEIGHT="50"
                         WIDTH="513"
                         VPOS="1832"
                         HPOS="202">
                  <String HEIGHT="50"
                          WIDTH="166"
                          VPOS="1832"
                          HPOS="187"
                          CONTENT="rabilia"
                          SUBS_TYPE="HypPart2"
                          SUBS_CONTENT="separabilia"/>
                  <SP HEIGHT="50" WIDTH="15" VPOS="1832" HPOS="353"/>
                  <String HEIGHT="50"
                          WIDTH="136"
                          VPOS="1832"
                          HPOS="308"
                          CONTENT="esse,"/>
                  <SP HEIGHT="50" WIDTH="15" VPOS="1832" HPOS="443"/>
                  <String HEIGHT="50"
                          WIDTH="151"
                          VPOS="1832"
                          HPOS="398"
                          CONTENT="veluti"/>
                  <SP HEIGHT="50" WIDTH="15" VPOS="1832" HPOS="549"/>
                  <String HEIGHT="50" WIDTH="91" VPOS="1832" HPOS="504" CONTENT="ea"/>
                  <SP HEIGHT="50" WIDTH="15" VPOS="1832" HPOS="594"/>
                  <String HEIGHT="50"
                          WIDTH="121"
                          VPOS="1832"
                          HPOS="549"
                          CONTENT="quae"/>
                  <SP HEIGHT="50" WIDTH="15" VPOS="1832" HPOS="670"/>
                  <String HEIGHT="50"
                          WIDTH="106"
                          VPOS="1832"
                          HPOS="609"
                          CONTENT="mouen"/>
               </TextLine>
            </TextBlock>
            <TextBlock ID="TextRegion_1604939789027_964"
                       HEIGHT="1795"
                       WIDTH="520"
                       VPOS="133"
                       HPOS="732">
               <Shape>
                  <Polygon POINTS="732,133 1252,133 1252,1928 732,1928"/>
               </Shape>
               <TextLine ID="r2l4"
                         BASELINE="219"
                         HEIGHT="47"
                         WIDTH="506"
                         VPOS="172"
                         HPOS="738">
                  <String HEIGHT="47"
                          WIDTH="135"
                          VPOS="172"
                          HPOS="721"
                          CONTENT="tur,"/>
                  <SP HEIGHT="47" WIDTH="17" VPOS="172" HPOS="856"/>
                  <String HEIGHT="47" WIDTH="84" VPOS="172" HPOS="805" CONTENT="&amp;"/>
                  <SP HEIGHT="47" WIDTH="17" VPOS="172" HPOS="890"/>
                  <String HEIGHT="47"
                          WIDTH="253"
                          VPOS="172"
                          HPOS="839"
                          CONTENT="mathematica"/>
                  <SP HEIGHT="47" WIDTH="17" VPOS="172" HPOS="1092"/>
                  <String HEIGHT="47"
                          WIDTH="152"
                          VPOS="172"
                          HPOS="1042"
                          CONTENT="(quia"/>
                  <SP HEIGHT="47" WIDTH="17" VPOS="172" HPOS="1193"/>
                  <String HEIGHT="47"
                          WIDTH="118"
                          VPOS="172"
                          HPOS="1126"
                          CONTENT="etiam"/>
               </TextLine>
               <TextLine ID="r2l6"
                         BASELINE="270"
                         HEIGHT="58"
                         WIDTH="497"
                         VPOS="212"
                         HPOS="748">
                  <String HEIGHT="58"
                          WIDTH="160"
                          VPOS="212"
                          HPOS="732"
                          CONTENT="qualia"/>
                  <SP HEIGHT="58" WIDTH="16" VPOS="212" HPOS="892"/>
                  <String HEIGHT="58"
                          WIDTH="160"
                          VPOS="212"
                          HPOS="844"
                          CONTENT="dicunt"/>
                  <SP HEIGHT="58" WIDTH="16" VPOS="212" HPOS="1005"/>
                  <String HEIGHT="58"
                          WIDTH="144"
                          VPOS="212"
                          HPOS="956"
                          CONTENT="verum"/>
                  <SP HEIGHT="58" WIDTH="16" VPOS="212" HPOS="1101"/>
                  <String HEIGHT="58"
                          WIDTH="112"
                          VPOS="212"
                          HPOS="1053"
                          CONTENT="est"/>
                  <SP HEIGHT="58" WIDTH="16" VPOS="212" HPOS="1165"/>
                  <String HEIGHT="58"
                          WIDTH="144"
                          VPOS="212"
                          HPOS="1101"
                          CONTENT="simpli"
                          SUBS_TYPE="HypPart1"
                          SUBS_CONTENT="simpliciter"/>
                  <HYP CONTENT="-"/>
               </TextLine>
               <TextLine ID="r2l8"
                         BASELINE="298"
                         HEIGHT="44"
                         WIDTH="492"
                         VPOS="254"
                         HPOS="744">
                  <String HEIGHT="44"
                          WIDTH="127"
                          VPOS="254"
                          HPOS="730"
                          CONTENT="citer"
                          SUBS_TYPE="HypPart2"
                          SUBS_CONTENT="simpliciter"/>
                  <SP HEIGHT="44" WIDTH="14" VPOS="254" HPOS="856"/>
                  <String HEIGHT="44"
                          WIDTH="155"
                          VPOS="254"
                          HPOS="814"
                          CONTENT="dicere,"/>
                  <SP HEIGHT="44" WIDTH="14" VPOS="254" HPOS="969"/>
                  <String HEIGHT="44" WIDTH="70" VPOS="254" HPOS="927" CONTENT="&amp;"/>
                  <SP HEIGHT="44" WIDTH="14" VPOS="254" HPOS="997"/>
                  <String HEIGHT="44"
                          WIDTH="127"
                          VPOS="254"
                          HPOS="955"
                          CONTENT="talia"/>
                  <SP HEIGHT="44" WIDTH="14" VPOS="254" HPOS="1081"/>
                  <String HEIGHT="44"
                          WIDTH="127"
                          VPOS="254"
                          HPOS="1039"
                          CONTENT="esse)"/>
                  <SP HEIGHT="44" WIDTH="14" VPOS="254" HPOS="1166"/>
                  <String HEIGHT="44" WIDTH="70" VPOS="254" HPOS="1124" CONTENT="&amp;"/>
                  <SP HEIGHT="44" WIDTH="14" VPOS="254" HPOS="1194"/>
                  <String HEIGHT="44"
                          WIDTH="98"
                          VPOS="254"
                          HPOS="1138"
                          CONTENT="quem"
                          SUBS_TYPE="HypPart1"
                          SUBS_CONTENT="quemadmodum"/>
                  <HYP CONTENT="-"/>
               </TextLine>
               <TextLine ID="r2l10"
                         BASELINE="338"
                         HEIGHT="43"
                         WIDTH="496"
                         VPOS="295"
                         HPOS="742">
                  <String HEIGHT="43"
                          WIDTH="182"
                          VPOS="295"
                          HPOS="725"
                          CONTENT="admodum"
                          SUBS_TYPE="HypPart2"
                          SUBS_CONTENT="quemadmodum"/>
                  <SP HEIGHT="43" WIDTH="17" VPOS="295" HPOS="907"/>
                  <String HEIGHT="43"
                          WIDTH="198"
                          VPOS="295"
                          HPOS="858"
                          CONTENT="caeteras"/>
                  <SP HEIGHT="43" WIDTH="17" VPOS="295" HPOS="1056"/>
                  <String HEIGHT="43"
                          WIDTH="215"
                          VPOS="295"
                          HPOS="1007"
                          CONTENT="scientias"/>
                  <SP HEIGHT="43" WIDTH="17" VPOS="295" HPOS="1221"/>
                  <String HEIGHT="43" WIDTH="83" VPOS="295" HPOS="1155" CONTENT="sim"/>
               </TextLine>
               <TextLine ID="r2l12"
                         BASELINE="386"
                         HEIGHT="45"
                         WIDTH="494"
                         VPOS="341"
                         HPOS="748">
                  <String HEIGHT="45"
                          WIDTH="191"
                          VPOS="341"
                          HPOS="732"
                          CONTENT="pliciter"/>
                  <SP HEIGHT="45" WIDTH="16" VPOS="341" HPOS="923"/>
                  <String HEIGHT="45"
                          WIDTH="143"
                          VPOS="341"
                          HPOS="875"
                          CONTENT="verum"/>
                  <SP HEIGHT="45" WIDTH="16" VPOS="341" HPOS="1019"/>
                  <String HEIGHT="45" WIDTH="112" VPOS="341" HPOS="971" CONTENT="est"/>
                  <SP HEIGHT="45" WIDTH="16" VPOS="341" HPOS="1083"/>
                  <String HEIGHT="45"
                          WIDTH="159"
                          VPOS="341"
                          HPOS="1035"
                          CONTENT="dicere"/>
                  <SP HEIGHT="45" WIDTH="16" VPOS="341" HPOS="1194"/>
                  <String HEIGHT="45"
                          WIDTH="112"
                          VPOS="341"
                          HPOS="1130"
                          CONTENT="huius"/>
               </TextLine>
               <TextLine ID="r2l14"
                         BASELINE="430"
                         HEIGHT="42"
                         WIDTH="493"
                         VPOS="388"
                         HPOS="752">
                  <String HEIGHT="42"
                          WIDTH="127"
                          VPOS="388"
                          HPOS="738"
                          CONTENT="esse,"/>
                  <SP HEIGHT="42" WIDTH="14" VPOS="388" HPOS="865"/>
                  <String HEIGHT="42" WIDTH="99" VPOS="388" HPOS="822" CONTENT="non"/>
                  <SP HEIGHT="42" WIDTH="14" VPOS="388" HPOS="921"/>
                  <String HEIGHT="42"
                          WIDTH="127"
                          VPOS="388"
                          HPOS="879"
                          CONTENT="eius,"/>
                  <SP HEIGHT="42" WIDTH="14" VPOS="388" HPOS="1006"/>
                  <String HEIGHT="42"
                          WIDTH="113"
                          VPOS="388"
                          HPOS="963"
                          CONTENT="quod"/>
                  <SP HEIGHT="42" WIDTH="14" VPOS="388" HPOS="1076"/>
                  <String HEIGHT="42" WIDTH="85" VPOS="388" HPOS="1034" CONTENT="ei"/>
                  <SP HEIGHT="42" WIDTH="14" VPOS="388" HPOS="1118"/>
                  <String HEIGHT="42"
                          WIDTH="169"
                          VPOS="388"
                          HPOS="1076"
                          CONTENT="accidat,"/>
                  <SP HEIGHT="42" WIDTH="14" VPOS="388" HPOS="1245"/>
                  <String HEIGHT="42" WIDTH="56" VPOS="388" HPOS="1189" CONTENT="ve"/>
               </TextLine>
               <TextLine ID="r2l17"
                         BASELINE="466"
                         HEIGHT="45"
                         WIDTH="489"
                         VPOS="421"
                         HPOS="748">
                  <String HEIGHT="45"
                          WIDTH="106"
                          VPOS="421"
                          HPOS="735"
                          CONTENT="luti"/>
                  <SP HEIGHT="45" WIDTH="13" VPOS="421" HPOS="841"/>
                  <String HEIGHT="45"
                          WIDTH="106"
                          VPOS="421"
                          HPOS="801"
                          CONTENT="quod"/>
                  <SP HEIGHT="45" WIDTH="13" VPOS="421" HPOS="907"/>
                  <String HEIGHT="45"
                          WIDTH="145"
                          VPOS="421"
                          HPOS="867"
                          CONTENT="albi(si"/>
                  <SP HEIGHT="45" WIDTH="13" VPOS="421" HPOS="1012"/>
                  <String HEIGHT="45"
                          WIDTH="145"
                          VPOS="421"
                          HPOS="973"
                          CONTENT="salubre"/>
                  <SP HEIGHT="45" WIDTH="13" VPOS="421" HPOS="1118"/>
                  <String HEIGHT="45"
                          WIDTH="119"
                          VPOS="421"
                          HPOS="1078"
                          CONTENT="album"/>
                  <SP HEIGHT="45" WIDTH="13" VPOS="421" HPOS="1197"/>
                  <String HEIGHT="45"
                          WIDTH="93"
                          VPOS="421"
                          HPOS="1144"
                          CONTENT="sit),"/>
               </TextLine>
               <TextLine ID="r2l19"
                         BASELINE="507"
                         HEIGHT="41"
                         WIDTH="484"
                         VPOS="466"
                         HPOS="753">
                  <String HEIGHT="41"
                          WIDTH="128"
                          VPOS="466"
                          HPOS="739"
                          CONTENT="verum"/>
                  <SP HEIGHT="41" WIDTH="14" VPOS="466" HPOS="867"/>
                  <String HEIGHT="41"
                          WIDTH="128"
                          VPOS="466"
                          HPOS="824"
                          CONTENT="prout"/>
                  <SP HEIGHT="41" WIDTH="14" VPOS="466" HPOS="952"/>
                  <String HEIGHT="41"
                          WIDTH="157"
                          VPOS="466"
                          HPOS="910"
                          CONTENT="salubre"/>
                  <SP HEIGHT="41" WIDTH="14" VPOS="466" HPOS="1066"/>
                  <String HEIGHT="41"
                          WIDTH="114"
                          VPOS="466"
                          HPOS="1023"
                          CONTENT="est,"/>
                  <SP HEIGHT="41" WIDTH="14" VPOS="466" HPOS="1137"/>
                  <String HEIGHT="41" WIDTH="85" VPOS="466" HPOS="1095" CONTENT="ac"/>
                  <SP HEIGHT="41" WIDTH="14" VPOS="466" HPOS="1180"/>
                  <String HEIGHT="41"
                          WIDTH="114"
                          VPOS="466"
                          HPOS="1123"
                          CONTENT="illius"/>
               </TextLine>
               <TextLine ID="r2l21"
                         BASELINE="546"
                         HEIGHT="44"
                         WIDTH="506"
                         VPOS="502"
                         HPOS="740">
                  <String HEIGHT="44"
                          WIDTH="138"
                          VPOS="502"
                          HPOS="725"
                          CONTENT="cuius"/>
                  <SP HEIGHT="44" WIDTH="15" VPOS="502" HPOS="863"/>
                  <String HEIGHT="44"
                          WIDTH="215"
                          VPOS="502"
                          HPOS="817"
                          CONTENT="vnaquaeque"/>
                  <SP HEIGHT="44" WIDTH="15" VPOS="502" HPOS="1031"/>
                  <String HEIGHT="44"
                          WIDTH="123"
                          VPOS="502"
                          HPOS="985"
                          CONTENT="est,"/>
                  <SP HEIGHT="44" WIDTH="15" VPOS="502" HPOS="1108"/>
                  <String HEIGHT="44" WIDTH="92" VPOS="502" HPOS="1062" CONTENT="si"/>
                  <SP HEIGHT="44" WIDTH="15" VPOS="502" HPOS="1154"/>
                  <String HEIGHT="44"
                          WIDTH="153"
                          VPOS="502"
                          HPOS="1093"
                          CONTENT="salubris"/>
               </TextLine>
               <TextLine ID="r2l23"
                         BASELINE="594"
                         HEIGHT="50"
                         WIDTH="501"
                         VPOS="544"
                         HPOS="740">
                  <String HEIGHT="50"
                          WIDTH="200"
                          VPOS="544"
                          HPOS="723"
                          CONTENT="salubre,"/>
                  <SP HEIGHT="50" WIDTH="17" VPOS="544" HPOS="924"/>
                  <String HEIGHT="50" WIDTH="100" VPOS="544" HPOS="874" CONTENT="si"/>
                  <SP HEIGHT="50" WIDTH="17" VPOS="544" HPOS="974"/>
                  <String HEIGHT="50"
                          WIDTH="134"
                          VPOS="544"
                          HPOS="924"
                          CONTENT="vero"/>
                  <SP HEIGHT="50" WIDTH="17" VPOS="544" HPOS="1057"/>
                  <String HEIGHT="50"
                          WIDTH="184"
                          VPOS="544"
                          HPOS="1007"
                          CONTENT="hominis"/>
                  <SP HEIGHT="50" WIDTH="17" VPOS="544" HPOS="1191"/>
                  <String HEIGHT="50"
                          WIDTH="117"
                          VPOS="544"
                          HPOS="1124"
                          CONTENT="prout"/>
               </TextLine>
               <TextLine ID="r2l25"
                         BASELINE="634"
                         HEIGHT="46"
                         WIDTH="501"
                         VPOS="588"
                         HPOS="744">
                  <String HEIGHT="46"
                          WIDTH="125"
                          VPOS="588"
                          HPOS="728"
                          CONTENT="homo"/>
                  <SP HEIGHT="46" WIDTH="16" VPOS="588" HPOS="854"/>
                  <String HEIGHT="46"
                          WIDTH="125"
                          VPOS="588"
                          HPOS="807"
                          CONTENT="est:"/>
                  <SP HEIGHT="46" WIDTH="16" VPOS="588" HPOS="932"/>
                  <String HEIGHT="46" WIDTH="110" VPOS="588" HPOS="885" CONTENT="ita"/>
                  <SP HEIGHT="46" WIDTH="16" VPOS="588" HPOS="995"/>
                  <String HEIGHT="46" WIDTH="78" VPOS="588" HPOS="948" CONTENT="&amp;"/>
                  <SP HEIGHT="46" WIDTH="16" VPOS="588" HPOS="1026"/>
                  <String HEIGHT="46"
                          WIDTH="235"
                          VPOS="588"
                          HPOS="979"
                          CONTENT="Geometriam,"/>
                  <SP HEIGHT="46" WIDTH="16" VPOS="588" HPOS="1214"/>
                  <String HEIGHT="46"
                          WIDTH="110"
                          VPOS="588"
                          HPOS="1167"
                          CONTENT="non"/>
                  <SP HEIGHT="46" WIDTH="16" VPOS="588" HPOS="1276"/>
                  <String HEIGHT="46" WIDTH="31" VPOS="588" HPOS="1214" CONTENT=""/>
               </TextLine>
               <TextLine ID="r2l27"
                         BASELINE="674"
                         HEIGHT="44"
                         WIDTH="502"
                         VPOS="630"
                         HPOS="748">
                  <String HEIGHT="44" WIDTH="91" VPOS="630" HPOS="733" CONTENT="si"/>
                  <SP HEIGHT="44" WIDTH="15" VPOS="630" HPOS="824"/>
                  <String HEIGHT="44"
                          WIDTH="167"
                          VPOS="630"
                          HPOS="778"
                          CONTENT="accidit"/>
                  <SP HEIGHT="44" WIDTH="15" VPOS="630" HPOS="946"/>
                  <String HEIGHT="44"
                          WIDTH="213"
                          VPOS="630"
                          HPOS="900"
                          CONTENT="sensibilia"/>
                  <SP HEIGHT="44" WIDTH="15" VPOS="630" HPOS="1113"/>
                  <String HEIGHT="44"
                          WIDTH="122"
                          VPOS="630"
                          HPOS="1067"
                          CONTENT="esse"/>
                  <SP HEIGHT="44" WIDTH="15" VPOS="630" HPOS="1189"/>
                  <String HEIGHT="44"
                          WIDTH="122"
                          VPOS="630"
                          HPOS="1128"
                          CONTENT="quorum"/>
               </TextLine>
               <TextLine ID="r2l29"
                         BASELINE="722"
                         HEIGHT="52"
                         WIDTH="503"
                         VPOS="670"
                         HPOS="744">
                  <String HEIGHT="52"
                          WIDTH="130"
                          VPOS="670"
                          HPOS="728"
                          CONTENT="est,"/>
                  <SP HEIGHT="52" WIDTH="16" VPOS="670" HPOS="858"/>
                  <String HEIGHT="52" WIDTH="114" VPOS="670" HPOS="809" CONTENT="non"/>
                  <SP HEIGHT="52" WIDTH="16" VPOS="670" HPOS="922"/>
                  <String HEIGHT="52" WIDTH="114" VPOS="670" HPOS="874" CONTENT="est"/>
                  <SP HEIGHT="52" WIDTH="16" VPOS="670" HPOS="987"/>
                  <String HEIGHT="52"
                          WIDTH="146"
                          VPOS="670"
                          HPOS="939"
                          CONTENT="autem"/>
                  <SP HEIGHT="52" WIDTH="16" VPOS="670" HPOS="1085"/>
                  <String HEIGHT="52"
                          WIDTH="162"
                          VPOS="670"
                          HPOS="1036"
                          CONTENT="eorum,"/>
                  <SP HEIGHT="52" WIDTH="16" VPOS="670" HPOS="1198"/>
                  <String HEIGHT="52"
                          WIDTH="114"
                          VPOS="670"
                          HPOS="1133"
                          CONTENT="prout"/>
               </TextLine>
               <TextLine ID="r2l31"
                         BASELINE="754"
                         HEIGHT="46"
                         WIDTH="486"
                         VPOS="708"
                         HPOS="750">
                  <String HEIGHT="46"
                          WIDTH="200"
                          VPOS="708"
                          HPOS="736"
                          CONTENT="sensibilia"/>
                  <SP HEIGHT="46" WIDTH="14" VPOS="708" HPOS="936"/>
                  <String HEIGHT="46"
                          WIDTH="129"
                          VPOS="708"
                          HPOS="893"
                          CONTENT="sunt:"/>
                  <SP HEIGHT="46" WIDTH="14" VPOS="708" HPOS="1022"/>
                  <String HEIGHT="46" WIDTH="100" VPOS="708" HPOS="979" CONTENT="non"/>
                  <SP HEIGHT="46" WIDTH="14" VPOS="708" HPOS="1079"/>
                  <String HEIGHT="46"
                          WIDTH="129"
                          VPOS="708"
                          HPOS="1036"
                          CONTENT="erunt"/>
                  <SP HEIGHT="46" WIDTH="14" VPOS="708" HPOS="1165"/>
                  <String HEIGHT="46"
                          WIDTH="129"
                          VPOS="708"
                          HPOS="1107"
                          CONTENT="sensibi"/>
               </TextLine>
               <TextLine ID="r2l33"
                         BASELINE="794"
                         HEIGHT="38"
                         WIDTH="495"
                         VPOS="756"
                         HPOS="746">
                  <String HEIGHT="38"
                          WIDTH="128"
                          VPOS="756"
                          HPOS="730"
                          CONTENT="lium"/>
                  <SP HEIGHT="38" WIDTH="16" VPOS="756" HPOS="858"/>
                  <String HEIGHT="38"
                          WIDTH="255"
                          VPOS="756"
                          HPOS="810"
                          CONTENT="Mathematicae"/>
                  <SP HEIGHT="38" WIDTH="16" VPOS="756" HPOS="1065"/>
                  <String HEIGHT="38"
                          WIDTH="224"
                          VPOS="756"
                          HPOS="1017"
                          CONTENT="scientiae,"/>
                  <SP HEIGHT="38" WIDTH="16" VPOS="756" HPOS="1241"/>
                  <String HEIGHT="38" WIDTH="64" VPOS="756" HPOS="1177" CONTENT="ne"/>
               </TextLine>
               <TextLine ID="r2l35"
                         BASELINE="842"
                         HEIGHT="45"
                         WIDTH="488"
                         VPOS="797"
                         HPOS="749">
                  <String HEIGHT="45" WIDTH="100" VPOS="797" HPOS="735" CONTENT="que"/>
                  <SP HEIGHT="45" WIDTH="14" VPOS="797" HPOS="835"/>
                  <String HEIGHT="45"
                          WIDTH="172"
                          VPOS="797"
                          HPOS="792"
                          CONTENT="profecto"/>
                  <SP HEIGHT="45" WIDTH="14" VPOS="797" HPOS="964"/>
                  <String HEIGHT="45"
                          WIDTH="129"
                          VPOS="797"
                          HPOS="921"
                          CONTENT="circa"/>
                  <SP HEIGHT="45" WIDTH="14" VPOS="797" HPOS="1050"/>
                  <String HEIGHT="45"
                          WIDTH="129"
                          VPOS="797"
                          HPOS="1007"
                          CONTENT="haec,"/>
                  <SP HEIGHT="45" WIDTH="14" VPOS="797" HPOS="1137"/>
                  <String HEIGHT="45"
                          WIDTH="129"
                          VPOS="797"
                          HPOS="1093"
                          CONTENT="aliis"/>
                  <SP HEIGHT="45" WIDTH="14" VPOS="797" HPOS="1223"/>
                  <String HEIGHT="45"
                          WIDTH="72"
                          VPOS="797"
                          HPOS="1165"
                          CONTENT="se"
                          SUBS_TYPE="HypPart1"
                          SUBS_CONTENT="separatis."/>
                  <HYP CONTENT="-"/>
               </TextLine>
               <TextLine ID="r2l37"
                         BASELINE="886"
                         HEIGHT="49"
                         WIDTH="489"
                         VPOS="837"
                         HPOS="748">
                  <String HEIGHT="49"
                          WIDTH="183"
                          VPOS="837"
                          HPOS="733"
                          CONTENT="paratis."
                          SUBS_TYPE="HypPart2"
                          SUBS_CONTENT="separatis."/>
                  <SP HEIGHT="49" WIDTH="15" VPOS="837" HPOS="916"/>
                  <String HEIGHT="49"
                          WIDTH="138"
                          VPOS="837"
                          HPOS="870"
                          CONTENT="Multa"/>
                  <SP HEIGHT="49" WIDTH="15" VPOS="837" HPOS="1008"/>
                  <String HEIGHT="49"
                          WIDTH="122"
                          VPOS="837"
                          HPOS="962"
                          CONTENT="vero"/>
                  <SP HEIGHT="49" WIDTH="15" VPOS="837" HPOS="1084"/>
                  <String HEIGHT="49"
                          WIDTH="107"
                          VPOS="837"
                          HPOS="1038"
                          CONTENT="per"/>
                  <SP HEIGHT="49" WIDTH="15" VPOS="837" HPOS="1145"/>
                  <String HEIGHT="49" WIDTH="92" VPOS="837" HPOS="1099" CONTENT="se"/>
                  <SP HEIGHT="49" WIDTH="15" VPOS="837" HPOS="1191"/>
                  <String HEIGHT="49"
                          WIDTH="107"
                          VPOS="837"
                          HPOS="1130"
                          CONTENT="rebus"/>
               </TextLine>
               <TextLine ID="r2l39"
                         BASELINE="931"
                         HEIGHT="54"
                         WIDTH="503"
                         VPOS="877"
                         HPOS="740">
                  <String HEIGHT="54"
                          WIDTH="218"
                          VPOS="877"
                          HPOS="723"
                          CONTENT="accidunt,"/>
                  <SP HEIGHT="54" WIDTH="17" VPOS="877" HPOS="941"/>
                  <String HEIGHT="54"
                          WIDTH="151"
                          VPOS="877"
                          HPOS="891"
                          CONTENT="prout"/>
                  <SP HEIGHT="54" WIDTH="17" VPOS="877" HPOS="1042"/>
                  <String HEIGHT="54"
                          WIDTH="252"
                          VPOS="877"
                          HPOS="992"
                          CONTENT="vnumquodque"/>
                  <SP HEIGHT="54" WIDTH="17" VPOS="877" HPOS="1243"/>
                  <String HEIGHT="54" WIDTH="67" VPOS="877" HPOS="1176" CONTENT="ta"/>
               </TextLine>
               <TextLine ID="r2l41"
                         BASELINE="962"
                         HEIGHT="45"
                         WIDTH="507"
                         VPOS="917"
                         HPOS="739">
                  <String HEIGHT="45"
                          WIDTH="116"
                          VPOS="917"
                          HPOS="725"
                          CONTENT="lium"/>
                  <SP HEIGHT="45" WIDTH="14" VPOS="917" HPOS="840"/>
                  <String HEIGHT="45"
                          WIDTH="116"
                          VPOS="917"
                          HPOS="797"
                          CONTENT="est."/>
                  <SP HEIGHT="45" WIDTH="14" VPOS="917" HPOS="913"/>
                  <String HEIGHT="45"
                          WIDTH="159"
                          VPOS="917"
                          HPOS="869"
                          CONTENT="quoniam"/>
                  <SP HEIGHT="45" WIDTH="14" VPOS="917" HPOS="1029"/>
                  <String HEIGHT="45" WIDTH="72" VPOS="917" HPOS="985" CONTENT="&amp;"/>
                  <SP HEIGHT="45" WIDTH="14" VPOS="917" HPOS="1058"/>
                  <String HEIGHT="45"
                          WIDTH="174"
                          VPOS="917"
                          HPOS="1014"
                          CONTENT="quatenus"/>
                  <SP HEIGHT="45" WIDTH="14" VPOS="917" HPOS="1188"/>
                  <String HEIGHT="45"
                          WIDTH="116"
                          VPOS="917"
                          HPOS="1130"
                          CONTENT="foemi"
                          SUBS_TYPE="HypPart1"
                          SUBS_CONTENT="foemina"/>
                  <HYP CONTENT="-"/>
               </TextLine>
               <TextLine ID="r2l43"
                         BASELINE="1011"
                         HEIGHT="39"
                         WIDTH="505"
                         VPOS="972"
                         HPOS="740">
                  <String HEIGHT="39"
                          WIDTH="98"
                          VPOS="972"
                          HPOS="724"
                          CONTENT="na"
                          SUBS_TYPE="HypPart2"
                          SUBS_CONTENT="foemina"/>
                  <SP HEIGHT="39" WIDTH="16" VPOS="972" HPOS="821"/>
                  <String HEIGHT="39"
                          WIDTH="179"
                          VPOS="972"
                          HPOS="773"
                          CONTENT="animal,"/>
                  <SP HEIGHT="39" WIDTH="16" VPOS="972" HPOS="952"/>
                  <String HEIGHT="39" WIDTH="81" VPOS="972" HPOS="903" CONTENT="&amp;"/>
                  <SP HEIGHT="39" WIDTH="16" VPOS="972" HPOS="984"/>
                  <String HEIGHT="39"
                          WIDTH="195"
                          VPOS="972"
                          HPOS="935"
                          CONTENT="quatenus"/>
                  <SP HEIGHT="39" WIDTH="16" VPOS="972" HPOS="1131"/>
                  <String HEIGHT="39"
                          WIDTH="130"
                          VPOS="972"
                          HPOS="1082"
                          CONTENT="mas,"/>
                  <SP HEIGHT="39" WIDTH="16" VPOS="972" HPOS="1212"/>
                  <String HEIGHT="39"
                          WIDTH="98"
                          VPOS="972"
                          HPOS="1147"
                          CONTENT="pro"
                          SUBS_TYPE="HypPart1"
                          SUBS_CONTENT="propriae"/>
                  <HYP CONTENT="-"/>
               </TextLine>
               <TextLine ID="r2l45"
                         BASELINE="1059"
                         HEIGHT="56"
                         WIDTH="500"
                         VPOS="1003"
                         HPOS="746">
                  <String HEIGHT="56"
                          WIDTH="132"
                          VPOS="1003"
                          HPOS="731"
                          CONTENT="priae"
                          SUBS_TYPE="HypPart2"
                          SUBS_CONTENT="propriae"/>
                  <SP HEIGHT="56" WIDTH="15" VPOS="1003" HPOS="864"/>
                  <String HEIGHT="56"
                          WIDTH="118"
                          VPOS="1003"
                          HPOS="820"
                          CONTENT="sunt"/>
                  <SP HEIGHT="56" WIDTH="15" VPOS="1003" HPOS="937"/>
                  <String HEIGHT="56"
                          WIDTH="206"
                          VPOS="1003"
                          HPOS="893"
                          CONTENT="passiones:"/>
                  <SP HEIGHT="56" WIDTH="15" VPOS="1003" HPOS="1099"/>
                  <String HEIGHT="56"
                          WIDTH="118"
                          VPOS="1003"
                          HPOS="1055"
                          CONTENT="etsi"/>
                  <SP HEIGHT="56" WIDTH="15" VPOS="1003" HPOS="1172"/>
                  <String HEIGHT="56"
                          WIDTH="103"
                          VPOS="1003"
                          HPOS="1128"
                          CONTENT="non"/>
                  <SP HEIGHT="56" WIDTH="15" VPOS="1003" HPOS="1231"/>
                  <String HEIGHT="56"
                          WIDTH="74"
                          VPOS="1003"
                          HPOS="1172"
                          CONTENT="est"/>
               </TextLine>
               <TextLine ID="r2l47"
                         BASELINE="1091"
                         HEIGHT="46"
                         WIDTH="490"
                         VPOS="1045"
                         HPOS="750">
                  <String HEIGHT="46"
                          WIDTH="196"
                          VPOS="1045"
                          HPOS="734"
                          CONTENT="quicquam"/>
                  <SP HEIGHT="46" WIDTH="16" VPOS="1045" HPOS="930"/>
                  <String HEIGHT="46"
                          WIDTH="196"
                          VPOS="1045"
                          HPOS="881"
                          CONTENT="foemina,"/>
                  <SP HEIGHT="46" WIDTH="16" VPOS="1045" HPOS="1077"/>
                  <String HEIGHT="46"
                          WIDTH="147"
                          VPOS="1045"
                          HPOS="1028"
                          CONTENT="neque"/>
                  <SP HEIGHT="46" WIDTH="16" VPOS="1045" HPOS="1175"/>
                  <String HEIGHT="46"
                          WIDTH="114"
                          VPOS="1045"
                          HPOS="1126"
                          CONTENT="mas"/>
                  <SP HEIGHT="46" WIDTH="16" VPOS="1045" HPOS="1240"/>
                  <String HEIGHT="46" WIDTH="65" VPOS="1045" HPOS="1175" CONTENT="se"/>
               </TextLine>
               <TextLine ID="r2l49"
                         BASELINE="1139"
                         HEIGHT="54"
                         WIDTH="502"
                         VPOS="1085"
                         HPOS="747">
                  <String HEIGHT="54"
                          WIDTH="190"
                          VPOS="1085"
                          HPOS="730"
                          CONTENT="paratum"/>
                  <SP HEIGHT="54" WIDTH="17" VPOS="1085" HPOS="920"/>
                  <String HEIGHT="54" WIDTH="104" VPOS="1085" HPOS="868" CONTENT="ab"/>
                  <SP HEIGHT="54" WIDTH="17" VPOS="1085" HPOS="972"/>
                  <String HEIGHT="54"
                          WIDTH="260"
                          VPOS="1085"
                          HPOS="920"
                          CONTENT="animalibus."/>
                  <SP HEIGHT="54" WIDTH="17" VPOS="1085" HPOS="1180"/>
                  <String HEIGHT="54"
                          WIDTH="156"
                          VPOS="1085"
                          HPOS="1128"
                          CONTENT="Quare"/>
                  <SP HEIGHT="54" WIDTH="17" VPOS="1085" HPOS="1284"/>
                  <String HEIGHT="54" WIDTH="35" VPOS="1085" HPOS="1214" CONTENT=""/>
               </TextLine>
               <TextLine ID="r2l51"
                         BASELINE="1170"
                         HEIGHT="46"
                         WIDTH="492"
                         VPOS="1124"
                         HPOS="744">
                  <String HEIGHT="46"
                          WIDTH="148"
                          VPOS="1124"
                          HPOS="728"
                          CONTENT="etiam"/>
                  <SP HEIGHT="46" WIDTH="16" VPOS="1124" HPOS="875"/>
                  <String HEIGHT="46"
                          WIDTH="148"
                          VPOS="1124"
                          HPOS="826"
                          CONTENT="prout"/>
                  <SP HEIGHT="46" WIDTH="16" VPOS="1124" HPOS="974"/>
                  <String HEIGHT="46"
                          WIDTH="262"
                          VPOS="1124"
                          HPOS="924"
                          CONTENT="longitudines"/>
                  <SP HEIGHT="46" WIDTH="16" VPOS="1124" HPOS="1187"/>
                  <String HEIGHT="46"
                          WIDTH="115"
                          VPOS="1124"
                          HPOS="1121"
                          CONTENT="solum"/>
               </TextLine>
               <TextLine ID="r2l53"
                         BASELINE="1210"
                         HEIGHT="42"
                         WIDTH="504"
                         VPOS="1168"
                         HPOS="741">
                  <String HEIGHT="42" WIDTH="87" VPOS="1168" HPOS="724" CONTENT="&amp;"/>
                  <SP HEIGHT="42" WIDTH="17" VPOS="1168" HPOS="811"/>
                  <String HEIGHT="42"
                          WIDTH="156"
                          VPOS="1168"
                          HPOS="758"
                          CONTENT="prout"/>
                  <SP HEIGHT="42" WIDTH="17" VPOS="1168" HPOS="915"/>
                  <String HEIGHT="42"
                          WIDTH="278"
                          VPOS="1168"
                          HPOS="863"
                          CONTENT="superficies,"/>
                  <SP HEIGHT="42" WIDTH="17" VPOS="1168" HPOS="1141"/>
                  <String HEIGHT="42" WIDTH="87" VPOS="1168" HPOS="1089" CONTENT="&amp;"/>
                  <SP HEIGHT="42" WIDTH="17" VPOS="1168" HPOS="1175"/>
                  <String HEIGHT="42"
                          WIDTH="139"
                          VPOS="1168"
                          HPOS="1106"
                          CONTENT="quanto"/>
               </TextLine>
               <TextLine ID="r2l55"
                         BASELINE="1262"
                         HEIGHT="49"
                         WIDTH="501"
                         VPOS="1213"
                         HPOS="738">
                  <String HEIGHT="49" WIDTH="86" VPOS="1213" HPOS="724" CONTENT="de"/>
                  <SP HEIGHT="49" WIDTH="14" VPOS="1213" HPOS="810"/>
                  <String HEIGHT="49"
                          WIDTH="186"
                          VPOS="1213"
                          HPOS="767"
                          CONTENT="prioribus"/>
                  <SP HEIGHT="49" WIDTH="14" VPOS="1213" HPOS="953"/>
                  <String HEIGHT="49"
                          WIDTH="172"
                          VPOS="1213"
                          HPOS="910"
                          CONTENT="ratione,"/>
                  <SP HEIGHT="49" WIDTH="14" VPOS="1213" HPOS="1082"/>
                  <String HEIGHT="49" WIDTH="86" VPOS="1213" HPOS="1039" CONTENT="ac"/>
                  <SP HEIGHT="49" WIDTH="14" VPOS="1213" HPOS="1124"/>
                  <String HEIGHT="49"
                          WIDTH="172"
                          VPOS="1213"
                          HPOS="1067"
                          CONTENT="simplicio"
                          SUBS_TYPE="HypPart1"
                          SUBS_CONTENT="simplicioribus,"/>
                  <HYP CONTENT="-"/>
               </TextLine>
               <TextLine ID="r2l57"
                         BASELINE="1310"
                         HEIGHT="57"
                         WIDTH="502"
                         VPOS="1253"
                         HPOS="742">
                  <String HEIGHT="57"
                          WIDTH="157"
                          VPOS="1253"
                          HPOS="726"
                          CONTENT="ribus,"
                          SUBS_TYPE="HypPart2"
                          SUBS_CONTENT="simplicioribus,"/>
                  <SP HEIGHT="57" WIDTH="16" VPOS="1253" HPOS="883"/>
                  <String HEIGHT="57"
                          WIDTH="141"
                          VPOS="1253"
                          HPOS="836"
                          CONTENT="tanto"/>
                  <SP HEIGHT="57" WIDTH="16" VPOS="1253" HPOS="977"/>
                  <String HEIGHT="57"
                          WIDTH="141"
                          VPOS="1253"
                          HPOS="930"
                          CONTENT="magis"/>
                  <SP HEIGHT="57" WIDTH="16" VPOS="1253" HPOS="1071"/>
                  <String HEIGHT="57" WIDTH="94" VPOS="1253" HPOS="1024" CONTENT="id"/>
                  <SP HEIGHT="57" WIDTH="16" VPOS="1253" HPOS="1119"/>
                  <String HEIGHT="57"
                          WIDTH="188"
                          VPOS="1253"
                          HPOS="1056"
                          CONTENT="certitudi"
                          SUBS_TYPE="HypPart1"
                          SUBS_CONTENT="certitudinem"/>
                  <HYP CONTENT="-"/>
               </TextLine>
               <TextLine ID="r2l59"
                         BASELINE="1353"
                         HEIGHT="61"
                         WIDTH="492"
                         VPOS="1292"
                         HPOS="745">
                  <String HEIGHT="61"
                          WIDTH="93"
                          VPOS="1292"
                          HPOS="732"
                          CONTENT="nem"
                          SUBS_TYPE="HypPart2"
                          SUBS_CONTENT="certitudinem"/>
                  <SP HEIGHT="61" WIDTH="13" VPOS="1292" HPOS="825"/>
                  <String HEIGHT="61"
                          WIDTH="133"
                          VPOS="1292"
                          HPOS="785"
                          CONTENT="habet."/>
                  <SP HEIGHT="61" WIDTH="13" VPOS="1292" HPOS="918"/>
                  <String HEIGHT="61" WIDTH="93" VPOS="1292" HPOS="878" CONTENT="hoc"/>
                  <SP HEIGHT="61" WIDTH="13" VPOS="1292" HPOS="971"/>
                  <String HEIGHT="61"
                          WIDTH="120"
                          VPOS="1292"
                          HPOS="931"
                          CONTENT="autem"/>
                  <SP HEIGHT="61" WIDTH="13" VPOS="1292" HPOS="1051"/>
                  <String HEIGHT="61"
                          WIDTH="146"
                          VPOS="1292"
                          HPOS="1011"
                          CONTENT="simplex"/>
                  <SP HEIGHT="61" WIDTH="13" VPOS="1292" HPOS="1157"/>
                  <String HEIGHT="61"
                          WIDTH="106"
                          VPOS="1292"
                          HPOS="1117"
                          CONTENT="est."/>
                  <SP HEIGHT="61" WIDTH="13" VPOS="1292" HPOS="1224"/>
                  <String HEIGHT="61"
                          WIDTH="66"
                          VPOS="1292"
                          HPOS="1171"
                          CONTENT="qua"/>
               </TextLine>
               <TextLine ID="r2l61"
                         BASELINE="1391"
                         HEIGHT="53"
                         WIDTH="506"
                         VPOS="1338"
                         HPOS="738">
                  <String HEIGHT="53" WIDTH="95" VPOS="1338" HPOS="722" CONTENT="re"/>
                  <SP HEIGHT="53" WIDTH="16" VPOS="1338" HPOS="817"/>
                  <String HEIGHT="53"
                          WIDTH="158"
                          VPOS="1338"
                          HPOS="770"
                          CONTENT="absque"/>
                  <SP HEIGHT="53" WIDTH="16" VPOS="1338" HPOS="928"/>
                  <String HEIGHT="53"
                          WIDTH="237"
                          VPOS="1338"
                          HPOS="880"
                          CONTENT="magnitudine"/>
                  <SP HEIGHT="53" WIDTH="16" VPOS="1338" HPOS="1118"/>
                  <String HEIGHT="53"
                          WIDTH="142"
                          VPOS="1338"
                          HPOS="1070"
                          CONTENT="magis"/>
                  <SP HEIGHT="53" WIDTH="16" VPOS="1338" HPOS="1212"/>
                  <String HEIGHT="53"
                          WIDTH="95"
                          VPOS="1338"
                          HPOS="1149"
                          CONTENT="quam"/>
               </TextLine>
               <TextLine ID="r2l63"
                         BASELINE="1426"
                         HEIGHT="45"
                         WIDTH="513"
                         VPOS="1381"
                         HPOS="743">
                  <String HEIGHT="45"
                          WIDTH="120"
                          VPOS="1381"
                          HPOS="726"
                          CONTENT="cum"/>
                  <SP HEIGHT="45" WIDTH="17" VPOS="1381" HPOS="846"/>
                  <String HEIGHT="45"
                          WIDTH="274"
                          VPOS="1381"
                          HPOS="794"
                          CONTENT="magnitudine,"/>
                  <SP HEIGHT="45" WIDTH="17" VPOS="1381" HPOS="1068"/>
                  <String HEIGHT="45" WIDTH="86" VPOS="1381" HPOS="1017" CONTENT="&amp;"/>
                  <SP HEIGHT="45" WIDTH="17" VPOS="1381" HPOS="1102"/>
                  <String HEIGHT="45"
                          WIDTH="171"
                          VPOS="1381"
                          HPOS="1051"
                          CONTENT="maxime"/>
                  <SP HEIGHT="45" WIDTH="17" VPOS="1381" HPOS="1222"/>
                  <String HEIGHT="45"
                          WIDTH="103"
                          VPOS="1381"
                          HPOS="1153"
                          CONTENT="abs"
                          SUBS_TYPE="HypPart1"
                          SUBS_CONTENT="absque"/>
                  <HYP CONTENT="-"/>
               </TextLine>
               <TextLine ID="r2l65"
                         BASELINE="1478"
                         HEIGHT="49"
                         WIDTH="498"
                         VPOS="1429"
                         HPOS="741">
                  <String HEIGHT="49"
                          WIDTH="116"
                          VPOS="1429"
                          HPOS="724"
                          CONTENT="que"
                          SUBS_TYPE="HypPart2"
                          SUBS_CONTENT="absque"/>
                  <SP HEIGHT="49" WIDTH="17" VPOS="1429" HPOS="841"/>
                  <String HEIGHT="49"
                          WIDTH="149"
                          VPOS="1429"
                          HPOS="791"
                          CONTENT="motu."/>
                  <SP HEIGHT="49" WIDTH="17" VPOS="1429" HPOS="940"/>
                  <String HEIGHT="49"
                          WIDTH="133"
                          VPOS="1429"
                          HPOS="890"
                          CONTENT="quod"/>
                  <SP HEIGHT="49" WIDTH="17" VPOS="1429" HPOS="1023"/>
                  <String HEIGHT="49" WIDTH="100" VPOS="1429" HPOS="973" CONTENT="si"/>
                  <SP HEIGHT="49" WIDTH="17" VPOS="1429" HPOS="1073"/>
                  <String HEIGHT="49"
                          WIDTH="149"
                          VPOS="1429"
                          HPOS="1023"
                          CONTENT="habet"/>
                  <SP HEIGHT="49" WIDTH="17" VPOS="1429" HPOS="1173"/>
                  <String HEIGHT="49"
                          WIDTH="133"
                          VPOS="1429"
                          HPOS="1106"
                          CONTENT="motum,"/>
               </TextLine>
               <TextLine ID="r2l67"
                         BASELINE="1514"
                         HEIGHT="52"
                         WIDTH="504"
                         VPOS="1462"
                         HPOS="742">
                  <String HEIGHT="52"
                          WIDTH="163"
                          VPOS="1462"
                          HPOS="726"
                          CONTENT="primum"/>
                  <SP HEIGHT="52" WIDTH="16" VPOS="1462" HPOS="888"/>
                  <String HEIGHT="52"
                          WIDTH="179"
                          VPOS="1462"
                          HPOS="840"
                          CONTENT="maxime:"/>
                  <SP HEIGHT="52" WIDTH="16" VPOS="1462" HPOS="1018"/>
                  <String HEIGHT="52"
                          WIDTH="195"
                          VPOS="1462"
                          HPOS="970"
                          CONTENT="siquidem"/>
                  <SP HEIGHT="52" WIDTH="16" VPOS="1462" HPOS="1165"/>
                  <String HEIGHT="52"
                          WIDTH="114"
                          VPOS="1462"
                          HPOS="1116"
                          CONTENT="hic"/>
                  <SP HEIGHT="52" WIDTH="16" VPOS="1462" HPOS="1230"/>
                  <String HEIGHT="52"
                          WIDTH="81"
                          VPOS="1462"
                          HPOS="1165"
                          CONTENT="sim"/>
               </TextLine>
               <TextLine ID="r2l69"
                         BASELINE="1554"
                         HEIGHT="50"
                         WIDTH="504"
                         VPOS="1504"
                         HPOS="747">
                  <String HEIGHT="50"
                          WIDTH="229"
                          VPOS="1504"
                          HPOS="732"
                          CONTENT="plicissimus"/>
                  <SP HEIGHT="50" WIDTH="15" VPOS="1504" HPOS="961"/>
                  <String HEIGHT="50"
                          WIDTH="137"
                          VPOS="1504"
                          HPOS="915"
                          CONTENT="est:,"/>
                  <SP HEIGHT="50" WIDTH="15" VPOS="1504" HPOS="1052"/>
                  <String HEIGHT="50" WIDTH="76" VPOS="1504" HPOS="1007" CONTENT="&amp;"/>
                  <SP HEIGHT="50" WIDTH="15" VPOS="1504" HPOS="1083"/>
                  <String HEIGHT="50"
                          WIDTH="137"
                          VPOS="1504"
                          HPOS="1037"
                          CONTENT="huius"/>
                  <SP HEIGHT="50" WIDTH="15" VPOS="1504" HPOS="1175"/>
                  <String HEIGHT="50"
                          WIDTH="107"
                          VPOS="1504"
                          HPOS="1129"
                          CONTENT="qui"/>
                  <SP HEIGHT="50" WIDTH="15" VPOS="1504" HPOS="1236"/>
                  <String HEIGHT="50"
                          WIDTH="76"
                          VPOS="1504"
                          HPOS="1175"
                          CONTENT="re"
                          SUBS_TYPE="HypPart1"
                          SUBS_CONTENT="regularis"/>
                  <HYP CONTENT="-"/>
               </TextLine>
               <TextLine ID="r2l71"
                         BASELINE="1597"
                         HEIGHT="48"
                         WIDTH="504"
                         VPOS="1549"
                         HPOS="738">
                  <String HEIGHT="48"
                          WIDTH="163"
                          VPOS="1549"
                          HPOS="723"
                          CONTENT="gularis"
                          SUBS_TYPE="HypPart2"
                          SUBS_CONTENT="regularis"/>
                  <SP HEIGHT="48" WIDTH="15" VPOS="1549" HPOS="886"/>
                  <String HEIGHT="48"
                          WIDTH="119"
                          VPOS="1549"
                          HPOS="842"
                          CONTENT="est."/>
                  <SP HEIGHT="48" WIDTH="15" VPOS="1549" HPOS="960"/>
                  <String HEIGHT="48"
                          WIDTH="133"
                          VPOS="1549"
                          HPOS="916"
                          CONTENT="Fadem"/>
                  <SP HEIGHT="48" WIDTH="15" VPOS="1549" HPOS="1049"/>
                  <String HEIGHT="48"
                          WIDTH="133"
                          VPOS="1549"
                          HPOS="1005"
                          CONTENT="ratio"/>
                  <SP HEIGHT="48" WIDTH="15" VPOS="1549" HPOS="1138"/>
                  <String HEIGHT="48" WIDTH="89" VPOS="1549" HPOS="1094" CONTENT="de"/>
                  <SP HEIGHT="48" WIDTH="15" VPOS="1549" HPOS="1183"/>
                  <String HEIGHT="48"
                          WIDTH="119"
                          VPOS="1549"
                          HPOS="1123"
                          CONTENT="Harmo"
                          SUBS_TYPE="HypPart1"
                          SUBS_CONTENT="Harmonica,"/>
                  <HYP CONTENT="-"/>
               </TextLine>
               <TextLine ID="r2l73"
                         BASELINE="1634"
                         HEIGHT="46"
                         WIDTH="517"
                         VPOS="1588"
                         HPOS="736">
                  <String HEIGHT="46"
                          WIDTH="126"
                          VPOS="1588"
                          HPOS="722"
                          CONTENT="nica,"
                          SUBS_TYPE="HypPart2"
                          SUBS_CONTENT="Harmonica,"/>
                  <SP HEIGHT="46" WIDTH="14" VPOS="1588" HPOS="848"/>
                  <String HEIGHT="46" WIDTH="70" VPOS="1588" HPOS="806" CONTENT="&amp;"/>
                  <SP HEIGHT="46" WIDTH="14" VPOS="1588" HPOS="876"/>
                  <String HEIGHT="46"
                          WIDTH="210"
                          VPOS="1588"
                          HPOS="834"
                          CONTENT="Perspectiua"/>
                  <SP HEIGHT="46" WIDTH="14" VPOS="1588" HPOS="1043"/>
                  <String HEIGHT="46"
                          WIDTH="112"
                          VPOS="1588"
                          HPOS="1001"
                          CONTENT="est."/>
                  <SP HEIGHT="46" WIDTH="14" VPOS="1588" HPOS="1113"/>
                  <String HEIGHT="46"
                          WIDTH="140"
                          VPOS="1588"
                          HPOS="1071"
                          CONTENT="neutra"/>
                  <SP HEIGHT="46" WIDTH="14" VPOS="1588" HPOS="1211"/>
                  <String HEIGHT="46"
                          WIDTH="98"
                          VPOS="1588"
                          HPOS="1155"
                          CONTENT="namra"/>
               </TextLine>
               <TextLine ID="r2l75"
                         BASELINE="1688"
                         HEIGHT="55"
                         WIDTH="502"
                         VPOS="1633"
                         HPOS="746">
                  <String HEIGHT="55"
                          WIDTH="122"
                          VPOS="1633"
                          HPOS="731"
                          CONTENT="que,"/>
                  <SP HEIGHT="55" WIDTH="15" VPOS="1633" HPOS="852"/>
                  <String HEIGHT="55"
                          WIDTH="106"
                          VPOS="1633"
                          HPOS="807"
                          CONTENT="put"/>
                  <SP HEIGHT="55" WIDTH="15" VPOS="1633" HPOS="913"/>
                  <String HEIGHT="55"
                          WIDTH="152"
                          VPOS="1633"
                          HPOS="868"
                          CONTENT="visus,"/>
                  <SP HEIGHT="55" WIDTH="15" VPOS="1633" HPOS="1020"/>
                  <String HEIGHT="55"
                          WIDTH="122"
                          VPOS="1633"
                          HPOS="974"
                          CONTENT="vel,"/>
                  <SP HEIGHT="55" WIDTH="15" VPOS="1633" HPOS="1096"/>
                  <String HEIGHT="55"
                          WIDTH="106"
                          VPOS="1633"
                          HPOS="1050"
                          CONTENT="put"/>
                  <SP HEIGHT="55" WIDTH="15" VPOS="1633" HPOS="1157"/>
                  <String HEIGHT="55"
                          WIDTH="106"
                          VPOS="1633"
                          HPOS="1111"
                          CONTENT="vox"/>
                  <SP HEIGHT="55" WIDTH="15" VPOS="1633" HPOS="1218"/>
                  <String HEIGHT="55"
                          WIDTH="91"
                          VPOS="1633"
                          HPOS="1157"
                          CONTENT="spe"
                          SUBS_TYPE="HypPart1"
                          SUBS_CONTENT="speculatur,"/>
                  <HYP CONTENT="-"/>
               </TextLine>
               <TextLine ID="r2l77"
                         BASELINE="1714"
                         HEIGHT="37"
                         WIDTH="513"
                         VPOS="1677"
                         HPOS="744">
                  <String HEIGHT="37"
                          WIDTH="154"
                          VPOS="1677"
                          HPOS="731"
                          CONTENT="culatur,"
                          SUBS_TYPE="HypPart2"
                          SUBS_CONTENT="speculatur,"/>
                  <SP HEIGHT="37" WIDTH="13" VPOS="1677" HPOS="885"/>
                  <String HEIGHT="37"
                          WIDTH="128"
                          VPOS="1677"
                          HPOS="847"
                          CONTENT="verum,"/>
                  <SP HEIGHT="37" WIDTH="13" VPOS="1677" HPOS="975"/>
                  <String HEIGHT="37" WIDTH="90" VPOS="1677" HPOS="936" CONTENT="put"/>
                  <SP HEIGHT="37" WIDTH="13" VPOS="1677" HPOS="1026"/>
                  <String HEIGHT="37"
                          WIDTH="141"
                          VPOS="1677"
                          HPOS="988"
                          CONTENT="lineae,"/>
                  <SP HEIGHT="37" WIDTH="13" VPOS="1677" HPOS="1129"/>
                  <String HEIGHT="37" WIDTH="64" VPOS="1677" HPOS="1090" CONTENT="&amp;"/>
                  <SP HEIGHT="37" WIDTH="13" VPOS="1677" HPOS="1154"/>
                  <String HEIGHT="37"
                          WIDTH="141"
                          VPOS="1677"
                          HPOS="1116"
                          CONTENT="nuneri."/>
                  <SP HEIGHT="37" WIDTH="13" VPOS="1677" HPOS="1257"/>
                  <String HEIGHT="37" WIDTH="51" VPOS="1677" HPOS="1206" CONTENT="at"/>
               </TextLine>
               <TextLine ID="r2l79"
                         BASELINE="1756"
                         HEIGHT="39"
                         WIDTH="507"
                         VPOS="1717"
                         HPOS="745">
                  <String HEIGHT="39"
                          WIDTH="120"
                          VPOS="1717"
                          HPOS="732"
                          CONTENT="haec,"/>
                  <SP HEIGHT="39" WIDTH="13" VPOS="1717" HPOS="852"/>
                  <String HEIGHT="39"
                          WIDTH="160"
                          VPOS="1717"
                          HPOS="812"
                          CONTENT="propriae"/>
                  <SP HEIGHT="39" WIDTH="13" VPOS="1717" HPOS="972"/>
                  <String HEIGHT="39"
                          WIDTH="147"
                          VPOS="1717"
                          HPOS="932"
                          CONTENT="illorum"/>
                  <SP HEIGHT="39" WIDTH="13" VPOS="1717" HPOS="1079"/>
                  <String HEIGHT="39"
                          WIDTH="173"
                          VPOS="1717"
                          HPOS="1039"
                          CONTENT="passiones"/>
                  <SP HEIGHT="39" WIDTH="13" VPOS="1717" HPOS="1212"/>
                  <String HEIGHT="39"
                          WIDTH="93"
                          VPOS="1717"
                          HPOS="1159"
                          CONTENT="sunt."/>
               </TextLine>
               <TextLine ID="r2l81"
                         BASELINE="1810"
                         HEIGHT="55"
                         WIDTH="512"
                         VPOS="1755"
                         HPOS="744">
                  <String HEIGHT="55"
                          WIDTH="166"
                          VPOS="1755"
                          HPOS="731"
                          CONTENT="Mechanica"/>
                  <SP HEIGHT="55" WIDTH="13" VPOS="1755" HPOS="898"/>
                  <String HEIGHT="55"
                          WIDTH="128"
                          VPOS="1755"
                          HPOS="859"
                          CONTENT="quoque"/>
                  <SP HEIGHT="55" WIDTH="13" VPOS="1755" HPOS="987"/>
                  <String HEIGHT="55"
                          WIDTH="102"
                          VPOS="1755"
                          HPOS="949"
                          CONTENT="quid"/>
                  <SP HEIGHT="55" WIDTH="13" VPOS="1755" HPOS="1051"/>
                  <String HEIGHT="55"
                          WIDTH="166"
                          VPOS="1755"
                          HPOS="1013"
                          CONTENT="similiter"/>
                  <SP HEIGHT="55" WIDTH="13" VPOS="1755" HPOS="1179"/>
                  <String HEIGHT="55"
                          WIDTH="115"
                          VPOS="1755"
                          HPOS="1141"
                          CONTENT="Quare"/>
                  <SP HEIGHT="55" WIDTH="13" VPOS="1755" HPOS="1256"/>
                  <String HEIGHT="55" WIDTH="51" VPOS="1755" HPOS="1205" CONTENT="si"/>
               </TextLine>
               <TextLine ID="r2l83"
                         BASELINE="1851"
                         HEIGHT="54"
                         WIDTH="509"
                         VPOS="1797"
                         HPOS="740">
                  <String HEIGHT="54"
                          WIDTH="116"
                          VPOS="1797"
                          HPOS="725"
                          CONTENT="quis"/>
                  <SP HEIGHT="54" WIDTH="15" VPOS="1797" HPOS="842"/>
                  <String HEIGHT="54" WIDTH="87" VPOS="1797" HPOS="798" CONTENT="ab"/>
                  <SP HEIGHT="54" WIDTH="15" VPOS="1797" HPOS="885"/>
                  <String HEIGHT="54"
                          WIDTH="233"
                          VPOS="1797"
                          HPOS="842"
                          CONTENT="accidentibus"/>
                  <SP HEIGHT="54" WIDTH="15" VPOS="1797" HPOS="1074"/>
                  <String HEIGHT="54"
                          WIDTH="175"
                          VPOS="1797"
                          HPOS="1031"
                          CONTENT="separet,"/>
                  <SP HEIGHT="54" WIDTH="15" VPOS="1797" HPOS="1205"/>
                  <String HEIGHT="54" WIDTH="87" VPOS="1797" HPOS="1162" CONTENT="ac"/>
                  <SP HEIGHT="54" WIDTH="15" VPOS="1797" HPOS="1249"/>
                  <String HEIGHT="54" WIDTH="58" VPOS="1797" HPOS="1191" CONTENT="de"/>
               </TextLine>
               <TextLine ID="r2l85"
                         BASELINE="1892"
                         HEIGHT="48"
                         WIDTH="514"
                         VPOS="1844"
                         HPOS="738">
                  <String HEIGHT="48"
                          WIDTH="109"
                          VPOS="1844"
                          HPOS="722"
                          CONTENT="eis"/>
                  <SP HEIGHT="48" WIDTH="16" VPOS="1844" HPOS="831"/>
                  <String HEIGHT="48"
                          WIDTH="187"
                          VPOS="1844"
                          HPOS="785"
                          CONTENT="aliquid,"/>
                  <SP HEIGHT="48" WIDTH="16" VPOS="1844" HPOS="972"/>
                  <String HEIGHT="48"
                          WIDTH="187"
                          VPOS="1844"
                          HPOS="925"
                          CONTENT="quatenus"/>
                  <SP HEIGHT="48" WIDTH="16" VPOS="1844" HPOS="1112"/>
                  <String HEIGHT="48"
                          WIDTH="140"
                          VPOS="1844"
                          HPOS="1065"
                          CONTENT="talia"/>
                  <SP HEIGHT="48" WIDTH="16" VPOS="1844" HPOS="1205"/>
                  <String HEIGHT="48"
                          WIDTH="109"
                          VPOS="1844"
                          HPOS="1143"
                          CONTENT="sunt,"/>
               </TextLine>
            </TextBlock>
         </PrintSpace>
      </Page>
   </Layout>
</alto>
