1475 2066
206 125 170 54 veluti
325 125 102 54 si
376 125 153 54 equus
478 125 187 54 mensura
597 125 119 54 equis

215 167 71 51 &
243 167 86 51 si
286 167 114 51 homo
358 167 200 51 hominibus,
515 167 114 51 quod
586 167 86 51 si
629 167 129 51 homo,

211 209 89 41 &
247 209 177 41 equus,
371 209 106 41 ac
424 209 142 41 Deus
512 209 195 41 animal,
636 209 89 41 nu-

213 252 139 50 merus
305 252 154 50 quoque
413 252 139 50 eorum
505 252 200 50 fortassis
644 252 77 50 ani

214 293 127 45 malia
299 293 127 45 erit.
384 293 85 45 si
426 293 127 45 autem
511 293 127 45 homo,
596 293 71 45 &
610 293 113 45 album,

212 335 114 43 ac
269 335 247 43 ambulans,
459 335 190 43 minime
573 335 152 43 quidem

218 375 140 43 horum
312 375 172 43 numerus
437 375 125 43 est:
515 375 94 43 eo
561 375 125 43 quod
624 375 109 43 eidem

213 418 154 48 vnique
320 418 185 48 secundum
459 418 169 48 numerum
582 418 138 48 omnia
659 418 62 48 in

204 461 169 45 sunt.
317 461 207 45 attamen
468 461 207 45 numerus
599 461 132 45 horum

214 501 173 53 generum
340 501 141 53 erit,
434 501 110 53 aut
497 501 188 53 alicuius
622 501 110 53 alte-

215 541 130 53 rius
296 541 178 53 similis
426 541 292 53 appellationis.
653 541 81 53 Qui

217 595 141 49 vero
305 595 228 49 inaequale
481 595 105 49 vt
534 595 141 49 vnum
604 595 123 49 quid,

218 630 223 36 dualitatem
393 630 143 36 autem
473 630 255 36 indeterminatam

225 677 95 47 ex
273 677 158 47 magno,
383 677 190 47 paruoque
526 677 190 47 faciunt,
652 677 79 47 ve-

205 709 217 54 hementer
368 709 181 54 longe,
495 709 127 54 tum
567 709 109 54 ab
603 709 127 54 appa-

217 750 211 44 rentibus,
379 750 114 44 tum
444 750 81 44 a
476 750 260 44 possibilibus
671 750 65 44 di

223 797 134 50 cunt.
313 797 194 50 passiones
462 797 149 50 namque
566 797 134 50 magis
641 797 89 50 haec

215 836 79 46 &
247 836 236 46 accidentia,
436 836 126 46 quam
515 836 189 46 subiecta
641 836 95 46 nume

220 875 117 48 ris
287 875 84 48 &
321 875 301 48 magnitudinibus
572 875 151 48 sunt.
655 875 84 48 mul

221 919 128 51 tum
294 919 183 51 nanque
422 919 92 51 &
459 919 183 51 paucum
569 919 165 51 numeri,

215 965 115 47 ac
272 965 191 47 magnum
406 965 96 47 &
444 965 191 47 paruum
559 965 172 47 magnitu

220 1003 156 48 dinis.
330 1003 156 48 sicuti
439 1003 109 48 par
502 1003 78 48 &
533 1003 156 48 impar,
627 1003 109 48 laeue

222 1046 79 53 &
254 1046 190 53 asperum,
396 1046 158 53 rectum
507 1046 79 53 &
538 1046 174 53 curuum.
649 1046 79 53 Pre

225 1093 131 37 terea
313 1093 87 37 ad
356 1093 116 37 hunc
429 1093 145 37 quoque
531 1093 160 37 errorem
632 1093 102 37 etiam

221 1128 187 50 necesse
357 1128 119 50 est
425 1128 187 50 magnum,
560 1128 85 50 &
577 1128 153 50 paruum,

222 1169 70 54 &
250 1169 196 54 quaecumque
404 1169 154 54 similia
517 1169 84 54 ab
559 1169 140 54 aliquo
643 1169 98 54 esse.

225 1214 101 52 Ad
276 1214 185 52 aliquid
411 1214 135 52 vero
495 1214 169 52 minime
596 1214 135 52 praedi

223 1262 234 50 camentorum
407 1262 167 50 omnium
524 1262 167 50 natura
624 1262 100 50 quae

210 1296 106 50 dam,
276 1296 93 50 aut
329 1296 186 50 substantia
475 1296 106 50 est.
541 1296 80 50 ac
568 1296 159 50 posterior,

227 1346 108 44 tum
288 1346 155 44 quali,
397 1346 108 44 tum
459 1346 170 44 quanto,
582 1346 77 44 &
598 1346 139 44 quaedam

231 1380 146 46 quanti
334 1380 146 46 passio
436 1380 102 46 (vt
494 1380 146 46 dictum
597 1380 117 46 est)
655 1380 73 46 sec

227 1424 116 44 non
293 1424 198 44 materia,
441 1424 116 44 aut
507 1424 182 44 aliquid
623 1424 116 44 aliud

235 1464 126 51 quam
314 1464 158 51 omnino
425 1464 174 51 commune
551 1464 95 51 ad
583 1464 142 51 aliquid

229 1505 224 47 partibusque
408 1505 134 47 eius:
497 1505 75 47 &
527 1505 209 47 speciebus.
676 1505 60 47 ni

228 1549 104 45 hil
288 1549 119 45 enim
362 1549 119 45 est,
436 1549 104 45 nec
495 1549 148 45 magnum
599 1549 104 45 nec
644 1549 89 45 par-

228 1589 128 46 uum,
308 1589 112 46 nec
372 1589 160 46 multum
484 1589 112 46 nec
549 1589 176 46 paucum,
661 1589 80 46 nec

222 1636 160 38 omnino
334 1636 96 38 ad
382 1636 192 38 aliquid,
526 1636 128 38 quod
606 1636 112 38 non
654 1636 80 38 ali

236 1684 125 39 quid
314 1684 140 39 aliud
408 1684 203 39 existens,
564 1684 156 39 multum
657 1684 78 39 aut

233 1725 202 38 paucum,
379 1725 128 38 aut
453 1725 183 38 magnum
581 1725 128 38 aut
636 1725 92 38 par

230 1757 116 53 uum,
302 1757 102 53 aut
360 1757 116 53 quod
433 1757 87 53 ad
476 1757 160 53 aliquid
592 1757 116 53 est.
650 1757 87 53 Quod

229 1799 150 43 autem
330 1799 100 43 ad
380 1799 184 43 aliquid
513 1799 167 43 minime
613 1799 134 43 aliqua

738 118 218 60 substantia,
913 118 102 60 aut
971 118 102 60 ens
1029 118 160 60 aliquod
1145 118 116 60 sit,
1203 118 73 60 si-

741 167 123 51 gnum
817 167 123 51 est,
894 167 123 51 quod
971 167 123 51 eius
1048 167 138 51 solum
1140 167 108 51 non
1186 167 77 51 est

741 213 210 45 generatio,
906 213 135 45 neque
996 213 210 45 corruptio,
1147 213 105 45 neque

743 251 205 50 motus:
886 251 308 50 quemadmodum
1112 251 144 50 secun

740 293 140 53 dum
820 293 220 53 quantum
980 293 299 53 augmentatio
1199 293 60 53 &

747 333 192 53 diminutio,
898 333 165 53 secundum
1022 333 124 53 quale
1090 333 165 53 alteratio,

753 376 139 42 secundum
858 376 105 42 locum
928 376 116 42 latio,
1009 376 139 42 secundum
1102 376 151 42 substantiam

738 421 178 48 simplex
867 421 210 48 generatio
1029 421 97 48 et
1061 421 194 48 corruptio,

748 461 80 52 At
788 461 161 52 secundum
908 461 80 52 ad
949 461 147 52 aliquid
1056 461 147 52 minime.
1150 461 107 52 absque

743 500 110 46 enim
812 500 110 46 quod
881 500 178 46 moueatur,
1018 500 178 46 quandoque
1141 500 110 46 maius,

744 555 229 39 quandoque
920 555 176 39 minus,
1044 555 123 39 aut
1097 555 158 39 aequale

746 597 125 30 erit,
829 597 139 30 altero
926 597 166 30 secundum
1051 597 152 30 quantum
1162 597 125 30 moto.

741 629 176 48 Necesse
869 629 144 48 intem
965 629 112 48 est
1029 629 192 48 cuiusque
1157 629 96 48 mate

751 669 116 54 riam
823 669 131 54 esse,
910 669 116 54 quod
983 669 174 54 potentia
1113 669 116 54 tale
1171 669 87 54 est.

754 709 115 54 quare
831 709 115 54 etiam
907 709 191 54 substantiae
1060 709 102 54 est.
1124 709 76 54 ad
1149 709 115 54 aliquid

744 754 142 40 vero,
839 754 142 40 neque
934 754 205 40 potentia,
1091 754 142 40 neque
1170 754 95 40 actu

742 795 222 39 substantia
916 795 127 39 est.
996 795 254 39 inconueniens
1186 795 79 39 ita

746 837 116 54 que
813 837 132 54 est,
895 837 132 54 immo
978 837 248 54 impossibile
1160 837 99 54 sub-

744 878 176 44 stantiae
876 878 191 44 elementum
1023 878 147 44 facere
1126 878 103 44 non
1170 878 88 44 sub-

752 921 188 41 stantiam,
896 921 87 41 ac
939 921 144 41 prius.
1040 921 202 41 posteriora
1185 921 72 41 nan

743 964 120 45 que
812 964 155 45 omnia
915 964 293 45 praedicamenta
1139 964 120 45 sunt.

749 1004 142 46 ltem
838 1004 213 46 elementa
997 1004 124 46 non
1050 1004 213 46 praedican-

751 1046 128 43 tur
824 1046 109 43 de
878 1046 146 43 his,
969 1046 182 43 quorum
1079 1046 182 43 elementa

740 1089 172 41 sunt.
854 1089 191 41 multum
988 1089 153 41 vero
1083 1089 95 41 &
1102 1089 153 41 paucum

752 1129 189 52 seorsum,
894 1129 79 52 &
926 1129 142 52 simul
1020 1129 237 52 praedicatur
1194 1129 63 52 de

743 1173 196 43 numero.
886 1173 107 43 ac
939 1173 178 43 longum
1063 1173 89 43 &
1099 1173 160 43 breue
1188 1173 71 43 de

751 1213 151 46 linea,
856 1213 196 46 planumque
1007 1213 136 46 latum
1097 1213 75 46 &
1112 1213 151 46 strictum

754 1254 107 44 est.
821 1254 107 44 quod
888 1254 80 44 si
928 1254 94 44 qua
981 1254 174 44 multitudo
1116 1254 107 44 est,
1169 1254 94 44 cuius

747 1296 192 42 semper
881 1296 172 42 ipsum
996 1296 192 42 paucum
1130 1296 134 42 sit
1187 1296 77 42 vt

751 1337 179 51 dualitas
886 1337 120 51 (nam
960 1337 90 51 si
1005 1337 120 51 eius
1080 1337 149 51 multum
1169 1337 90 51 sit,

747 1380 138 50 vnum
833 1380 207 50 profecto
988 1380 172 50 paucum
1109 1380 155 50 erit)
1195 1380 69 50 et

752 1423 99 43 si
801 1423 165 43 multum
916 1423 263 43 simpliciter,
1114 1423 148 43 nimirum

751 1467 132 40 erit
833 1467 165 40 veluti
949 1467 198 40 denarius
1097 1467 165 40 multum
1196 1467 66 40 et

751 1497 93 65 si
797 1497 109 65 hoc
859 1497 140 65 pacto
952 1497 109 65 non
1014 1497 124 65 est)
1092 1497 124 65 plus
1169 1497 124 65 quam

755 1549 146 46 dena
846 1549 183 46 milia.
974 1549 128 46 Quo
1047 1549 183 46 igitur
1156 1549 110 46 modo

751 1593 128 41 iste
831 1593 96 41 ex
879 1593 160 41 pauco,
991 1593 192 41 multoque
1119 1593 144 41 numerus

756 1632 108 50 erit
824 1632 108 50 *aut
892 1632 108 50 enim
960 1632 108 50 ambo
1028 1632 190 50 praedicari
1163 1632 95 50 opor-

753 1679 150 35 tebat,
858 1679 105 35 aut
918 1679 180 35 neutrum,
1054 1679 120 35 nunc
1129 1679 120 35 vero
1189 1679 75 35 al-

754 1716 105 50 terum
824 1716 116 50 tantum
906 1716 186 50 praedicatur.
1057 1716 174 50 Simpliciter
1185 1716 81 50 autem

745 1756 284 46 consyderandum
980 1756 117 46 est
1046 1756 151 46 vtrum
1130 1756 134 46 possi-

745 1797 117 45 bile
819 1797 103 45 sit
877 1797 161 45 aeterna
995 1797 88 45 ex
1039 1797 191 45 elementis
1171 1797 88 45 con
