1475 2066
197 141 128 64 sed
270 141 165 64 louem
380 141 110 64 At
435 141 147 64 vero
526 141 128 64 his
581 141 147 64 quidem

214 190 86 52 eo
257 190 114 52 quod
328 190 143 52 mutant
428 190 143 52 entium
527 190 200 52 principes,
670 190 57 52 ta

218 231 103 43 lia
277 231 147 43 dicere
380 231 176 43 accidit.
512 231 117 43 quia
585 231 88 43 hi
615 231 117 43 quidem

211 270 146 44 eorum,
314 270 102 44 qui
372 270 131 44 misti
460 270 175 44 fuerunt,
591 270 102 44 nec
635 270 102 44 omnia

209 317 199 46 fabulose
359 317 166 46 dicunt
475 317 116 46 (vt
525 317 199 46 Pherecydes

216 359 82 55 &
248 359 132 55 alii
331 359 181 55 quidam)
463 359 165 55 primum
561 359 165 55 generans

216 396 157 54 optimu
326 396 173 54 ponunt,
452 396 94 54 ac
499 396 141 54 etiam
594 396 141 54 Magi,
688 396 79 54 &

218 438 202 52 posteriorum
379 438 135 52 quoque
474 438 108 52 quid
541 438 189 52 Sapientum,
676 438 54 52 vt

213 484 302 51 Empedocles,
454 484 101 51 &
475 484 242 51 Anaxagoras

212 524 117 45 cum
279 524 117 45 hic
346 524 167 45 quidem
462 524 233 45 amicitiam,
629 524 100 45 ille

219 565 130 45 vero
300 565 243 45 intellectum
494 565 227 45 principium
656 565 81 45 fe-

210 609 168 42 cerit.
328 609 151 42 eorum
429 609 151 42 vero,
529 609 118 42 qui
580 609 151 42 immobi-

215 650 106 40 les
275 650 227 40 substantias
457 650 121 40 esse
532 650 166 40 dicunt,
638 650 91 40 qui-

209 692 135 38 dam
286 692 173 38 ipsum
401 692 154 38 vnum
497 692 173 38 ipsum
593 692 135 38 bonum

218 741 118 35 esse
292 741 147 35 aiunt.
395 741 221 35 substantiam
571 741 132 35 tamen
645 741 88 35 eius

205 782 176 38 ipsum
322 782 156 38 vnum
419 782 195 38 maxime
536 782 195 38 putabant

208 816 145 49 esse.
304 816 209 49 Dubitatio
465 816 161 49 quidem
577 816 129 49 haec
642 816 80 49 est

211 857 134 41 vtro
295 857 134 41 modo
379 857 202 41 dicendum
530 857 134 41 est.
598 857 134 41 Mirabi

220 901 87 44 le
263 901 130 44 autem
350 901 116 44 est,
422 901 87 44 si
465 901 144 44 primo,
566 901 72 44 &
581 901 144 44 perpetuo

217 941 90 45 ac
262 941 120 45 sibi
337 941 120 45 ipsi
413 941 301 45 sufficientissimo
654 941 75 45 hoc

209 984 137 42 ipsum
300 984 167 42 primum,
422 984 106 42 per
483 984 91 42 se
513 984 213 42 sufficientia

215 1024 83 50 &
249 1024 149 50 salus
348 1024 116 50 non
414 1024 116 50 sit
481 1024 182 50 tanquam
596 1024 133 50 bonum,

212 1069 192 45 enimuero
356 1069 176 45 propter
483 1069 144 45 nihil
579 1069 144 45 aliud
659 1069 64 45 in

215 1106 258 49 corruptibile,
427 1106 106 49 vel
488 1106 121 49 sibi
548 1106 182 49 sufficiens

211 1149 111 45 est,
280 1149 111 45 nisi
350 1149 152 45 quoniam
461 1149 111 45 bene
530 1149 83 45 se
572 1149 139 45 habet.
655 1149 69 45 Qua

218 1193 86 42 re
261 1193 143 42 dicere
360 1193 143 42 quidem
460 1193 200 42 principium
617 1193 114 42 tale
674 1193 57 42 et

207 1236 100 39 se
257 1236 183 39 rationi
390 1236 266 39 consentaneum
606 1236 116 39 est
656 1236 66 39 ve

216 1277 101 45 rum
273 1277 130 45 esse:
360 1277 101 45 hoc
418 1277 116 45 vero
491 1277 116 45 esse
563 1277 130 45 ipsum
636 1277 101 45 vnum.

208 1316 115 54 Aut
273 1316 99 54 si
323 1316 115 54 non
389 1316 132 54 hoc,
471 1316 230 54 elementum,
652 1316 82 54 &
668 1316 66 54 nu

215 1361 175 50 merorum
343 1361 207 50 elementum
502 1361 127 50 esse
566 1361 159 50 impossi-

216 1404 120 38 bile
291 1404 120 38 est.
367 1404 166 38 Accidit
487 1404 120 38 enim
562 1404 136 38 multa
638 1404 90 38 difi

219 1445 188 45 ficultas,
363 1445 116 45 quam
436 1445 101 45 cum
493 1445 145 45 quidam
580 1445 145 45 fugerent

215 1484 118 59 qui
282 1484 134 59 vnum
366 1484 168 59 quidem
484 1484 235 59 fatebantur
652 1484 84 59 pri

212 1529 108 41 mum
273 1529 215 41 principium
442 1529 138 41 esse,
534 1529 92 41 ac
565 1529 169 41 elementum

218 1570 172 47 ipsius,
343 1570 140 47 tamen
437 1570 234 47 mathematici
608 1570 125 47 numeri

212 1613 242 54 abnegarunt.
406 1613 178 54 cunctae
535 1613 162 54 nanque
632 1613 97 54 vni-

209 1653 137 48 tates
300 1653 91 48 re
346 1653 122 48 vera
422 1653 137 48 fiunt
513 1653 167 48 aliquid
620 1653 106 48 bonum

210 1697 91 41 &
246 1697 164 41 magna
355 1697 200 41 bonorum
501 1697 145 41 erit
573 1697 164 41 abundan

213 1740 104 39 tia.
278 1740 117 39 Item,
355 1740 78 39 si
394 1740 129 39 formae
485 1740 142 39 numeri,
589 1740 117 39 omnes
653 1740 78 39 for-

209 1781 110 45 mae
272 1781 141 45 ipsum
366 1781 141 45 bonum
460 1781 188 45 aliquid.
602 1781 94 45 At
633 1781 94 45 vero

209 1826 220 48 cuiuscunque
385 1826 147 48 velit,
488 1826 132 48 ponat
576 1826 117 48 quis
634 1826 103 48 ideas

749 149 129 54 esse,
835 149 172 54 siquidem
964 149 158 54 bonorum
1079 149 129 54 solum
1151 149 100 54 ideae

747 177 118 66 non
815 177 152 66 erunt
916 177 270 66 substantiae.
1136 177 135 66 Quod
1203 177 68 66 si

749 234 102 41 est
808 234 262 41 substantiarum,
1026 234 145 41 cuncta
1113 234 145 41 animalia

751 276 81 38 &
783 276 178 38 plantae
913 276 130 38 bona
994 276 146 38 sunt,
1091 276 81 38 &
1107 276 162 38 partici-

745 324 175 46 pantia.
872 324 127 46 Haec
952 324 159 46 itaque
1047 324 223 46 inconuenien-

748 364 109 33 tia
811 364 203 33 accidunt.
967 364 94 33 Et
1014 364 94 33 ad
1060 364 125 33 haec
1123 364 140 33 contra-

743 397 121 53 rium
818 397 196 53 elementum
969 397 136 53 (siue
1060 397 211 53 multitudo,
1211 397 60 53 in

748 441 235 46 aequale,
925 441 98 46 &
964 441 196 46 magnum
1101 441 98 46 &
1120 441 157 46 paruum

751 479 120 52 sit)
826 479 134 52 ipsum
915 479 134 52 malum
1005 479 134 52 erit.
1095 479 134 52 Quare
1169 479 90 52 qui-

745 528 120 46 dam
814 528 206 46 fugiebat
968 528 155 46 bonum
1071 528 120 46 vni
1123 528 155 46 copula-

751 572 103 44 re,
810 572 162 44 ranquam
928 572 162 44 necesse
1047 572 118 44 sit,
1120 572 103 44 cum
1165 572 103 44 gene-

750 611 141 39 ratio
845 611 110 39 sit
907 611 94 39 ex
955 611 236 39 contrarijs,
1128 611 141 39 naturam

749 659 262 40 multitudinis
962 659 147 40 malum
1060 659 147 40 esse.
1142 659 131 40 quidam

749 693 198 38 inaequale
901 693 122 38 mali
977 693 167 38 naturam
1099 693 167 38 dicunt.
1205 693 61 38 ac

747 740 135 44 cidit
837 740 150 44 igitur
942 740 135 44 omnia
1033 740 150 44 entia,
1123 740 135 44 praeter

756 773 144 57 vnum,
852 773 128 57 quod
932 773 112 57 est
996 773 144 57 ipsum
1092 773 144 57 vnum,
1172 773 96 57 malo

753 820 271 46 participare.
974 820 85 46 &
1008 820 187 46 numeros
1143 820 102 46 eo
1177 820 85 46 ma-

744 861 107 45 gis
805 861 123 45 puro
882 861 245 45 participare,
1081 861 123 45 quam
1142 861 123 45 magni-

754 901 185 38 tudines.
892 901 77 38 &
923 901 139 38 malum
1016 901 139 38 locum
1108 901 123 38 esse
1170 901 92 38 boni

746 949 98 46 ac
795 949 261 46 participare,
1007 949 82 46 &
1039 949 196 46 appetere
1170 949 98 46 cor-

754 989 197 45 ruptiuum.
906 989 213 45 contrarium
1073 989 152 45 nanque
1164 989 106 45 corru

748 1022 148 52 ptiuum
852 1022 193 52 contrarum
1000 1022 119 52 est.
1074 1022 89 52 At
1119 1022 104 52 si,
1163 1022 104 52 quem-

745 1075 185 47 admodum
880 1075 218 47 dicebamus
1048 1075 134 47 quod
1115 1075 151 47 materia

749 1114 111 51 est
812 1114 111 51 id:
876 1114 127 51 quod
955 1114 190 51 potentia
1097 1114 206 51 ununquod

750 1149 116 53 que,
823 1149 145 53 veluti
925 1149 145 53 ipsius
1027 1149 116 53 actu
1099 1149 145 53 ignis,
1187 1149 87 53 quid

750 1192 103 42 est
809 1192 176 42 potentia
941 1192 146 42 ignis,
1043 1192 132 42 malum
1131 1192 117 42 erit
1190 1192 73 42 ip-

744 1233 113 58 sum
808 1233 193 58 potentia
953 1233 161 58 bonum.
1066 1233 129 58 Haec
1130 1233 129 58 igitur

745 1277 167 45 omnia
857 1277 241 45 accidunt.
1042 1277 204 45 quoddam
1172 1277 93 45 qui

744 1318 140 44 dem,
831 1318 140 44 quia
918 1318 140 44 omne
1005 1318 244 44 principium
1180 1318 87 44 fa-

739 1361 152 42 ciunt
840 1361 237 42 elementum.
1026 1361 203 42 quoddam,
1162 1361 101 42 quia

743 1402 225 47 contraria
916 1402 243 47 principia.
1090 1402 173 47 quoddam,

744 1445 146 46 quia
835 1445 164 46 ipsum
945 1445 164 46 vnum,
1036 1445 237 46 principium.

750 1487 183 43 quoddam,
887 1487 122 43 quia
963 1487 167 43 numeros
1084 1487 152 43 primas
1176 1487 91 43 sub-

746 1527 188 43 stantias,
890 1527 72 43 &
919 1527 231 43 separabiles,
1107 1527 87 43 ac
1136 1527 130 43 fosras,

749 1573 82 37 Si
790 1573 137 37 igitur
886 1573 96 37 tum
941 1573 96 37 non
995 1573 137 37 ponere
1091 1573 123 37 bonum
1160 1573 109 37 inter.

750 1615 188 53 principia,
897 1615 94 53 tum
951 1615 94 53 ita
1004 1615 134 53 ponere
1098 1615 201 53 impossibile

747 1652 111 50 est,
817 1652 153 50 constat
928 1652 111 50 quod
997 1652 97 50 non
1053 1652 125 50 recte
1122 1652 153 50 assignan-

755 1697 100 49 tur
812 1697 201 49 principia,
970 1697 129 49 neque
1056 1697 143 49 primae
1142 1697 129 49 substan

753 1741 138 37 tiae.
845 1741 92 37 At
891 1741 138 37 etiam
983 1741 138 37 necis
1075 1741 138 37 recte
1152 1741 107 37 putat

744 1781 118 58 qui
812 1781 202 58 vniuersi
963 1781 236 58 principia,
1132 1781 135 58 anima-

740 1823 135 58 lium,
830 1823 240 58 plantarumque
1025 1823 195 58 principio
1160 1823 105 58 assi
