1475 2066
171 132 160 47 milat,
283 132 128 47 quia
363 132 96 47 ex
411 132 304 47 indeterminatis,
651 132 64 47 ac

187 180 222 54 imperfectis
365 180 148 54 semper
468 180 237 54 perfectiora:
661 180 74 54 &

184 221 101 53 ideo
247 221 101 53 estm
310 221 76 53 in
348 221 126 53 primis
436 221 88 53 ita
486 221 76 53 se
524 221 126 53 habere
600 221 113 53 aiutem,

189 260 91 59 vt
234 260 106 59 nec
295 260 106 59 ens
355 260 166 59 aliquid
476 260 106 59 sit
536 260 136 59 ipsum
611 260 91 59 vnum

194 305 140 41 Verum
288 305 140 41 etiam
381 305 109 41 hic
443 305 187 41 perfecta
568 305 140 41 princi-

189 344 107 50 pia
250 344 138 50 sunt,
342 344 92 50 ex
388 344 153 50 quibus
495 344 123 50 haec
572 344 138 50 sunt.
649 344 61 50 ho

184 389 109 54 mo
238 389 145 54 enim
329 389 199 54 hominem
474 389 217 54 generat,
618 389 91 54 nec

171 429 304 54 semenprimum
394 429 122 54 est.

186 485 138 50 Contra
283 485 165 50 ponentes
406 485 124 50 locum
489 485 124 50 simul
571 485 96 50 cum
613 485 96 50 magni

206 522 164 40 tudinibus
333 522 126 40 fieri.
421 522 101 40 Item
484 522 126 40 contra
560 522 126 40 dicentes

220 563 70 43 ex
255 563 140 43 numeris,
360 563 70 43 vt
395 563 70 43 ex
430 563 152 43 elementis
547 563 105 43 entia
606 563 58 43 fi-

237 601 84 42 ri,
285 601 109 42 ipsum
358 601 109 42 autem
430 601 109 42 aliud
502 601 72 42 ex
538 601 96 42 alio
587 601 60 42 es-

265 638 82 51 se,
312 638 94 51 quot
371 638 106 51 modis
441 638 129 51 dicatur
535 638 82 51 non
570 638 59 51 di-

302 677 216 45 uidentibus.
475 677 115 45 Cap.
532 677 58 45 2.

293 710 165 44 Psurdum
413 710 120 44 item
488 710 105 44 est
549 710 135 44 locum
624 710 75 44 si-

292 757 121 46 mul
361 757 121 46 cum
430 757 190 46 solidis
551 757 155 46 mathema

297 805 136 46 ticis
387 805 166 46 facere.
508 805 136 46 locus
583 805 121 46 nanque

178 838 235 45 singularium
367 838 204 45 proprius,
523 838 141 45 quare
602 838 94 45 loco

179 880 258 42 separabilia
385 880 155 42 sunt.
471 880 224 42 mathematica

176 920 131 49 vero
257 920 114 49 non
323 920 131 49 sunt
405 920 196 49 alicubi.
552 920 98 49 At
585 920 114 49 insup

178 961 148 41 dicere
282 961 163 41 quidem,
401 961 119 41 quod
475 961 163 41 alicubi
579 961 104 41 erunt

178 1001 131 42 quid
260 1001 131 42 vero
341 1001 147 42 locus
440 1001 131 42 sit,
522 1001 115 42 non
571 1001 131 42 absur-

179 1045 111 48 dum
242 1045 127 48 est.
322 1045 206 48 Oportebat
480 1045 127 48 vero
559 1045 127 48 eos,
622 1045 79 48 qui

181 1093 137 37 entia
272 1093 182 37 dicebant
409 1093 121 37 esse
484 1093 91 37 ex
515 1093 182 37 elementis,

177 1126 199 51 primaque
327 1126 166 51 entium
443 1126 199 51 numeros,
576 1126 116 51 diui-

182 1173 116 37 dere
255 1173 174 37 qualiter
386 1173 131 37 aliud
473 1173 87 37 ex
516 1173 116 37 alio
589 1173 116 37 sit:
661 1173 73 37 &

172 1211 134 39 ita
248 1211 191 39 dicere
382 1211 191 39 quonam
516 1211 153 39 modo
592 1211 115 39 nume

180 1254 109 36 rus
243 1254 93 36 ex
289 1254 218 36 principiis
461 1254 125 36 sit.
538 1254 140 36 Vtrum
616 1254 78 36 mi-

180 1293 180 46 stioneA
311 1293 98 46 At
360 1293 115 46 non
425 1293 115 46 est
491 1293 131 46 omne
557 1293 147 46 miscibi

185 1333 98 45 le,
241 1333 70 45 &
269 1333 112 45 quod
338 1333 98 45 sit
394 1333 167 45 alterum,
520 1333 98 45 non
576 1333 112 45 erit
631 1333 70 45 se-

178 1373 194 47 parabile
323 1373 129 47 vnum
404 1373 161 47 ipsum,
517 1373 113 47 nec
565 1373 129 47 altera

172 1412 182 56 natura,
305 1412 149 56 neque
404 1412 182 56 volunt.
536 1412 99 56 At
569 1412 132 56 compo-

178 1453 155 54 sitione
291 1453 155 54 dicent,
403 1453 85 54 vt
446 1453 169 54 syllabam
572 1453 70 54 e
600 1453 99 54 ged
643 1453 56 54 si

182 1493 97 46 tum
237 1493 152 46 necesse
348 1493 97 46 est
404 1493 125 46 esse.
486 1493 69 46 &
514 1493 97 46 qui
556 1493 138 46 intelli-

184 1541 126 52 git,
263 1541 174 52 seorsum
389 1541 221 52 intelliget
563 1541 142 52 vnum,
658 1541 79 52 &

172 1579 295 40 multitudinem.
414 1579 121 40 hoc
484 1579 173 40 igitur
588 1579 104 40 nume

178 1621 109 38 rus
241 1621 140 38 erit,
334 1621 156 38 vnitas
443 1621 78 38 &
474 1621 218 38 multitudo,
630 1621 78 38 aut

179 1660 123 50 vnum
256 1660 77 50 &
287 1660 216 50 inaequale.
456 1660 93 50 Et
502 1660 108 50 cum
564 1660 108 50 id,
610 1660 93 50 quod

184 1708 97 50 est
239 1708 83 50 ex
281 1708 180 50 aliquibus
419 1708 124 50 esse,
502 1708 97 50 est
557 1708 152 50 quidem,
654 1708 55 50 vt

184 1749 78 45 ex
223 1749 104 45 his,
288 1749 104 45 quae
353 1749 143 45 insunt,
457 1749 91 45 est
509 1749 117 45 vero,
587 1749 78 45 vt
626 1749 104 45 non,

186 1786 166 40 vtronam
307 1786 121 40 modo
382 1786 166 40 numerus
503 1786 121 40 est*
578 1786 121 40 Sic.
638 1786 91 40 enim

725 133 85 62 vt
767 133 85 62 ex
810 133 113 62 his,
880 133 113 62 quae
951 133 155 62 insunt,
1064 133 99 62 non
1121 133 113 62 sunt
1177 133 85 62 nisi

728 179 104 56 ea,
787 179 148 56 quorum
891 179 193 56 generatio
1039 179 119 56 est.
1114 179 104 56 Sed
1158 179 89 56 tan-

726 220 123 44 quam
803 220 77 44 a
833 220 154 44 semine
941 220 139 44 erit:
1033 220 92 44 At
1080 220 108 44 non
1126 220 123 44 possi-

720 259 124 48 bile
797 259 93 48 ab
843 259 248 48 indiuisibili
1045 259 170 48 aliquid
1153 259 93 48 abi-

716 303 109 52 re.
779 303 140 52 Verum
872 303 202 52 fortassis
1027 303 171 52 tanquam
1151 303 93 52 vt
1182 303 62 52 ex

721 348 203 46 contrario
878 348 109 46 non
940 348 219 46 permanente
1112 348 94 46 At
1143 348 94 46 quae

724 397 144 29 cunque
824 397 101 29 ita
882 397 129 29 sunt,
968 397 86 29 ex
1011 397 115 29 alio
1083 397 144 29 quoque
1169 397 72 29 quo

724 425 117 50 dam
791 425 234 50 permanente
975 425 151 50 sunt.
1076 425 117 50 Cum
1126 425 117 50 autem

718 468 139 53 vnum,
810 468 155 53 quidam
918 468 155 53 quidem
1027 468 93 53 vt
1058 468 185 53 contrarium

711 518 265 44 multitudini,
927 518 232 44 quidamvero
1093 518 149 44 inaequa

717 553 87 41 li
761 553 145 41 ponat,
863 553 102 41 vno
921 553 87 41 vt
965 553 160 41 aequali
1081 553 145 41 vtens,
1168 553 73 41 tam

720 603 130 38 quam
801 603 98 38 ex
850 603 228 38 contrarijs
1029 603 130 38 erit
1094 603 147 38 numerus

717 637 183 45 profecto.
858 637 99 45 est
914 637 141 45 igitur
1013 637 169 45 quippiam
1126 637 99 45 aliud

718 678 96 38 ex
766 678 112 38 quo
830 678 240 38 permanente,
1021 678 80 38 &
1053 678 160 38 altero
1149 678 80 38 est

720 724 97 43 aut
776 724 138 43 factus
872 724 111 43 est.
942 724 194 43 Praeterea,
1094 724 97 43 cur
1135 724 97 43 caete

714 764 96 46 ra
762 764 176 46 quidem,
890 764 224 46 quaecunque
1065 764 96 46 ex
1097 764 144 46 contra-

721 797 121 46 rijs
796 797 136 46 sunt,
887 797 106 46 aut
948 797 106 46 ea,
1008 797 151 46 quibus
1099 797 136 46 contra-

709 845 124 37 ria
780 845 159 37 sunt,
886 845 300 37 corrumpuntur,
1115 845 124 37 nume-

714 877 107 54 rus
775 877 137 54 vero,
866 877 76 54 &
897 877 92 54 si
943 877 92 54 ex
989 877 122 54 omni
1065 877 122 54 sit,
1126 877 107 54 mini-

719 921 129 41 mesde
805 921 100 41 hoc
862 921 115 41 enim
934 921 129 41 nihil
1020 921 172 41 dicitur,
1149 921 115 41 quam

720 960 103 49 uis
779 960 205 49 contrarium
940 960 103 49 tam
999 960 117 49 quod
1072 960 146 49 inest,
1160 960 73 49 qua

717 1010 118 40 quod
791 1010 103 40 non
850 1010 147 40 inest,
953 1010 206 40 corrumpat,
1115 1010 88 40 vt
1145 1010 88 40 con-

716 1045 150 45 tentio
821 1045 195 45 misturam.
971 1045 165 45 attamen
1092 1045 105 45 non
1137 1045 90 45 opos

714 1089 147 41 tebat.
817 1089 103 41 non
876 1089 118 41 enim
950 1089 103 41 est
1008 1089 118 41 illi
1067 1089 162 41 contraria

713 1127 153 51 Numerum
824 1127 97 51 non
880 1127 111 51 esse
949 1127 139 51 causam
1046 1127 153 51 aliquam
1144 1127 69 51 ip-

777 1165 160 50 sarum
884 1165 177 50 rerum.
1008 1165 142 50 Cap.
1079 1165 53 50 8

800 1205 131 45 Vlhil
887 1205 131 45 autem
974 1205 232 45 determinatum
1148 1205 73 45 est

833 1245 197 57 qualiter
980 1245 164 57 numeri
1079 1245 148 57 substan

830 1288 167 42 tiarum,
951 1288 76 42 &
982 1288 228 42 existentiae
1149 1288 76 42 cau

711 1333 103 37 sae
770 1333 133 37 sunt:
859 1333 133 37 vtrum
947 1333 89 37 vt
992 1333 177 37 termini,
1110 1333 118 37 veluti

711 1373 173 45 puncta
832 1373 295 45 magnitudinum,
1075 1373 87 45 &
1110 1373 104 45 vt
1144 1373 87 45 Eu-

714 1421 157 44 rytus
818 1421 245 44 ordinabat,
1011 1421 140 44 haec
1081 1421 157 44 numerus

716 1453 141 46 huius:
814 1453 127 46 puta,
899 1453 98 46 hic
955 1453 141 46 quidem
1053 1453 169 46 hominis,
1166 1453 70 46 hic

717 1494 124 52 vero
795 1494 140 52 equi:
888 1494 233 52 quemadmodum
1075 1494 140 52 illi,
1152 1494 78 52 qui

709 1534 182 53 numeros
842 1534 99 53 ad
891 1534 198 53 siguras,
1024 1534 198 53 triangulum

716 1581 78 54 &
748 1581 219 54 quandratum
920 1581 203 54 reducunt,
1076 1581 109 54 ita
1123 1581 109 54 plan-

708 1621 148 47 tarum
806 1621 165 47 formas
921 1621 280 47 supputationum
1135 1621 99 47 cal-

716 1661 125 48 culis
800 1661 209 48 assimilans.
967 1661 97 48 An,
1022 1661 153 48 quoniam
1120 1661 111 48 ratio,

717 1701 63 53 &
743 1701 188 53 consonantia
893 1701 176 53 numerorum,
1031 1701 163 53 similiter
1144 1701 88 53 etiam

707 1741 158 45 homo,
813 1741 88 45 &
848 1741 193 45 aliorum
988 1741 245 45 vnunquoque
1163 1741 70 45 At

703 1783 229 49 passiones,
882 1783 196 49 qualiter
1029 1783 131 49 sunt
1094 1783 131 49 numeri
