1475 2066
161 140 163 56 quoniam
280 140 148 56 duplum
384 140 163 56 aliorum
487 140 193 56 vnunquodque

164 188 146 54 aliud
261 188 130 54 vero
342 188 178 54 minime,
472 188 146 54 causa
553 188 130 54 quidem

171 231 118 51 est,
245 231 118 51 quia
319 231 103 51 cum
378 231 118 51 tria
451 231 118 51 loca
525 231 133 51 sint,
599 231 88 51 vnum

172 274 83 56 in
214 274 97 56 vno
269 274 138 56 quoque
366 274 152 56 infertr
477 274 138 56 ipsis,
560 274 125 56 propte-

177 325 85 44 rea
225 325 97 44 tria
286 325 121 44 tantum
371 325 109 44 sunt,
444 325 85 44 sed
493 325 85 44 non
541 325 134 44 quoniam
626 325 61 44 con

176 356 199 46 sonantiae
329 356 138 46 tres:
421 356 107 46 nam
483 356 153 46 plures
575 356 107 46 conso

166 405 162 46 nantiae
284 405 133 46 sunt,
373 405 103 46 hic
432 405 118 46 vero
506 405 103 46 non
550 405 133 46 amplius

175 440 186 50 possunt.
314 440 171 50 Similes
438 440 124 50 vero
516 440 93 50 hi
547 440 140 50 quoqued

171 487 125 43 sunt
250 487 188 43 Antiquis
391 487 219 43 homericis,
563 487 110 43 qui
610 487 78 43 par

169 520 123 50 uas
240 520 298 50 similitudines
485 520 193 50 vident,
608 520 70 50 ma

170 561 141 49 gnas
259 561 141 49 vero
347 561 124 49 non
417 561 194 49 vident.
541 561 141 49 Dicunt

170 612 125 45 autem
253 612 152 45 quidam,
364 612 111 45 quod
434 612 125 45 multa
517 612 125 45 talia
586 612 97 45 sunt,

170 645 159 37 veluti
281 645 143 37 ipsae
376 645 175 37 mediae.
503 645 175 37 quaedam
615 645 63 37 no

175 685 145 37 uem,
265 685 199 37 quaedam
410 685 163 37 octo,
518 685 90 37 &
536 685 145 37 carmer

174 724 145 52 decem
270 724 80 52 &
303 724 161 52 septem
415 724 113 52 his
480 724 129 52 esse
544 724 145 52 aequale

166 765 172 43 numero.
292 765 188 43 ascendit
433 765 141 43 autem
526 765 94 43 in
558 765 125 43 dextro

169 804 165 54 quidem
285 804 149 54 nouem
384 804 215 54 syllabis,
550 804 99 54 in
583 804 99 54 syni

173 845 113 54 stro
243 845 113 54 vero
314 845 127 54 octo.
398 845 70 54 &
426 845 113 54 quod
497 845 169 54 aequalis
610 845 70 54 di-

169 887 154 56 stantia,
284 887 90 56 tam
336 887 77 56 in
374 887 141 56 literis
476 887 77 56 ab
515 887 64 56 a
540 887 77 56 ad
579 887 77 56 e,
604 887 77 56 quam

168 925 96 45 in
216 925 161 45 tibijs
329 925 80 45 a
361 925 225 45 grauissimo
537 925 145 45 bombo
618 925 64 45 ad

164 967 234 43 acutissimam
352 967 156 43 neten,
461 967 141 43 cuius
539 967 141 43 numerus

165 1008 234 45 aequalitas
349 1008 117 45 est
416 1008 217 45 omnimodae
566 1008 117 45 coeli

164 1052 203 45 melodiae.
321 1052 156 45 Videri
430 1052 141 45 autem
524 1052 109 45 non
571 1052 109 45 decet

169 1096 135 43 talia.
264 1096 95 43 nam
318 1096 135 43 nullus
413 1096 176 43 dubitaret
549 1096 122 43 neque
616 1096 68 43 di-

166 1133 140 42 cere,
260 1133 109 42 nec
322 1133 187 42 inuenire
462 1133 93 42 in
493 1133 187 42 perpetuis,

176 1173 153 47 quoniam
288 1173 70 47 &
315 1173 84 47 in
357 1173 279 47 corruptibilibus.
580 1173 98 47 Vtrum

176 1217 101 49 qua
233 1217 87 49 in
277 1217 159 49 numeris
393 1217 159 49 naturae
508 1217 188 49 laudatae,
639 1217 43 49 &

178 1261 101 46 qua
235 1261 101 46 his
293 1261 202 46 contraria,
451 1261 86 46 ac
495 1261 159 46 omnino,
596 1261 86 46 quae

169 1300 101 39 in
220 1300 286 39 Mathematibus,
455 1300 101 39 vt
506 1300 168 39 quidam
607 1300 67 39 di

165 1341 152 49 cunt,
266 1341 84 49 &
300 1341 169 49 causas
418 1341 169 49 nature
519 1341 152 49 faciunt

170 1386 212 45 videntur
329 1386 124 45 hoc
400 1386 141 45 modo
471 1386 212 45 consyderam

176 1421 91 45 tes
228 1421 142 45 fugere.
331 1421 155 45 secundum
448 1421 129 45 nullum
539 1421 104 45 enim
590 1421 91 45 modum

167 1469 149 45 eorum,
272 1469 105 45 qui
331 1469 134 45 circa
421 1469 194 45 principia
555 1469 120 45 deter.

168 1506 148 40 minati
272 1506 133 40 sunt,
360 1506 118 40 vlla
434 1506 133 40 eorum
523 1506 133 40 causa
596 1506 89 40 est.

703 149 91 55 Vt
748 149 137 55 tamen
840 149 213 55 manifestum
1007 149 182 55 faciunt,
1144 149 122 55 quod

699 189 152 45 ipsum
800 189 135 45 bene
884 189 135 45 est,
969 189 84 45 &
1002 189 135 45 quod
1086 189 101 45 de
1120 189 101 45 coor

704 231 202 52 dinatione
860 231 155 52 ipsius
969 231 124 52 boni
1046 231 109 52 est
1093 231 124 52 impar,

698 274 175 41 rectum,
826 274 191 41 aequale,
969 274 128 41 quae
1049 274 207 41 quorundam

698 322 226 40 numerorum
871 322 139 40 sunt
958 322 226 40 potentiae
1115 322 104 40 (si-

696 356 119 53 mul
764 356 170 53 nanque
883 356 136 53 anni
968 356 204 53 tempora,
1121 356 85 53 &
1138 356 85 53 ta-

702 397 110 45 lis
765 397 188 45 numerus)
906 397 78 45 &
937 397 188 45 caetera,
1062 397 157 45 quaecun-

707 437 111 54 que
770 437 221 54 colligunt,
944 437 95 54 ex
976 437 237 54 theorematibus

700 478 295 44 mathematicis
939 478 147 44 hanc
1013 478 202 44 potentiam

704 520 147 56 omnia
802 520 180 56 habent.
933 520 147 56 Quare
1015 520 196 56 assimilan-

701 561 107 41 tur
762 561 214 41 casualibus
930 561 260 41 accidentibus,
1128 561 92 41 sunt

705 605 121 45 enim
780 605 211 45 accidentia
946 605 166 45 quidem,
1067 605 106 45 sed
1112 605 106 45 conm-

700 645 196 38 uenientia
851 645 166 38 inuicem
972 645 151 38 omnia.
1077 645 121 38 vnum
1138 645 75 38 au-

700 691 129 39 tem,
781 691 129 39 quod
861 691 274 39 proportionale
1087 691 129 39 est.
1151 691 65 39 In

708 725 214 53 vnaquaque
872 725 132 53 enim
955 725 148 53 entis
1037 725 165 53 praedica

702 764 132 58 tione
791 764 118 58 est:
864 764 132 58 quod,
952 764 250 58 proportionale
1143 764 74 58 est

707 806 92 44 vt
753 806 154 44 rectum
860 806 92 44 in
907 806 246 44 longitudine,
1106 806 108 44 ita
1153 806 62 44 in

695 853 211 38 latitudine
861 853 181 38 aequale:
996 853 90 38 in
1041 853 151 38 numero
1132 853 75 38 ve-

702 886 85 45 ro
744 886 184 45 fortassis
886 886 141 45 impar,
985 886 85 45 in
1027 886 141 45 colore
1112 886 99 45 autem

699 927 171 51 album.
819 927 223 51 Praeterea
973 927 240 51 harmoieorum,

696 968 141 55 atque
790 968 188 55 similium
931 968 110 55 non
994 968 125 55 sunt
1072 968 141 55 causa
1150 968 63 55 nu

693 1020 131 38 meri,
781 1020 102 38 qui
839 1020 87 38 in
883 1020 145 38 formis
984 1020 131 38 sunt.
1072 1020 116 38 Illi
1130 1020 87 38 nan-

705 1053 114 47 que
770 1053 196 47 aequales
917 1053 98 47 ab
966 1053 179 47 inuicem
1080 1053 130 47 specie

701 1096 204 42 differunt.
862 1096 146 42 etenim
964 1096 131 42 ipsae
1051 1096 146 42 quoque
1138 1096 73 42 vni

704 1134 141 44 tates,
802 1134 141 44 quare,
901 1134 155 44 propter
1013 1134 112 44 haec
1083 1134 98 44 non
1126 1134 84 44 sunt

696 1175 183 44 faciendae
837 1175 155 44 formae.
950 1175 113 44 Quae
1021 1175 141 44 igitur
1105 1175 99 44 acci-

696 1214 134 44 dunt,
786 1214 134 44 haec,
875 1214 75 44 &
905 1214 119 44 alia
979 1214 134 44 etiam
1069 1214 104 44 his
1114 1214 89 44 plu-

696 1255 99 45 ra,
752 1255 85 45 si
795 1255 255 45 colligerentur.
1007 1255 156 45 Videtur
1106 1255 99 45 autem

698 1294 87 44 id
742 1294 160 44 indicio
858 1294 116 44 esse
931 1294 145 44 multis
1033 1294 116 44 male
1091 1294 116 44 affici

697 1341 144 54 circa
793 1341 256 54 generationem
1001 1341 160 54 eorum,
1113 1341 80 54 &
1129 1341 80 54 nul

696 1382 88 37 lo
740 1382 117 37 modo
814 1382 132 37 posse
901 1382 190 37 connecti,
1048 1382 88 37 eo
1092 1382 117 37 quod
1150 1382 59 37 ma

702 1421 200 42 thematica
855 1421 108 42 non
917 1421 108 42 sit
978 1421 77 42 a
994 1421 215 42 sensibilibus

694 1469 110 37 (vt
757 1469 157 37 quidam
867 1469 173 37 dicunt)
993 1469 204 37 separata,
1134 1469 79 37 nec

695 1501 127 52 ipsa
774 1501 159 52 quidem
885 1501 127 52 sint
949 1501 190 52 principia.
