1475 2066
197 157 137 51 omnes
288 157 214 51 Philosophi
456 157 122 51 esse
517 157 199 51 substantiam

207 197 103 48 ideo
271 197 103 48 apud
336 197 116 48 ipsos
413 197 90 48 id,
465 197 103 48 quod
529 197 167 48 notificat
645 197 77 48 qui-

212 231 142 43 ditatem
315 231 116 43 huius
393 231 90 43 rei
445 231 194 43 indiuiduae,
600 231 116 43 debet
664 231 65 43 de-

205 269 181 55 nominari
341 269 136 55 magis
431 269 226 55 substantia.
612 269 91 55 Et
643 269 75 55 qui

206 308 121 47 putant
290 308 181 47 vniversalia
435 308 109 47 huius
508 308 157 47 indiuidui
616 308 97 47 notifi

214 348 102 50 care
278 348 178 50 quiditatem
418 348 115 50 eius,
495 348 127 50 dicunt
584 348 102 50 ipsa
635 348 89 50 magis

201 384 155 42 debere
309 384 217 42 denominari
479 384 232 42 substantia.
650 384 77 42 Sed

214 422 97 52 qui
269 422 194 52 existimant
422 422 235 52 corporeitatem
601 422 111 52 notifi

203 460 104 52 care
268 460 117 52 huius
346 460 169 52 indiuidui
477 460 195 52 quiditatem,
633 460 65 52 &
646 460 78 52 quod

202 501 112 53 ipsa
272 501 210 53 corporeitas
440 501 154 53 constat
538 501 196 53 longitudine,

202 540 212 47 latitudine,
372 540 71 47 &
400 540 240 47 profunditate,
584 540 141 47 appellam

211 576 111 42 istas
285 576 185 42 dimensiones
433 576 197 42 substantias.
593 576 74 42 Et
618 576 111 42 similie

210 620 95 37 qui
265 620 135 37 credit
359 620 176 37 essentiam
494 620 176 37 indiuidui
616 620 108 37 consta

203 653 81 46 re
244 653 81 46 ex
285 653 162 46 partibus
406 653 271 46 indiuisibilibus,
623 653 108 46 appel-

202 693 96 37 lat
257 693 96 37 eas
312 693 219 37 substantias:
490 693 82 37 vt
531 693 178 37 audiuimus
654 693 68 37 lo-

215 733 154 54 quentes
327 733 140 54 nostri
425 733 112 54 aeui
495 733 182 54 appellare
621 733 112 54 atomum

213 766 192 46 substantiam
366 766 230 46 indiuisibilem.
558 766 77 46 Et
596 766 89 46 sic
635 766 89 46 etiam

213 811 105 46 qui
273 811 211 46 imaginatur
439 811 211 46 indiuiduum
589 811 136 46 componi

205 845 91 37 ex
250 845 106 37 mam
311 845 76 37 &
341 845 152 37 forma,
448 845 152 37 credit
554 845 182 37 materiam
675 845 46 37 &

201 884 152 38 formam
307 884 258 38 conuenientius
519 884 152 38 debere
610 884 106 38 appel

204 919 104 54 lari
269 919 130 54 nomine
360 919 208 54 substantiae,
530 919 104 54 quam
595 919 117 54 ipsum
660 919 65 54 in-

211 957 175 45 diuiduum.
345 957 67 45 &
372 957 94 45 hoc
425 957 121 45 etiam
506 957 121 45 iuxta
587 957 94 45 id,
640 957 107 45 quod

207 997 170 45 opinatur
334 997 85 45 de
377 997 85 45 ma
419 997 198 45 cuiuslibet
575 997 113 45 rei,
646 997 71 45 &
660 997 57 45 ei

205 1037 152 39 forma.
311 1037 212 39 Conueniunt
478 1037 136 39 autem
568 1037 136 39 omnes
644 1037 76 39 hoc

209 1072 121 53 iudicio
297 1072 132 53 scilicet
396 1072 88 53 quod
451 1072 77 53 id,
494 1072 88 53 quod
549 1072 143 53 notificat
648 1072 77 53 quidi

203 1116 134 47 tatem
292 1116 208 47 indiuidui,
456 1116 149 47 potius
560 1116 134 47 debet
634 1116 89 47 appe

214 1148 96 38 lari
274 1148 120 38 nomine
358 1148 192 38 substantiae,
513 1148 84 38 qua
561 1148 108 38 ipsum
621 1148 108 38 indiui-

205 1185 136 41 duum.
295 1185 121 41 quia
371 1185 166 41 videtur
492 1185 181 41 absurdum
627 1185 75 41 &
643 1185 75 41 fal

202 1226 109 40 sum,
270 1226 109 40 quod
338 1226 177 40 principia
474 1226 204 40 substantiae
637 1226 68 40 &
651 1226 81 40 eius

214 1261 149 53 elementa
325 1261 87 53 non
375 1261 99 53 sint
437 1261 186 53 substantia,
586 1261 99 53 quia
635 1261 87 53 propr

209 1305 126 49 quod
288 1305 236 49 vnumquodque
477 1305 126 49 tale
556 1305 79 49 &
587 1305 142 49 illud
666 1305 63 49 ma

209 1343 101 47 gis.
272 1343 138 47 exempli
373 1343 138 47 gratia,
474 1343 101 47 res,
536 1343 101 47 quae
599 1343 88 47 est
650 1343 75 47 de
675 1343 50 47 se

210 1377 117 48 causa
288 1377 117 48 rerum
367 1377 183 48 calidarum,
510 1377 131 48 potius
602 1377 117 48 debet
667 1377 52 48 ap

214 1422 157 44 pellari
328 1422 157 44 calida.
442 1422 71 44 &
471 1422 114 44 ideo
542 1422 114 44 nemo
599 1422 129 44 ipsorum

206 1454 138 51 posuit
303 1454 180 51 accidens,
441 1454 180 51 inquantum
580 1454 97 51 est
621 1454 111 51 accins

214 1493 105 45 esse
280 1493 132 45 partem
372 1493 211 45 substantiae,
543 1493 92 45 sed
582 1493 145 45 inquantum

214 1532 198 52 existimatur
372 1532 119 52 ipsum
452 1532 185 52 notificare
584 1532 145 52 essentiam

209 1573 214 50 substantiae
380 1573 200 50 indiuidui:
537 1573 86 50 vt
580 1573 100 50 qui
623 1573 114 50 posuit

206 1610 210 42 dimensiones
374 1610 112 42 esse
444 1610 224 42 substantias.
627 1610 98 42 His
669 1610 56 42 ef

216 1646 76 49 go
254 1646 89 49 sic
305 1646 76 49 se
343 1646 191 49 habentibus,
496 1646 89 49 cum
547 1646 127 49 fuerit
623 1646 102 49 osten-

211 1683 94 47 sum
264 1683 107 47 quod
331 1683 121 47 datur
412 1683 94 47 ens
466 1683 188 47 separatum,
613 1683 107 47 quod
667 1683 67 47 est

218 1732 138 31 causa,
315 1732 83 31 vt
356 1732 193 31 substantia
507 1732 179 31 indiuidui
631 1732 96 31 habea

213 1764 118 38 esse,
292 1764 105 38 plus
357 1764 157 38 convenit
475 1764 105 38 sibi
540 1764 118 38 nomen
606 1764 131 38 substan-

207 1799 113 51 tiae.
283 1799 101 51 hinc
346 1799 88 51 est
396 1799 101 51 quod
459 1799 126 51 Arist.
548 1799 139 51 nominat
636 1799 88 51 intel

740 157 171 51 ligentias
871 157 171 51 separatas
1002 157 210 51 substantias.
1173 157 79 51 Et
1212 157 92 51 hoc
1252 157 39 51 N

734 197 123 50 nomen
816 197 123 50 etiam
898 197 246 50 Philosophorum,
1104 197 82 50 i.
1131 197 123 50 Giauhar

737 225 92 51 in
783 225 138 51 Arabo
875 225 107 51 est
936 225 230 51 transumptum
1120 225 77 51 a
1135 225 123 51 lapide

742 271 202 51 praecioso,
900 271 101 51 sic
958 271 173 51 nominato
1088 271 115 51 apud
1145 271 87 51 vulg

739 308 93 49 qui
792 308 120 49 lapis
872 308 93 49 est
925 308 120 49 magni
1005 308 146 49 praetii
1112 308 67 49 &
1125 308 133 49 valoris.

746 349 69 37 &
774 349 125 37 modus
857 349 236 37 similitudinis
1051 349 125 37 inter
1134 349 111 37 haec
1190 349 69 37 duo

739 395 100 39 est,
802 395 100 39 quia
865 395 100 39 isti
927 395 138 39 lapides
1027 395 175 39 praetiosi,
1165 395 88 39 cum
1202 395 63 39 ita

738 430 211 39 appellentur
907 430 169 39 respectu
1033 430 155 39 aliorum
1132 430 127 39 bonorum

741 467 189 39 substantiae
893 467 139 39 propter
994 467 101 39 suam
1057 467 202 39 nobilitatem,
1221 467 63 39 &

747 501 156 47 pretium
860 501 113 47 apud
931 501 113 47 eos.
1002 501 85 47 &,
1044 501 113 47 quia
1101 501 156 47 praedica-

739 541 123 45 mentum
825 541 111 45 etiam
899 541 185 45 substantiae
1047 541 86 45 est
1097 541 148 45 nobilius
1195 541 62 45 cae

745 573 114 55 teris
822 573 241 55 praedicamentis,
1025 573 178 55 appellatur
1152 573 114 55 substan

744 621 109 44 tia
807 621 171 44 Arabica
931 621 155 44 lingua
1024 621 140 44 Giauhar

832 652 145 38 Ccidens
937 652 145 38 dicitur
1042 652 79 38 de
1082 652 92 38 eo,
1135 652 105 38 quod
1187 652 66 38 non

744 664 80 74 A
776 664 208 74 notificat
936 664 96 74 de
984 664 224 74 indiuiduo,
1160 664 128 74 quod

745 733 132 48 quidem
837 733 92 48 non
890 733 92 48 est
943 733 79 48 in
982 733 171 48 subiecto,
1101 733 158 48 quiditatem

741 768 134 50 suam.
831 768 89 50 Et
875 768 104 50 est
935 768 164 50 duplex.
1054 768 164 50 Primum,
1174 768 119 50 quod

741 805 99 50 non
797 805 183 50 notificat
938 805 85 50 de
980 805 141 50 aliqua
1079 805 85 50 re
1107 805 155 50 essentiam

736 845 125 37 suam,
820 845 70 37 &
847 845 97 37 est
903 845 111 37 suum
973 845 209 37 indiuiduum.
1126 845 139 37 Secundum

739 879 105 44 est,
804 879 105 44 quod
870 879 170 44 notificat
1001 879 79 44 de
1040 879 170 44 indiuiduo
1158 879 105 44 essen-

751 916 82 47 tiam
802 916 93 47 suam,
864 916 51 47 &
884 916 72 47 est
926 916 123 47 scilicet
1018 916 82 47 suum
1070 916 154 47 vniversale.
1193 916 62 47 Et
1214 916 51 47 no-

737 956 107 51 men
798 956 215 51 accidentis
967 956 107 51 est
1028 956 230 51 transumptum
1197 956 61 51 ab

744 997 99 46 eo,
800 997 113 46 quod
871 997 225 46 significatur
1054 997 99 46 per
1110 997 127 46 ipsum
1181 997 85 46 apud

746 1033 135 53 vulgus,
844 1033 61 53 &
868 1033 98 53 est,
929 1033 147 53 scilicet
1040 1033 86 53 id,
1089 1033 98 53 quod
1150 1033 98 53 cito
1199 1033 61 53 au-

742 1070 153 44 fertur:
853 1070 83 44 Et
895 1070 236 44 vniuersaliter
1089 1070 180 44 diuiditur
1214 1070 55 44 in

737 1116 132 48 nonem
825 1116 264 48 praedicamenta,
1045 1116 117 48 quae
1118 1116 117 48 sunt
1177 1116 88 48 quan

735 1149 133 54 titas,
828 1149 172 54 qualitas,
960 1149 159 54 relatio,
1079 1149 106 54 vbi,
1146 1149 146 54 quando,

746 1188 125 51 situs,
833 1188 137 51 habere,
933 1188 125 51 agere,
1008 1188 87 51 pati-

782 1221 128 45 Etiam
867 1221 199 45 notificaui
1024 1221 85 45 in
1066 1221 128 45 libro
1137 1221 114 45 Praedi

740 1262 221 53 camentorum
914 1262 252 53 significatum
1118 1262 142 53 harum
1197 1262 63 53 di

745 1303 128 51 ctionum.
842 1303 128 51 scilicet
938 1303 86 51 quod
991 1303 139 51 quantitas
1098 1303 118 51 dicitur
1184 1303 64 51 de
1205 1303 64 51 omni

742 1348 97 43 eo,
798 1348 111 43 quod
867 1348 194 43 mensuratur
1020 1348 97 43 sua
1075 1348 139 43 parte.
1173 1348 69 43 &
1187 1348 69 43 dic

744 1387 104 43 tur
804 1387 134 43 primo
893 1387 179 43 secundum
1027 1387 134 43 verum
1116 1387 149 43 geneus
1205 1387 60 43 de

742 1416 165 42 numero,
862 1416 75 42 &
892 1416 150 42 postea
997 1416 90 42 de
1042 1416 180 42 reliquis
1162 1416 105 42 gene-

745 1458 145 44 ribus,
846 1458 116 44 quae
918 1458 101 44 ibi
976 1458 246 44 enumerauimus.
1178 1458 87 44 Et
1207 1458 58 44 ip

752 1494 94 53 sius
811 1494 177 53 quantitatis
953 1494 94 53 alia
1012 1494 83 53 est
1059 1494 83 53 per
1106 1494 83 53 se,
1153 1494 94 53 alia
1200 1494 71 53 vero

746 1532 88 47 per
797 1532 163 47 accidens.
922 1532 63 47 &
948 1532 101 47 quae
1011 1532 88 47 per
1061 1532 88 47 se,
1111 1532 75 47 vt
1136 1532 126 47 numerus,

748 1574 59 47 &
772 1574 142 47 reliquae
879 1574 130 47 species
973 1574 83 47 ibi
1021 1574 166 47 numeratae.
1151 1574 83 47 per
1187 1574 83 47 acci-

743 1614 117 44 dens
816 1614 117 44 vero
889 1614 190 44 quantitas
1035 1614 117 44 est,
1108 1614 88 44 vt
1138 1614 131 44 nigredo

747 1648 68 49 &
775 1648 150 49 albedo,
884 1648 109 49 quae
952 1648 205 49 mensurantur
1117 1648 82 49 ex
1158 1648 82 49 eo
1185 1648 82 49 quod

746 1684 129 50 sunt
827 1684 97 50 in
875 1684 242 50 magnitudine
1068 1684 81 50 &
1085 1684 177 50 paruitate

749 1721 93 53 Sed
802 1721 93 53 per
855 1721 79 53 se
894 1721 93 53 est
947 1721 132 53 illud,
1040 1721 106 53 quod
1106 1721 119 53 inest
1172 1721 93 53 primo

740 1762 118 40 illi
814 1762 118 40 rei,
888 1762 88 40 vt
932 1762 162 40 mensura
1050 1762 74 40 &
1079 1762 192 40 magnitudo
1212 1762 59 40 in

748 1799 83 51 est
796 1799 130 51 numero.
890 1799 166 51 quandoqued
1021 1799 107 51 tamen
1092 1799 107 51 inest
1151 1799 119 51 secundo,
