1475 2066
199 152 70 57 &
227 152 98 57 per
283 152 153 57 aliquid
394 152 139 57 aliud,
492 152 84 57 vt
534 152 153 57 tempus,
645 152 112 57 quod

206 203 83 39 in
248 203 194 39 quantitate
401 203 194 39 collocatur
553 203 153 39 ratione
651 203 69 39 mot

215 237 73 46 &
245 237 132 46 motus
333 237 161 46 ratione
450 237 249 46 magnitudinis.
640 237 88 46 immo

215 270 92 54 hoc
268 270 158 54 remotius
386 270 105 54 vte,
452 270 105 54 quod
518 270 185 54 ingreditur
650 270 79 54 ipsa

217 310 154 50 leuitas
329 310 70 50 &
357 310 168 50 grauitas
484 310 224 50 quantitatem,
652 310 70 50 cum

219 349 97 51 sint
280 349 182 51 qualitates,
425 349 97 51 quae
486 349 109 51 tamen
559 349 158 51 patiuntur
668 349 61 51 men

213 388 127 38 suram
298 388 169 38 ratione,
425 388 99 38 qua
481 388 113 38 sunt
552 388 85 38 in
580 388 155 38 magnitudi

216 422 125 44 nibus.
303 422 112 44 aliae
378 422 87 44 est
428 422 187 44 qualitates,
577 422 100 44 quae
640 422 75 44 in
665 422 62 44 ma-

214 465 230 48 gnitudinibus
401 465 230 48 inueniuntur,
588 465 86 48 vt
617 465 115 48 magnum

212 509 76 37 &
242 509 168 37 paruum,
364 509 183 37 strictum
501 509 76 37 &
532 509 152 37 latum,
623 509 107 37 breue

212 541 84 37 &
246 541 234 37 profundum,
430 541 284 37 appropinquant
647 541 84 37 ma-

213 584 89 42 gis
264 584 115 42 illi.
341 584 89 42 hae
392 584 102 42 enim
456 584 115 42 licet
532 584 102 42 sint
584 584 140 42 qualita

211 621 106 44 tes,
277 621 225 44 connumerantur
462 621 119 44 tamen
542 621 79 44 in
568 621 159 44 quantitate

215 655 120 49 quia
290 655 150 49 insunt
395 655 135 49 primo
470 655 254 49 magnitudinibus.

256 693 176 49 Qualitas
388 693 117 49 vero
461 693 161 49 dicitur
579 693 88 49 de
608 693 117 49 commu-

212 728 111 42 niori
286 728 86 42 re,
335 728 99 42 quae
396 728 135 42 dicatur
495 728 74 42 in
532 728 111 42 libro
594 728 135 42 Praedica-

211 773 165 37 mentorum.
338 773 64 37 &
364 773 102 37 hoc,
427 773 102 37 quia
491 773 140 37 dicitur
592 773 76 37 de
618 773 114 37 quatuor

212 813 178 42 generibus
349 813 96 42 ibi
404 813 96 42 iam
458 813 205 42 enumeratis.
623 813 82 42 Et
650 813 82 42 quan

207 844 120 47 doque
286 844 120 47 etiam
366 844 146 47 dicitur
473 844 80 47 de
512 844 133 47 formis
592 844 133 47 specifi-

211 881 115 41 cis,
283 881 86 41 vt
326 881 86 41 de
369 881 202 41 humanitate
527 881 72 41 &
542 881 187 41 animalitate

212 920 75 47 Et
249 920 137 47 quaedam
349 920 100 47 eius
411 920 112 47 inest
486 920 187 47 substantiae
636 920 87 47 per
673 920 50 47 se

210 956 82 53 vt
251 956 150 53 habitus
360 956 68 53 &
387 956 204 53 dispositio.
550 956 68 53 &
577 956 109 53 alia
632 956 95 53 inest

212 1005 110 41 per
275 1005 173 41 aliquod
401 1005 141 41 aliud
480 1005 252 41 praedicamentum

213 1037 84 48 vt
255 1037 155 48 sigura,
368 1037 112 48 quae
438 1037 141 48 quidem
536 1037 127 48 inest
607 1037 127 48 substan

204 1071 117 43 tiae
277 1071 175 43 mediante
394 1071 190 43 quantitate.

252 1111 137 42 Melatio
351 1111 112 42 autem
426 1111 87 42 est
475 1111 149 42 communis
587 1111 137 42 omnibus
674 1111 50 42 de

209 1148 99 50 cem
265 1148 268 50 praedicamentis,
491 1148 99 50 nam
548 1148 183 50 inuenitur
675 1148 56 50 in

211 1186 177 52 substantia,
353 1186 71 52 vt
388 1186 106 52 verbi
459 1186 118 52 gratia
542 1186 106 52 pater
613 1186 59 52 &
625 1186 106 52 filius,

205 1224 77 42 &
235 1224 93 42 in
282 1224 232 42 quantitate,
467 1224 93 42 vt
514 1224 155 42 duplum
622 1224 77 42 &
637 1224 93 42 dimi

212 1261 108 45 dium
279 1261 67 45 &
306 1261 162 45 aequale:
427 1261 67 45 &
454 1261 81 45 in
495 1261 175 45 qualitate
630 1261 81 45 vt
657 1261 67 45 si-

200 1300 103 51 mile
265 1300 64 51 &
290 1300 155 51 scientia
406 1300 142 51 scitum:
509 1300 64 51 &
535 1300 77 51 in
574 1300 103 51 vbi,
638 1300 77 51 vt
664 1300 64 51 qui

207 1341 77 38 in
246 1341 102 38 loco
309 1341 102 38 esse
373 1341 243 38 circunscribitur
578 1341 64 38 &
603 1341 128 38 locus:
693 1341 64 38 &

206 1377 72 41 nm
242 1377 131 41 quando,
338 1377 72 41 vt
373 1377 108 41 prius
445 1377 60 41 &
469 1377 167 41 posterius:
600 1377 60 41 &
624 1377 72 41 in
648 1377 72 41 situ

211 1416 89 53 vt
256 1416 163 53 dextrum
374 1416 74 53 &
404 1416 207 53 finistrum:
566 1416 89 53 in
611 1416 133 53 agere
685 1416 44 53 &

206 1459 128 43 pati,
291 1459 85 43 vt
334 1459 128 43 agens
419 1459 71 43 &
447 1459 156 43 passum.
561 1459 128 43 Extat
632 1459 99 43 tamen

209 1500 176 46 differentia
350 1500 105 46 inter
420 1500 94 46 haec
479 1500 129 46 quinque
561 1500 164 46 praedicamen-

204 1540 94 39 ta,
257 1540 107 39 quae
324 1540 174 39 relatione
459 1540 201 39 consistunt,
620 1540 67 39 &
633 1540 94 39 inter

206 1570 184 48 relationem
351 1570 132 48 ipsam,
443 1570 118 48 cuius
522 1570 158 48 essentia
640 1570 92 48 est
680 1570 39 48 i

208 1608 239 51 proportionem.
405 1608 99 51 Nam
461 1608 169 51 habitudo
588 1608 99 51 seu
630 1608 85 51 pro-

206 1644 141 54 portio
305 1644 155 54 accepta
417 1644 85 54 in
459 1644 113 54 ipsa
530 1644 183 54 relatione
657 1644 70 54 est

199 1692 183 43 proportio
340 1692 127 43 inter
424 1692 113 43 duas
495 1692 113 43 res,
565 1692 141 43 quarum
650 1692 70 43 dua

201 1723 89 47 rum
252 1723 153 47 quiditas
367 1723 140 47 dicitur
469 1723 77 47 de
507 1723 153 47 qualibet
609 1723 115 47 ipsarum

200 1764 81 39 in
240 1764 162 39 respectu
361 1764 81 39 ad
402 1764 135 39 aliam,
496 1764 81 39 vt
536 1764 189 39 paternitas
685 1764 67 39 &

200 1799 187 43 filiatio.
344 1799 101 43 Sed
401 1799 86 43 in
444 1799 216 43 proportione
603 1799 115 43 assum,

751 157 84 46 pra
799 157 72 46 in
835 157 97 46 vbi,
896 157 60 46 &
920 157 133 46 quando,
1016 157 60 46 &
1041 157 145 46 reliquis
1149 157 109 46 aliis
1210 157 72 46 dici

750 196 99 38 tur
806 196 169 38 quiditas
933 196 127 38 vnius
1018 196 141 38 duorum
1116 196 141 38 tantum
1201 196 56 38 ad

743 237 133 37 aliud.
836 237 80 37 v.
876 237 80 37 g.
915 237 106 37 quia
982 237 106 37 vbi,
1048 237 80 37 vt
1088 237 159 37 diximus,
1195 237 66 37 est

748 269 181 47 proportio
888 269 167 47 corporis
1013 269 84 47 ad
1055 269 139 47 locum,
1152 269 70 47 &
1180 269 84 47 in
1208 269 56 47 de

745 316 167 30 finitione
874 316 103 30 loci
938 316 167 30 assumitur
1066 316 77 30 de
1092 316 167 30 necessitate

753 345 138 50 corpus,
854 345 88 50 sed
904 345 88 50 non
955 345 88 50 est
1005 345 189 50 necessarium
1156 345 101 50 quod
1207 345 50 50 in

747 384 198 41 definitione
905 384 158 41 corporis
1024 384 185 41 inueniatur
1156 384 105 41 locus,

750 421 115 50 neque
827 421 89 50 est
878 421 178 50 relatiuum.
1018 421 102 50 sed,
1081 421 76 50 si
1107 421 140 50 definiam,

747 461 122 50 corpus
832 461 85 50 per
881 461 97 50 hoc,
942 461 97 50 quod
1002 461 73 50 in
1039 461 97 50 loco
1088 461 170 50 circunscriba

747 505 100 34 tur,
809 505 100 34 tunc
871 505 174 34 relationem
1008 505 149 34 patitur.
1120 505 62 34 &
1145 505 87 34 sic
1182 505 75 34 ali-

747 538 113 41 quo
811 538 129 41 modo
892 538 113 41 hoc
957 538 290 41 praedicamentum
1182 538 81 41 in-

743 574 189 51 gredietur
889 574 102 51 sub
947 574 248 51 praedicamento
1137 574 131 51 relatio

748 620 104 31 nis,
813 620 65 31 &
839 620 91 31 sic
891 620 78 31 de
930 620 117 31 aliis
1008 620 234 31 praedicamentis
1189 620 78 31 rela

741 652 164 38 tionis.
860 652 149 38 Tandem
965 652 268 38 praedicamentum
1174 652 89 38 rela

746 687 121 43 tionis
831 687 85 43 vel
879 687 182 43 consequitur
1025 687 85 43 res
1073 687 133 43 relatas
1170 687 85 43 per
1206 687 61 43 se,

752 733 91 43 non
804 733 91 43 per
856 733 117 43 aliud
933 733 246 43 praedicamentum,
1140 733 78 43 vt
1166 733 91 43 patet

747 764 67 51 &
773 764 148 51 filius,
881 764 148 51 dextrum
988 764 67 51 &
1015 764 188 51 finistrum:
1150 764 107 51 velper

748 804 125 47 aliud
832 804 264 47 praedicamentum,
1054 804 84 47 vt
1096 804 125 47 agens
1180 804 70 47 &
1193 804 70 47 pas

742 840 101 46 sum,
806 840 101 46 quae
869 840 164 46 relatione
995 840 189 46 afficiuntur
1146 840 88 46 per
1184 840 76 46 prae

749 881 202 50 dicamentum
907 881 130 50 agere
994 881 72 50 &
1022 881 130 50 pati:
1109 881 72 50 &
1123 881 130 50 qunquoe

745 924 144 42 relatio
849 924 196 42 consequitur
1006 924 144 42 caetera
1097 924 170 42 concomitan-

740 957 95 37 tia
795 957 150 37 ipsorum
904 957 285 37 praedicamentorum,
1148 957 82 37 vt
1175 957 82 37 con-

744 990 247 44 tradictorium,
948 990 73 44 &
977 990 218 44 contrarium,
1151 990 73 44 &
1165 990 102 44 priua

746 1032 148 42 tionem
850 1032 74 42 &
880 1032 178 42 habitum.
1013 1032 148 42 Tandem
1117 1032 119 42 ipsa
1176 1032 89 42 rela

746 1068 95 52 tio
801 1068 177 52 quandoque
937 1068 95 52 est
992 1068 82 52 de
1032 1068 136 52 primis
1114 1068 150 52 intelligi

747 1109 149 53 bilibus,
858 1109 62 53 &
883 1109 74 53 de
920 1109 161 53 secundis,
1044 1109 74 53 vt
1081 1109 149 53 relatio,
1180 1109 87 53 quae-

745 1146 97 51 est
801 1146 125 51 inter
884 1146 139 51 geneus
982 1146 70 51 &
996 1146 125 51 speciem

766 1180 197 54 Ssentia,
913 1180 131 54 quae
995 1180 181 54 Arabice
1110 1180 148 54 Dathno-

746 1196 77 73 E.
785 1196 154 73 minatur,
901 1196 142 73 dicitur
1004 1196 154 73 absolute
1119 1196 77 73 de
1145 1196 116 73 indiui-

744 1269 112 44 duo,
814 1269 112 44 quod
884 1269 98 44 non
940 1269 98 44 est
996 1269 84 44 in
1037 1269 182 44 subiecto,
1163 1269 98 44 neque

743 1301 142 38 dicitur
846 1301 77 38 de
885 1301 167 38 subiecto,
1013 1301 64 38 &
1039 1301 90 38 est
1091 1301 154 38 scilicet
1194 1301 64 38 in-

744 1341 159 37 diuiduum
863 1341 212 37 substantiae.
1036 1341 146 37 Dicitur
1142 1341 119 37 etiam
1208 1341 53 37 de

743 1378 188 40 indiuiduo,
890 1378 107 40 quod
957 1378 94 40 est
1011 1378 80 40 in
1051 1378 174 40 subiecto,
1185 1378 67 40 &
1198 1378 67 40 est

738 1414 210 43 indiuiduum
903 1414 225 43 accidentis:
1083 1414 75 43 &
1113 1414 90 43 de
1143 1414 120 43 quoli-

741 1452 105 46 bet
801 1452 226 46 notificante
982 1452 226 46 quiditatem:
1163 1452 75 46 &
1178 1452 90 46 sunt

738 1493 160 50 scilicet
858 1493 120 50 nouem
937 1493 240 50 praedicamenta,
1124 1493 133 50 eorumque

743 1533 146 44 species.
852 1533 85 44 Et,
901 1533 97 44 quia
961 1533 97 44 haec
1022 1533 121 44 dictio
1107 1533 134 44 dicitur
1192 1533 73 44 pri-

740 1569 93 51 mo
787 1569 93 51 de
834 1569 218 51 indiuiduo,
1005 1569 124 51 quod
1082 1569 109 51 non
1145 1569 109 51 est
1207 1569 93 51 in

738 1604 168 46 subiecto,
867 1604 103 46 ideo
932 1604 219 46 convenientius
1112 1604 103 46 erat
1164 1604 103 46 trants

733 1644 137 51 ferre
824 1644 137 51 ipsum
915 1644 91 51 ad
960 1644 106 51 id,
1021 1644 121 51 quod
1097 1644 106 51 non
1158 1644 106 51 est
1203 1644 61 51 in

736 1683 167 53 subiecto,
865 1683 116 53 neque
942 1683 116 53 ipsum
1019 1683 90 53 est
1070 1683 167 53 subiectum
1186 1683 77 53 ali-

743 1725 119 37 cuius
822 1725 93 37 rei
875 1725 146 37 omnino,
981 1725 79 37 si
1021 1725 185 37 scicntatur
1153 1725 106 37 demon-

735 1766 164 36 stratiue
858 1766 109 36 quod
926 1766 191 36 inueniatur
1076 1766 177 36 huiusmodi
1199 1766 68 36 res

738 1805 87 37 sic
787 1805 74 37 se
824 1805 136 37 habens.
923 1805 99 37 Sed,
985 1805 74 37 si
1022 1805 148 37 essentia
1133 1805 87 37 rei
1183 1805 87 37 ita
1220 1805 49 37 ca
