1475 2066
227 149 119 45 vnum
301 149 163 45 dicitur
420 149 193 45 analogice
568 149 89 45 de
613 149 119 45 ipso
672 149 74 45 pri

233 192 87 50 mo
277 192 232 50 indiuisibili
466 192 87 50 in
510 192 174 50 quolibet
626 192 116 50 genere

234 228 266 40 Conuenientius
453 228 141 40 autem
547 228 109 40 est
609 228 141 40 ipsum
688 228 63 40 ef

238 268 75 46 se
275 268 137 46 primum,
374 268 75 46 ex
412 268 75 46 eo
449 268 99 46 quod
511 268 87 46 est
561 268 124 46 causa,
648 268 75 46 ad
672 268 75 46 vnum

233 306 96 41 in
281 306 239 41 substantia:
472 306 80 41 &
504 306 207 41 inquantum
647 306 96 41 mesu

240 344 115 42 rat,
312 344 115 42 vnum
383 344 86 42 in
427 344 201 42 quantitate
585 344 173 42 numerali
700 344 43 42 &

237 381 118 45 vnum
311 381 162 45 numero.
429 381 74 45 &
459 381 118 45 siue
533 381 148 45 fuerit
621 381 133 45 indiui-

235 422 121 36 sibile
319 422 145 36 secundum
428 422 121 36 formam
513 422 60 36 &
537 422 169 36 diuisibile
657 422 97 36 secun-

230 457 110 42 dum
293 457 252 42 quantitatem,
498 457 95 42 vt
545 457 126 42 homo
624 457 126 42 vnus
703 457 79 42 &

244 498 138 41 equus:
341 498 111 41 siue
410 498 138 41 fuerit
507 498 221 41 indiuisibile
673 498 83 41 quan

233 532 153 44 titate
340 532 77 44 &
370 532 153 44 forma.
478 532 77 44 &
508 532 107 44 hoc
569 532 107 44 est
615 532 138 44 duplex.

238 576 112 45 quia
308 576 98 45 vel
364 576 126 45 habet
448 576 210 45 positionem,
616 576 70 45 &
644 576 98 45 est
686 576 70 45 pum

241 612 123 38 ctum:
323 612 96 38 vel
378 612 96 38 non
433 612 123 38 habet
515 612 205 38 positionem,
679 612 68 38 &
693 612 68 38 est

233 648 145 51 ipsum
330 648 129 51 vnum
411 648 242 51 vniuersale,
605 648 129 51 quod
669 648 81 51 est

234 691 197 46 principium
389 691 155 46 numeri,
502 691 169 46 prolatum
614 691 141 46 naturali

238 731 91 41 ter
290 731 78 41 in
329 731 144 41 omnibus
434 731 183 41 numeratis.
577 731 91 41 nam
616 731 144 41 quodlibet

239 771 118 39 aliud
318 771 145 39 praeter
423 771 118 39 ipsum
502 771 171 39 profertur
634 771 92 39 per
673 771 79 39 sim-

242 801 192 47 litudinem,
393 801 123 47 sicut
475 801 110 47 sunt
544 801 123 47 ipsae
612 801 137 47 mensurae

245 842 70 40 &
273 842 154 40 lapides
385 842 168 40 ponderum
512 842 182 40 librarum,
652 842 70 40 &
666 842 84 40 cae-

242 884 95 41 tera
302 884 107 41 alia.
373 884 107 41 Scire
445 884 107 41 autem
516 884 107 41 debes
588 884 95 41 quod
648 884 107 41 istud
707 884 48 41 no

243 917 107 43 men
304 917 123 43 vnum
381 917 168 43 quatuor
503 917 245 43 complectitur
687 917 61 43 ge

241 953 133 42 neribus
337 953 145 42 scilicet
446 953 96 42 vnum
506 953 205 42 continuitate,
675 953 60 42 &
687 953 72 42 vnum

238 997 122 38 quod
314 997 106 38 est
375 997 137 38 totum
466 997 76 38 &
496 997 213 38 perfectum,
664 997 76 38 &
679 997 76 38 pri

240 1037 111 45 mum
303 1037 174 45 simplex
430 1037 95 45 in
477 1037 205 45 vnoquoque
620 1037 126 45 genere

239 1069 64 50 &
265 1069 102 50 vnum
328 1069 178 50 vniuersale
468 1069 127 50 dictum
557 1069 153 50 secundum
659 1069 89 50 prius

238 1108 75 38 &
268 1108 210 38 posterius,
433 1108 105 38 vel
493 1108 195 38 analogice
642 1108 90 38 de
672 1108 75 38 omn

239 1144 109 42 eo,
302 1144 125 42 quod
380 1144 202 42 numeratur
535 1144 109 42 hic
597 1144 93 42 de
644 1144 109 42 hac
691 1144 62 42 re

277 1184 96 42 Dem
332 1184 150 42 dicitur
441 1184 96 42 tot
496 1184 136 42 modis,
591 1184 109 42 quot
646 1184 109 42 dicitu

266 1219 140 54 vnum.
360 1219 109 54 Nam
422 1219 171 54 aliquod
546 1219 109 54 est
608 1219 124 54 idem
670 1219 78 54 nu-

241 1261 138 37 mero,
333 1261 92 37 vt
379 1261 92 37 in
425 1261 215 37 habentibus
594 1261 108 37 duo
640 1261 108 37 nomi-

242 1299 98 39 na.
298 1299 125 39 sicut
381 1299 98 39 cum
437 1299 153 39 dicimus
549 1299 125 39 lacob
632 1299 98 39 est
674 1299 70 39 ist

238 1336 136 47 rael,
329 1336 76 47 &
359 1336 152 47 tandem
465 1336 152 47 quando
571 1336 106 47 vna
632 1336 106 47 res
677 1336 76 47 per

244 1372 96 54 duo
299 1372 124 54 signa
382 1372 220 54 significatur
560 1372 151 54 Aliquod
656 1372 96 54 aliud

246 1412 159 51 dicitur
361 1412 116 51 idem
433 1412 231 51 proportione,
621 1412 72 51 &
636 1412 101 51 subie

243 1453 126 37 cto,
322 1453 79 37 &
354 1453 221 37 accidente,
528 1453 158 37 quorum
623 1453 126 37 omnium

246 1489 160 42 exempla
363 1489 102 42 iam
421 1489 263 42 praeterierunt.
640 1489 73 42 &
655 1489 102 42 totum

244 1526 90 52 hoc
296 1526 90 52 est
347 1526 78 52 ex
386 1526 168 52 diuisione
515 1526 103 52 rei,
580 1526 103 52 quae
632 1526 116 52 dicitur

237 1565 107 44 per
298 1565 107 44 se:
359 1565 123 44 quod
436 1565 153 44 quidem
543 1565 215 44 intenditur
697 1565 61 44 in

239 1604 91 46 hac
291 1604 104 46 arte
356 1604 65 46 &
383 1604 78 46 in
422 1604 131 46 aliis.
513 1604 117 46 Aliud
591 1604 104 46 vero
657 1604 91 46 est
696 1604 52 46 pr

245 1639 173 44 accidens,
378 1639 80 44 de
418 1639 93 44 quo
471 1639 106 44 fiet
537 1639 146 44 mentio,
644 1639 93 44 vbi
684 1639 66 44 de-

246 1682 213 49 terminabit
413 1682 91 49 de
459 1682 107 49 eo,
520 1682 122 49 quod
596 1682 107 49 est
641 1682 107 49 idemi

237 1717 141 42 modum
331 1717 297 42 conseruationis,
581 1717 109 42 vel
628 1717 125 42 deter-

237 1756 232 50 minationis.
422 1756 108 50 Est
484 1756 77 50 &
514 1756 139 50 aliud
607 1756 124 50 idem
669 1756 77 50 spe

240 1797 112 45 cie,
310 1797 84 45 vt
352 1797 98 45 cum
408 1797 154 45 dicimus
520 1797 84 45 tu
562 1797 84 45 es
604 1797 98 45 nos
660 1797 84 45 in
688 1797 70 45 hu

768 156 206 39 manitate.
926 156 142 39 Datur
1021 156 79 39 &
1053 156 127 39 idem
1132 156 174 39 genere,
1243 156 63 39 vt

769 191 96 43 cum
824 191 164 43 dicimus,
947 191 109 43 quod
1015 191 109 43 iste
1083 191 123 43 equus
1165 191 96 43 est
1206 191 82 43 iste

766 231 155 43 asinus
874 231 93 43 in
920 231 248 43 animalitate.
1122 231 124 43 Idem
1184 231 108 43 etiam

767 273 96 42 est
822 273 96 42 per
877 273 178 42 accidens,
1014 273 82 42 vt
1056 273 96 42 cum
1111 273 151 42 dicimus
1207 273 82 42 aedi

761 309 196 46 ficatorem
912 309 120 46 esse
987 309 181 46 medicum,
1122 309 151 46 quando
1213 309 75 46 ac-

774 345 136 41 cidit
864 345 136 41 ipsum
955 345 120 41 esse
1030 345 181 41 medicum.
1166 345 120 41 Idem
1226 345 60 41 au

770 387 99 47 tem
826 387 156 47 specie,
940 387 142 47 quando
1039 387 99 47 est
1096 387 85 47 in
1124 387 170 47 substantia

773 421 162 50 dicitur,
894 421 121 50 sicut
974 421 67 50 &
1001 421 81 50 in
1042 421 175 50 qualitate
1163 421 121 50 dicitur

766 461 138 37 simile,
867 461 63 37 &
892 461 75 37 in
929 461 175 37 quantitate
1067 461 138 37 dicitur
1155 461 125 37 aequale-

783 497 134 42 Imile
872 497 119 42 vero
947 497 164 42 dicitur
1066 497 149 42 multis
1155 497 119 42 modis:

775 517 75 62 Q
805 517 104 62 Vno
865 517 119 62 modo
939 517 89 62 de
984 517 268 62 superficiebus,
1193 517 89 62 quae

767 572 103 54 rum
826 572 177 54 quilibet
959 572 147 54 anguli
1062 572 118 54 sunt
1121 572 162 54 aequales,

766 611 78 49 &
798 611 140 49 earum
891 611 156 49 costae
1000 611 125 49 sunt
1062 611 218 49 proportiona-

769 650 116 51 tae.
841 650 159 51 Dicitur
956 650 72 51 &
985 650 87 51 de
1029 650 202 51 corporibus
1188 650 130 51 homo

772 689 142 51 geneis
871 689 198 51 habentibus
1027 689 156 51 siguras
1140 689 170 51 similes:

767 727 70 44 &
795 727 112 44 sunt
865 727 140 44 quorum
963 727 210 44 superficies
1131 727 112 44 sunt
1187 727 98 44 aequa

769 765 94 50 les
822 765 147 50 numero,
929 765 67 50 &
956 765 147 50 similes
1064 765 80 50 in
1104 765 161 50 siguris.
1211 765 67 50 Di-

767 802 133 42 citur
856 802 148 42 quoque
960 802 89 42 de
1004 802 148 42 rebus,
1107 802 148 42 quarum
1196 802 89 42 for-

773 837 107 45 mae
834 837 183 45 secundum
971 837 274 45 possibilitatem
1184 837 107 45 earum

766 884 116 42 sunt
838 884 130 42 idem:
925 884 87 42 vt
968 884 101 42 duo
1026 884 130 42 rubea
1113 884 173 42 aequalia
1228 884 58 42 in

773 916 180 38 rubedine.
912 916 152 38 Dicitur
1022 916 125 38 etiam
1105 916 83 38 de
1147 916 125 38 illis
1216 916 69 38 re-

765 957 129 37 bus,
846 957 162 37 quarum
959 957 113 37 vna
1023 957 162 37 duarum
1137 957 113 37 est
1185 957 97 37 mino

776 993 84 41 ris
824 993 228 41 passibilitatis,
1016 993 84 41 qua
1063 993 108 41 alia:
1135 993 72 41 vt
1171 993 84 41 duo
1207 993 84 41 rubea

772 1030 160 45 quorum
884 1030 128 45 vnum
964 1030 112 45 sit
1028 1030 176 45 minoris
1141 1030 144 45 rubedi-

770 1076 134 30 nis.
854 1076 234 30 Nonnunquam
1038 1076 151 30 etiam
1122 1076 167 30 dicitur,

771 1108 91 39 de
816 1108 152 39 rebus,
923 1108 121 39 quae
999 1108 228 39 communicant
1181 1108 91 39 in
1211 1108 76 39 mul

767 1143 94 52 tis
820 1143 201 52 affectibus:
981 1143 81 52 vt
1022 1143 94 52 cum
1075 1143 148 52 dicimus
1169 1143 121 52 stagnum

770 1181 116 45 esse
843 1181 145 45 simile
945 1181 174 45 argento,
1076 1181 73 45 &
1090 1181 131 45 plumbo.

835 1221 84 50 Er
877 1221 168 50 opposita
1003 1221 239 50 significantur
1186 1221 98 50 illa-

823 1268 170 34 quatuor
946 1268 170 34 species
1070 1268 216 34 enumeratae
1224 1268 62 34 in

769 1298 139 40 libro
861 1298 324 40 praedicamentorum,
1139 1298 124 40 quas
1201 1298 77 40 iam

766 1337 171 49 sciuisti
894 1337 100 49 per
951 1337 114 49 suas
1022 1337 242 49 descriptiones
1208 1337 71 49 ibi

771 1381 112 38 quae
841 1381 167 38 scilicet
966 1381 112 38 sunt
1036 1381 223 38 affirmatiuum
1217 1381 70 38 &
1231 1381 56 38 ne

772 1412 168 47 gatiuum,
898 1412 70 47 &
926 1412 196 47 contraria,
1080 1412 70 47 &
1108 1412 182 47 relatiua,
1234 1412 42 47 &

767 1448 168 43 habitus
889 1448 76 43 &
919 1448 199 43 priuatio.
1072 1448 214 43 Veruntamen
1225 1448 61 43 no

770 1488 111 42 men
834 1488 207 42 contrarij
993 1488 207 42 quandoque
1136 1488 143 42 dicitur

774 1525 190 53 communius,
923 1525 95 53 qua
978 1525 108 53 fiat
1045 1525 108 53 ibi.
1113 1525 95 53 Nam
1167 1525 95 53 iam
1208 1525 81 53 fuit

767 1565 139 48 dictum
865 1565 98 48 ibi
920 1565 112 48 quod
990 1565 181 48 contraria
1130 1565 84 48 in
1171 1565 112 48 illo
1227 1565 56 48 lo

766 1608 88 45 co
810 1608 118 45 sunt
884 1608 118 45 vere
957 1608 103 45 sub
1016 1608 132 45 eodem
1105 1608 162 45 genere.
1207 1608 74 45 Di-

766 1644 157 38 cuntur
876 1644 141 38 tamen
971 1644 204 38 contraria
1128 1644 110 38 per
1175 1644 110 38 modum

774 1682 247 40 similitudinis
978 1682 102 40 ea,
1036 1682 116 40 quae
1109 1682 102 40 non
1152 1682 131 40 coniun-

777 1722 142 46 guntur
876 1722 85 46 in
919 1722 128 46 eodem
1004 1722 171 46 subiecto
1132 1722 142 46 simul,
1218 1722 71 46 li-

768 1754 113 54 cet
832 1754 210 54 differant
994 1754 177 54 genere.
1107 1754 177 54 Quandoquo

774 1794 135 41 etiam
864 1794 180 41 dicuntur
999 1794 195 41 contraria
1148 1794 135 41 largo
1223 1794 60 41 mo
