1475 2066
197 157 102 53 est
256 157 131 53 etiam
343 157 131 53 illud
430 157 189 53 perfectum
575 157 87 53 de
619 157 87 53 se
648 157 87 53 nobi

212 197 104 45 le.
272 197 74 45 &
301 197 104 45 hoc
361 197 119 45 modo
435 197 163 45 dicimus
554 197 104 45 res
598 197 119 45 separa

207 237 101 38 tas
264 237 130 38 etiam
351 237 202 38 perfectas,
509 237 72 38 &
538 237 130 38 omnia
610 237 115 38 causa-

211 276 91 39 ta
256 276 121 39 esse
332 276 227 39 imperfecta.
513 276 91 39 Et
559 276 106 39 cui
604 276 121 39 maxime

213 314 176 40 conuenit
345 314 103 40 hoc
404 314 132 40 nomen
492 314 176 40 perfecti
610 314 117 40 secun-

207 352 119 42 dum
275 352 137 42 hunc
361 352 154 42 modum
463 352 119 42 est
531 352 154 42 ipsum
617 352 102 42 prit

203 396 121 45 mum
272 396 259 45 principium,
479 396 190 45 quoniam
600 396 121 45 ipsum

207 430 102 37 est
266 430 132 37 causa
354 430 190 37 vniuersi,
500 430 73 37 &
529 430 102 37 non
573 430 146 37 causatum

208 468 96 38 ab
256 468 175 38 aliquo,
383 468 127 38 nam,
463 468 112 38 cum
527 468 143 38 ipsum
606 468 112 38 habea

211 502 117 46 suam
284 502 234 46 perfectionem
475 502 88 46 de
518 502 102 46 se,
577 502 117 46 illa
635 502 88 46 vero

210 546 257 47 acquisierunt
419 546 145 47 eorum
499 546 225 47 perfectionem

213 582 84 51 ab
255 582 125 51 ipso,
339 582 125 51 ipsum
422 582 112 51 ergo
492 582 98 51 est
548 582 125 51 magis
631 582 84 51 in
659 582 56 51 vl

212 622 104 44 tima
277 622 208 44 perfectione.
446 622 78 44 Et
485 622 143 44 dicitur
576 622 143 44 perfectio

215 659 135 39 largo
305 659 120 39 modo
380 659 90 39 de
425 659 150 39 aliquo
530 659 165 39 habente
635 659 90 39 pro-

215 696 196 50 portionem
366 696 91 50 ad
411 696 226 50 vnamquanque
592 696 121 50 rem,
653 696 75 50 cui

214 732 210 51 attribuitur
368 732 168 51 perfectio,

270 772 91 52 Er
315 772 137 52 totum
406 772 228 52 significant
588 772 106 52 id,
634 772 91 52 quod

237 812 172 47 continet
365 812 129 47 omnes
451 812 157 47 partes,
566 812 129 47 extra
637 812 86 47 quod

218 849 124 41 nihil
301 849 193 41 inuenitur.
453 849 69 41 &
481 849 235 41 vniuersaliter
660 849 69 41 est

216 885 204 53 synonymum
373 885 94 53 ad
420 885 110 53 id,
483 885 125 53 quod
545 885 188 53 significat

206 924 132 38 nomen
294 924 175 38 perfecti
426 924 88 38 in
469 924 132 38 primo
557 924 102 38 mo.
616 924 88 38 lo
645 924 73 38 sua

212 964 104 49 rum
271 964 296 49 significationum.
523 964 74 49 &
553 964 104 49 per
612 964 104 49 hoc
657 964 59 49 di

219 1000 128 43 cimus
304 1000 142 43 corpus
404 1000 142 43 diuidi
503 1000 85 43 in
546 1000 128 43 omnes
617 1000 100 43 dimen

218 1040 168 42 siones.
340 1040 92 42 Et
386 1040 137 42 nomen
477 1040 153 42 totius
569 1040 153 42 dicitur,

213 1077 250 37 vniuersaliter
419 1077 147 37 duobus
522 1077 147 37 modis.
624 1077 103 37 vel
668 1077 59 37 de

214 1116 191 38 continuo,
361 1116 74 38 &
391 1116 103 38 est
450 1116 103 38 id,
508 1116 118 38 quod
582 1116 103 38 non
626 1116 103 38 habet

213 1153 126 50 partes
302 1153 76 50 in
340 1153 114 50 actu:
415 1153 88 50 vel
466 1153 76 50 de
504 1153 164 50 discreto.
630 1153 76 50 Et
655 1153 63 50 hoc

217 1190 128 49 etiam
302 1190 213 49 dupliciter,
473 1190 99 49 vno
529 1190 114 49 modo
600 1190 85 49 de
643 1190 99 49 eo,

213 1232 135 48 cuius
303 1232 150 48 partes
408 1232 150 48 habent
512 1232 210 48 positionem
662 1232 60 48 ad

215 1265 208 43 seinuicem,
378 1265 134 43 sicut
468 1265 119 43 sunt
542 1265 148 43 membra
631 1265 89 43 orga

217 1305 118 50 nica.
295 1305 144 50 Secundo
400 1305 78 50 de
439 1305 92 50 eo,
492 1305 118 50 cuius
570 1305 131 50 partes
649 1305 65 50 non

210 1345 145 40 habent
311 1345 87 40 ad
355 1345 189 40 scinuicem
500 1345 218 40 positionem,
659 1345 58 40 si

212 1379 86 49 cut
261 1379 134 49 numerus
358 1379 61 49 &
383 1379 147 49 literae.
493 1379 98 49 Nisi
554 1379 98 49 quod
615 1379 98 49 ipsi
664 1379 49 49 at

221 1417 208 52 propriant
381 1417 160 52 primum
492 1417 160 52 modum,
604 1417 112 52 qui
652 1417 64 52 di

215 1460 127 39 citur
300 1460 212 39 continuatio
469 1460 141 39 nomine
568 1460 155 39 totius,
681 1460 71 39 &

211 1497 197 49 secundum
358 1497 148 49 nomen
457 1497 230 49 aggregati,
621 1497 99 49 quod

222 1532 144 39 dicitur
326 1532 78 39 de
352 1532 144 39 discreto.

270 1573 131 37 Artes
358 1573 175 37 dicuntur
489 1573 219 37 dupliciter.
650 1573 73 37 Vno

272 1610 115 50 modo
344 1610 87 50 ex
387 1610 130 50 parte
474 1610 217 50 quantitatis
632 1610 87 50 tan-

209 1646 121 43 tum,
285 1646 91 43 ex
330 1646 152 43 quibus
436 1646 167 43 aliquae
542 1646 182 43 mensurant,

213 1683 113 39 rem,
284 1683 156 39 aliquae
397 1683 113 39 vero
468 1683 99 39 non
525 1683 156 39 quaedam
624 1683 99 39 etiam

213 1722 106 40 sunt
279 1722 80 40 in
319 1722 80 40 re
359 1722 80 40 in
398 1722 119 40 actu,
478 1722 146 40 quaedam
584 1722 106 40 vero
637 1722 66 40 non

217 1758 173 48 nonnullae
349 1758 119 48 etiam
429 1758 106 48 sunt
495 1758 159 48 similes,
602 1758 119 48 aliquae

220 1803 117 31 vero
294 1803 220 31 dissimiles.
470 1803 161 31 Secundo
587 1803 117 31 modo
646 1803 73 31 si

744 157 163 56 gnificat
867 157 123 56 nomen
949 157 136 56 partis
1044 157 95 56 id,
1099 157 82 56 in
1139 157 109 56 quod
1194 157 68 56 di-

742 198 150 44 uiditur
851 198 95 44 res
906 198 150 44 ratione
1014 198 190 44 qualitatis
1164 198 68 44 &
1177 198 82 44 for-

744 244 130 40 mae.
825 244 81 40 &
858 244 114 40 hoc
923 244 130 40 modo
1004 244 179 40 dicimus
1118 244 146 40 corpora

742 276 178 38 constare
876 276 89 38 ex
920 276 163 38 materia
1039 276 74 38 &
1068 276 148 38 forma,
1172 276 74 38 &
1187 276 74 38 de-

739 314 202 40 finitionem
897 314 86 40 ex
940 314 144 40 genere
1041 314 72 40 &
1055 314 202 40 differentia.

782 349 210 46 Mperfectum
947 349 135 46 autem
1037 349 165 46 dicitur
1142 349 105 46 ratio

750 390 68 44 a
778 390 82 44 ne
818 390 190 44 qualitatis
968 390 136 44 multis
1063 390 136 44 modis.
1144 390 109 44 Scili-

748 426 93 53 cet
801 426 80 53 de
841 426 120 53 illo,
921 426 133 53 quomod
1014 426 93 53 non
1067 426 93 53 est
1107 426 146 53 perfectum

740 464 95 42 vt
788 464 111 42 cum
851 464 175 42 dicimus
979 464 175 42 Musicum
1090 464 159 42 imperfe-

741 502 124 51 ctum.
824 502 83 51 Et
865 502 151 51 dicitur
975 502 83 51 de
1016 502 96 51 eo,
1071 502 124 51 cuius
1140 502 110 51 perfe-

746 541 102 37 ctio
810 541 76 37 in
848 541 76 37 se
886 541 89 37 non
937 541 89 37 est
988 541 152 37 nobilis,
1102 541 114 37 licet
1165 541 102 37 fuerit

743 578 190 53 perfectus
890 578 88 53 in
934 578 103 53 suo
992 578 161 53 genere.
1110 578 73 53 &
1139 578 103 53 hoc
1183 578 73 53 mo-

742 617 82 42 do
783 617 151 42 dicimus
893 617 151 42 caetera
1003 617 123 42 entia
1085 617 110 42 esse
1139 617 110 42 imper-

736 653 127 46 fecta
821 653 170 46 respectu
948 653 127 46 primi
1033 653 198 46 principii.
1188 653 99 46 Sed

742 694 216 51 imperfectum
914 694 158 51 ratione
1029 694 216 51 quantitatis
1187 694 72 51 non

739 733 167 37 dicitur
860 733 106 37 quo
921 733 213 37 modocunque
1073 733 182 37 acciderit:

746 770 103 40 immo
810 770 115 40 talis
887 770 90 40 res
938 770 115 40 debet
1015 770 103 40 esse
1079 770 77 40 de
1118 770 103 40 his,
1169 770 77 40 quae

734 807 145 54 habent
836 807 145 54 partes
938 807 189 54 alsigatas
1083 807 174 54 inuicem,
1213 807 73 54 &

743 852 100 38 quod
806 852 88 38 non
856 852 88 38 sit
907 852 75 38 ex
944 852 188 38 similaribus
1095 852 163 38 partibus,
1220 852 63 38 &

742 886 112 45 quod
812 886 98 45 cum
868 886 98 45 hoc
924 886 126 45 etiam
1009 886 140 45 habeat
1093 886 154 45 naturali-

744 930 98 33 ter
800 930 98 33 id,
856 930 98 33 quo
912 930 140 33 caret,
1010 930 70 33 &
1038 930 112 33 quod
1108 930 98 33 non
1150 930 98 33 aufe-

737 957 112 47 ratur
811 957 175 47 substantia
949 957 125 47 illius
1036 957 87 47 rei
1086 957 87 47 per
1123 957 125 47 defectum

738 998 122 50 eius,
820 998 95 50 nam
874 998 95 50 per
928 998 95 50 id,
983 998 95 50 quo
1037 998 136 50 ablato
1118 998 136 50 aufertem

741 1036 179 38 substantia
882 1036 103 38 rei,
946 1036 90 38 non
998 1036 115 38 debet
1075 1036 103 38 dici
1126 1036 128 38 aliquid,

735 1076 236 50 imperfectum.
927 1076 74 50 &
957 1076 177 50 secundum
1090 1076 118 50 hunc
1149 1076 103 50 modum

744 1117 147 48 dicitur
851 1117 201 48 metaphorice
1011 1117 201 48 imperfectum
1172 1117 80 48 de
1198 1117 54 48 re

733 1150 102 51 bus
792 1150 276 51 artificialibus.
1024 1150 204 51 Superfluum
1170 1150 87 51 vero

737 1190 121 52 (seu
813 1190 182 52 additum)
949 1190 167 52 dicitur
1070 1190 182 52 opposito
1191 1190 61 52 mo

742 1232 84 42 do
784 1232 140 42 ipsius
868 1232 181 42 imperfecti.

794 1268 127 47 stius
878 1268 70 47 &
906 1268 183 47 Posterius
1047 1268 155 47 dicitur
1146 1268 98 47 quins

735 1277 139 75 Dque
821 1277 174 75 modis.
943 1277 156 75 Primo
1030 1277 208 75 priustempo

738 1340 96 50 re.
793 1340 150 50 Secundo
902 1340 123 50 prius
984 1340 137 50 ordine
1080 1340 68 50 a
1094 1340 150 50 principio

734 1380 223 39 determinato.
915 1380 70 39 &
943 1380 98 39 hoc
999 1380 112 39 siue
1069 1380 84 39 in
1097 1380 139 39 oratione

734 1418 110 40 siue
803 1418 83 40 in
844 1418 124 40 loco.
927 1418 138 40 Tertio
1023 1418 124 40 prius
1092 1418 151 40 dignitate

733 1458 159 49 Quarto
845 1458 143 49 prius
940 1458 175 49 natura.
1068 1458 159 49 Quinto
1163 1458 80 49 mo-

742 1492 75 52 do
780 1492 113 52 prius
856 1492 126 52 causa.
943 1492 63 52 &
969 1492 88 52 iam
1019 1492 176 52 notificaui
1157 1492 75 52 in
1182 1492 63 52 li-

739 1532 94 52 bro
792 1532 269 52 praedicamentorum
1021 1532 94 52 id,
1074 1532 107 52 quod
1128 1532 121 52 sigenat

737 1569 189 45 quaelibet
883 1569 131 45 harum
970 1569 174 45 partium,
1101 1569 73 45 &
1130 1569 102 45 non
1173 1569 73 45 est

739 1613 149 43 repetendum
857 1613 107 43 illud.
931 1613 64 43 Et
963 1613 160 43 quandoquoed
1091 1613 117 43 dicitur
1165 1613 75 43 prius

739 1645 98 49 Sexto
804 1645 98 49 modo,
869 1645 130 49 scilicet
967 1645 98 49 prius
1032 1645 130 49 notitia:
1130 1645 108 49 quidia
1195 1645 54 49 non

734 1682 193 48 quodcunque
886 1682 96 48 est
941 1682 124 48 prius
1024 1682 207 48 cognitione,
1175 1682 69 48 est

733 1721 132 49 prius
822 1721 176 49 secundum
939 1721 103 49 esse.

749 1764 120 46 VVAc
824 1764 120 46 sunt
899 1764 105 46 duo
959 1764 150 46 nomnia
1064 1764 180 46 synonyma
1184 1764 90 46 quid

780 1798 97 53 quae
840 1798 145 53 dicuntur
949 1798 72 53 de
985 1798 133 53 quatuor
1082 1798 133 53 causis,
1178 1798 97 53 quae
1227 1798 48 53 do
