1475 2066
207 141 85 46 Et
249 141 170 46 dicamus,
377 141 113 46 quod
447 141 184 46 apparebit
574 141 156 46 paulopos-

223 177 105 49 quod
289 177 184 49 substantia
433 177 171 49 assumitur
564 177 79 49 in
591 177 144 49 definitio

212 214 95 44 ne
260 214 143 44 trium
355 214 333 44 praedicamentorum,
640 214 127 44 quae

223 252 112 46 sunt
293 252 112 46 Vbi.
364 252 141 46 Situs,
462 252 70 46 &
490 252 155 46 Habere,
602 252 70 46 &
631 252 98 46 hoc
673 252 56 46 pa

222 293 97 37 tet
278 293 83 37 ex
319 293 125 37 eorum
403 293 264 37 definitionibus.
625 293 97 37 nam
667 293 69 37 in-

224 333 267 40 definitionibus
447 333 148 40 omnium
551 333 163 40 istorum
655 333 74 40 ap-

214 365 122 50 paret
296 365 149 50 corpus,
404 365 81 50 vt
444 365 95 50 cum
498 365 149 50 dicimus
606 365 108 50 quod
660 365 68 50 ips

219 406 103 53 sum
278 406 118 53 vbi,
352 406 103 53 est
410 406 191 53 proportio
558 406 176 53 corporis
675 406 59 53 ad

218 444 138 46 locum.
315 444 69 46 &
342 444 138 46 simili
439 444 110 46 modo
508 444 96 46 res
563 444 83 46 se
604 444 124 46 habet
673 444 55 46 de

223 485 126 37 situ,
307 485 70 37 &
335 485 84 37 de
377 485 154 37 habere,
489 485 238 37 Praedicamenti
671 485 56 37 ve

226 525 80 48 ro
266 525 134 48 ipsius
359 525 120 48 Agere
439 525 67 48 &
466 525 120 48 Pati,
546 525 120 48 illud
613 525 120 48 quidem,

223 561 113 41 quod
293 561 99 41 est
350 561 85 41 in
392 561 198 41 substantia
548 561 183 41 manifeste
675 561 56 41 pa

219 601 104 39 tet.
284 601 117 39 illud
363 601 117 39 vero,
441 601 104 39 quod
506 601 91 39 est
558 601 78 39 in
584 601 144 39 quantita-

227 637 77 51 te
266 637 64 51 &
291 637 180 51 qualitate,
433 637 90 51 res
485 637 77 51 se
523 637 116 51 habet
600 637 129 51 veluti
678 637 51 51 de

224 676 171 38 ipsismet
352 676 257 38 praedicamentis
552 676 185 38 quantitatis

211 717 69 50 &
239 717 207 50 qualitatis,
404 717 69 50 &
432 717 179 50 praecipue
556 717 179 50 praedicamen

222 756 95 51 tum
277 756 122 51 pati.
358 756 109 51 quia
426 756 109 51 pati
494 756 82 51 in
535 756 190 51 quantitate
671 756 68 51 est

221 795 153 39 semper
328 795 215 39 substantia
497 795 215 39 nutrimenti
650 795 77 39 au-

220 829 157 53 gentis,
334 829 71 53 &
362 829 142 53 corpus
462 829 128 53 mouet
547 829 128 53 aliud
618 829 114 53 corpus

215 869 78 37 in
254 869 117 37 loco.
332 869 78 37 in
370 869 168 37 qualitate
500 869 104 37 vero
565 869 91 37 est
604 869 129 37 accidens

220 908 119 47 sicut
299 908 132 47 corpus
392 908 185 47 calefieri.
537 908 79 47 In
563 908 172 47 definitioni

226 941 105 45 bus
286 941 120 45 vero
361 941 165 45 ipsorum
481 941 165 45 quatuor
585 941 150 45 praedica

225 981 202 49 mentorum,
381 981 202 49 videlicet
521 981 202 49 Quantitatis

219 1021 220 46 Qualitatis.
395 1021 220 46 Eelationis,
572 1021 73 46 &
601 1021 161 46 Quando,

220 1059 132 38 licet
308 1059 103 38 non
367 1059 176 38 appareat
499 1059 190 38 praedicam
630 1059 103 38 entum

227 1094 200 42 substantiae,
389 1094 113 42 nihil
464 1094 125 42 ominus
552 1094 88 42 iam
602 1094 100 42 fuit
652 1094 88 42 osten

224 1133 98 52 sum
280 1133 112 52 ipsa
350 1133 169 52 indigere
477 1133 98 52 pro
533 1133 112 52 esse
603 1133 98 52 suo
646 1133 84 52 ipsa

223 1172 214 38 substantia.
394 1172 86 38 De
437 1172 243 38 praedicamento
623 1172 100 38 namqu

228 1215 177 44 relationis
368 1215 89 44 res
418 1215 165 44 manifeste
545 1215 114 44 patet
621 1215 101 44 quod
672 1215 63 44 non

222 1251 143 49 potest
322 1251 172 49 separari
451 1251 72 49 a
479 1251 215 49 substantia.
637 1251 100 49 Neque

208 1285 92 45 est
260 1285 105 45 eius
326 1285 171 45 subiectum
457 1285 144 45 tantum,
562 1285 92 45 sed
615 1285 118 45 facit
680 1285 53 45 si

217 1325 92 50 bi
263 1325 200 50 subiectum
417 1325 169 50 reliqua
524 1325 200 50 praedicamen

221 1365 108 49 ta.
282 1365 93 49 vt
329 1365 154 49 duplum
437 1365 77 49 &
468 1365 185 49 dimidium
591 1365 139 49 existen

224 1399 91 43 in
269 1399 226 43 quantitate,
450 1399 75 43 &
480 1399 151 43 sursum
586 1399 75 43 &
601 1399 136 43 deorsum

226 1438 92 44 quod
283 1438 80 44 est
329 1438 69 44 in
363 1438 92 44 vbi.
420 1438 149 44 Similiter
534 1438 103 44 etiam
603 1438 69 44 de
626 1438 103 44 proximo

226 1476 171 51 apparebit,
360 1476 98 51 quod
421 1476 85 51 est
470 1476 159 51 accidens,
592 1476 61 51 &
616 1476 98 51 quod
677 1476 85 51 non

221 1517 134 49 potest
314 1517 160 49 separari
434 1517 67 49 a
461 1517 160 49 materia,
568 1517 160 49 praesertim

221 1552 72 42 a
249 1552 215 42 substantia.
421 1552 143 42 Aliter
522 1552 115 42 enim
579 1552 158 42 inueniret

225 1589 128 54 passio
315 1589 128 54 absque
405 1589 167 54 patiente,
533 1589 90 54 vel
584 1589 128 54 sigura
661 1589 77 54 sine

218 1636 176 45 sigurato,
354 1636 95 45 aut
408 1636 149 45 habitus
516 1636 108 45 sine
584 1636 149 45 habente
679 1636 54 45 ha

226 1668 127 39 bitum,
315 1668 89 39 vel
366 1668 177 39 dispositio
505 1668 101 39 sinc
568 1668 177 39 disposito.
695 1668 38 39 &

223 1708 110 38 haec
292 1708 138 38 quidem
389 1708 110 38 sunt
458 1708 152 38 quatuor
568 1708 138 38 genera
651 1708 69 38 fal

222 1747 106 36 mosa
288 1747 133 36 ipsius
381 1747 199 36 qualitatis.
540 1747 80 36 De
567 1747 172 36 praedicamen

220 1783 83 51 to
262 1783 111 51 vero
331 1783 208 51 quantitatis
498 1783 97 51 non
553 1783 83 51 vt
595 1783 111 51 dari
651 1783 83 51 rati

751 140 183 46 manifesta,
895 140 105 46 quod
960 140 157 46 indigeat
1078 140 196 46 substantia,
1235 140 65 46 &
1248 140 39 46 l

757 178 129 46 praese
847 178 103 46 rtim
912 178 168 46 discreta,
1041 178 129 46 itidem
1131 178 64 46 &
1144 178 129 46 continua

755 214 185 54 quantitas,
900 214 119 54 licet
979 214 158 54 videamus
1098 214 105 54 quod
1164 214 92 54 vna
1203 214 66 54 spe

747 253 129 50 cierum
838 253 103 50 eius
902 253 90 50 est
954 253 142 50 corpus,
1057 253 78 50 in
1096 253 116 50 cuius
1161 253 103 50 defini

753 292 102 38 tione
821 292 91 38 fuit
877 292 113 38 dictum
956 292 91 38 quod
1013 292 147 38 diuiditur
1126 292 68 38 in
1160 292 91 38 tres
1205 292 57 38 di-

756 330 189 40 mensiones.
905 330 81 40 Et
946 330 149 40 proprea
1054 330 149 40 fuerunt
1149 330 108 40 opina-

755 368 78 53 ti
794 368 130 53 aliqui
885 368 104 53 quod
950 368 195 53 dimensiones
1107 368 130 53 essent
1185 368 65 53 sub

753 409 167 41 stantiae,
882 409 64 41 &
907 409 103 41 quod
971 409 180 41 notificant
1113 409 77 41 de
1138 409 116 41 indiui-

754 445 94 42 duo
807 445 202 42 substantiae
969 445 108 42 quid
1036 445 108 42 est.
1103 445 67 42 &
1130 445 94 42 iam
1171 445 94 42 indu-

756 483 89 39 xit
807 483 164 39 huiusmodi
933 483 177 39 speculatio
1073 483 139 39 aliquos
1161 483 114 39 homines

746 522 156 52 credere
859 522 213 52 quantitatem
1030 522 185 52 separari,
1172 522 71 52 &
1186 522 85 52 sunt

752 564 126 38 illi,
836 564 98 38 qui
892 564 140 38 dicunt
990 564 182 38 subiectum
1115 564 154 38 Mathemati

755 599 91 51 cae
807 599 168 51 separari.
936 599 78 51 Et
975 599 91 51 nos
1027 599 142 51 dicimus
1131 599 104 51 quod
1195 599 78 51 de
1221 599 52 51 se

750 644 129 46 primo
836 644 158 46 apparet
950 644 115 46 quod
1022 644 215 46 dimensiones
1194 644 100 46 non

755 684 198 30 notificant
911 684 85 30 de
953 684 184 30 indiuiduo
1081 684 184 30 substantiae

756 715 159 47 quiditatem
881 715 102 47 suam,
949 715 57 47 &
972 715 91 47 quod
1028 715 114 47 quando
1108 715 80 47 per
1153 715 80 47 eas
1187 715 80 47 deno-

754 749 160 45 minatur
871 749 160 45 aliquod
988 749 204 45 indiuiduum
1134 749 131 45 substan

756 791 91 41 tiae
813 791 194 41 denomniatione
972 791 57 41 e
995 791 160 41 ssentiali,
1121 791 91 41 tunc
1166 791 103 41 species

752 831 136 51 illius
847 831 190 51 indiuidui,
997 831 95 51 vel
1051 831 109 51 eius
1119 831 122 51 genus
1187 831 81 51 sumi

750 876 97 38 tur
806 876 83 38 in
847 876 111 38 eius
916 876 208 38 definitione
1083 876 83 38 eo
1124 876 125 38 modo,
1194 876 69 38 quo

755 908 144 41 capiuntur
866 908 144 41 subiecta,
977 908 133 41 scilicet
1076 908 177 41 accidentium,
1210 908 55 41 vel

752 944 142 47 genera
851 944 213 47 subiectorum
1021 944 128 47 eorum
1106 944 85 47 in
1149 944 113 47 suis
1205 944 57 47 de

753 989 231 37 finitionibus.
943 989 68 37 &
971 989 176 37 huiusmodi
1093 989 176 37 denominatio

758 1022 92 36 non
810 1022 105 36 erit
876 1022 144 36 accepta
980 1022 78 36 in
1020 1022 196 36 definitione
1163 1022 92 36 illis

752 1060 202 38 indiuidui
907 1060 93 38 eo
953 1060 140 38 modo,
1046 1060 109 38 quo
1093 1060 171 38 accipiunt

753 1094 200 53 praedicata,
913 1094 107 53 quae
980 1094 107 53 sunt
1046 1094 134 53 causae
1126 1094 134 53 subiecto

754 1133 90 45 rum
806 1133 77 45 in
844 1133 103 45 suis
909 1133 245 45 definitionibus:
1115 1133 77 45 vt
1153 1133 90 45 si,
1192 1133 77 45 exem

750 1173 92 45 pli
803 1173 145 45 gratia,
908 1173 145 45 dicamus
1014 1173 159 45 hominem,
1133 1173 119 45 atque
1199 1173 66 45 mul

753 1201 77 57 ta
792 1201 102 57 alia
855 1201 153 57 animalia
970 1201 102 57 esse
1034 1201 140 57 quantum
1136 1201 153 57 aliquid,

750 1247 120 45 quia
825 1247 225 45 vnumquodque
1005 1247 165 45 istorum
1125 1247 135 45 habet
1200 1247 60 45 de

751 1287 211 43 terminatam
917 1287 257 43 magnitudinem.
1128 1287 75 43 &
1143 1287 121 43 tandem

750 1325 97 38 est
806 1325 195 38 manifestum
959 1325 111 38 quod
1028 1325 209 38 dimensiones
1182 1325 84 38 sunt

751 1363 193 49 posteriores
906 1363 77 49 in
944 1363 103 49 ipso
1009 1363 154 49 animato,
1124 1363 64 49 &
1150 1363 103 49 quod
1202 1363 64 49 ani

748 1405 93 37 ma
795 1405 78 37 &
826 1405 187 37 animatum
966 1405 218 37 praecedunt
1138 1405 125 37 eas:
1215 1405 78 37 &

755 1439 151 39 similiter
871 1439 104 39 etiam
941 1439 139 39 videntur
1045 1439 93 39 alia
1103 1439 104 39 entia
1161 1439 104 39 natura-

760 1477 87 48 lia
809 1477 174 48 praecedere
946 1477 198 48 dimensiones,
1107 1477 99 48 quas
1156 1477 112 48 existit

754 1517 108 37 matur
826 1517 72 37 ea
862 1517 133 37 habere.
959 1517 96 37 Haec
1019 1517 108 37 autem
1091 1517 96 37 sunt
1152 1517 108 37 omnia
1212 1517 48 37 in

750 1557 157 46 diuidua
864 1557 228 46 substantiae,
1049 1557 114 46 quia
1105 1557 157 46 quodlibet

755 1591 169 43 indiuiduum
888 1591 194 43 substantiae,
1045 1591 85 43 vel
1094 1591 85 43 est
1130 1591 133 43 animatum,

749 1628 108 38 vel
810 1628 201 38 naturale.
965 1628 108 38 Sed
1027 1628 139 38 sermo
1119 1628 93 38 de
1150 1628 124 38 genere

750 1669 195 37 communiori,
906 1669 104 37 quod
971 1669 182 37 inueniatur
1113 1669 78 37 in
1139 1669 130 37 substan-

752 1704 89 42 tia
803 1704 102 42 quid
867 1704 102 42 sit,
930 1704 64 42 &
956 1704 114 42 vtrum
1032 1704 114 42 illud
1108 1704 89 42 sit
1146 1704 127 42 ipsummet

754 1740 137 55 corpus,
853 1740 87 55 vel
903 1740 137 55 aliquid
1002 1740 87 55 cui
1052 1740 137 55 accidat
1139 1740 112 55 corpus,

751 1781 69 53 &
779 1781 83 53 si
820 1781 151 53 aliquid
930 1781 110 53 sibi
999 1781 193 53 acciderit,
1136 1781 138 53 quidnam,
