1475 2066
192 156 229 49 intellectum,
378 156 158 49 dicimus
493 156 129 49 ipsam
579 156 115 49 esse
636 156 72 49 con

209 194 140 54 lorem
303 194 265 54 disgregatiuum
521 194 156 54 visus:
630 194 78 54 &
645 194 78 54 hoc

206 244 134 43 magis
296 244 89 43 de
340 244 119 43 ipsa
415 244 224 43 magnitudine
594 244 75 43 &
609 244 104 43 sigu-

208 271 96 42 ra.
263 271 96 42 sed
318 271 82 42 si
359 271 205 42 accipiantur
523 271 96 42 per
578 271 123 42 eorum
647 271 68 42 no-

199 315 126 49 mina
278 315 205 49 concreta,
436 315 126 49 quae
514 315 158 49 quidem
609 315 110 49 magis

208 352 192 51 significant
362 352 115 51 super
439 352 128 51 ipsis,
529 352 167 51 apparebit
644 352 77 51 equi

201 388 106 38 dem
261 388 211 38 substantia
427 388 91 38 in
473 388 136 38 eorum
548 388 166 38 definitio

205 436 97 42 ne.
261 436 83 42 Et
302 436 194 42 substantia
454 436 152 42 apparet
565 436 83 42 re
606 436 111 42 vera
662 436 55 42 in

202 469 239 37 definitione
393 469 239 37 accidentium
584 469 95 37 in
616 469 95 37 actu

201 507 88 49 in
245 507 131 49 illis
333 507 277 49 praedicamentis,
566 507 88 49 in
595 507 117 49 quorum

213 541 208 52 definitione
380 541 181 52 reperitur
519 541 208 52 substantia,
671 541 42 52 &

202 580 145 39 tandem
303 580 87 39 in
346 580 232 39 accidentibus
520 580 188 39 essentiali-

213 617 120 50 bus,
288 617 90 50 in
333 617 149 50 quorum
437 617 269 50 definitionibus
646 617 60 50 in

201 662 191 46 ueniuntur
348 662 103 46 sua
407 662 191 46 subiecta,
554 662 103 46 aut
598 662 118 46 genera

207 696 227 35 subiectorum
388 696 166 35 suorum,
509 696 91 35 vt
555 696 166 35 simitas
661 696 60 35 in

203 732 128 37 naso,
288 732 71 37 &
316 732 213 37 risibilitas
487 732 85 37 in
529 732 156 37 homine.
629 732 85 37 Hine

203 769 99 53 est
260 769 113 53 quod
330 769 213 53 huiuscemodi
500 769 142 53 nomina
585 769 128 53 signifi

207 806 126 52 cant
286 806 110 52 rem
349 806 220 52 compositam
522 806 94 52 ex
554 806 157 52 accidens

204 845 88 37 te
248 845 73 37 &
278 845 220 37 substantia,
453 845 73 37 &
483 845 190 37 abstracta
614 845 103 37 horum

210 885 248 37 compositorum,
414 885 87 37 vt
458 885 131 37 dicit
545 885 160 37 Aristo.
647 885 73 37 vel

204 921 94 52 non
257 921 162 52 habebunt
379 921 215 52 definitiones
553 921 148 52 propter
648 921 67 52 ad-

204 959 188 43 ditionem
345 959 204 43 assumptam
502 959 94 43 in
533 959 188 43 definitio-

201 996 98 53 ne
250 996 146 53 eorum
347 996 81 53 &
380 996 260 53 iterationem:
591 996 114 53 nam
640 996 81 53 qui

211 1036 138 38 definit
312 1036 163 38 simitatem
438 1036 113 38 nasi,
513 1036 138 38 accipit
613 1036 75 38 in
639 1036 75 38 eius

207 1077 214 37 definitione
378 1077 229 37 definitionem
564 1077 129 37 nasi,
650 1077 71 37 &
664 1077 57 37 in

210 1111 218 43 definitione
385 1111 232 43 concauitatis
559 1111 160 43 assumptae

210 1152 86 48 in
253 1152 114 48 ipso
324 1152 185 48 accipitur
466 1152 128 48 etiam
552 1152 143 48 nasus,
637 1152 86 48 ergo

209 1195 122 40 nasus
290 1195 176 40 accipitur
425 1195 108 40 bis.
492 1195 95 40 vel
546 1195 162 40 siquidem
654 1195 54 40 ha

211 1224 106 42 bent
277 1224 106 42 haec
343 1224 225 42 definitiones,
528 1224 119 42 illud
607 1224 106 42 erit
660 1224 53 42 mo

211 1262 86 50 do
254 1262 200 50 posteriori
410 1262 214 50 substantiae
567 1262 143 50 composi-

211 1304 88 42 tae
262 1304 75 42 ex
299 1304 138 42 materia
400 1304 63 42 &
425 1304 125 42 forma,
512 1304 138 42 quoniam
600 1304 113 42 defini-

211 1341 162 49 tiones
324 1341 130 49 sunt
389 1341 243 49 compositorum,

233 1381 104 46 E,
285 1381 208 46 postquam
441 1381 139 46 fuit
510 1381 208 46 declaratum

239 1413 62 46 C
263 1413 100 46 quod
326 1413 112 46 omnia
401 1413 212 46 praedicamenta
576 1413 125 46 habent
651 1413 62 46 de-

210 1455 197 51 finitiones
365 1455 239 51 significantes
548 1455 169 51 quiditates

212 1493 137 38 eorum,
308 1493 68 38 &
335 1493 109 38 quod
404 1493 191 38 substantia
554 1493 123 38 habet
622 1493 96 38 veram

208 1531 227 49 definitionem
392 1531 71 49 &
421 1531 213 49 quiditatem,
591 1531 114 49 quae
648 1531 71 49 est

203 1568 223 43 substantia.
382 1568 208 43 scrutandum
545 1568 149 43 igitur
635 1568 74 43 est

206 1605 143 37 vtrum
301 1605 222 37 quiditates
475 1605 158 37 rerum,
586 1605 79 37 &
602 1605 111 37 earum

210 1644 194 50 intelligibilia
372 1644 162 50 vniversalia
502 1644 86 50 sint
556 1644 119 50 ipsemet
642 1644 76 50 res
675 1644 43 50 se

214 1682 156 46 paratae
327 1682 85 46 eo
370 1682 128 46 modo,
455 1682 99 46 quo
512 1682 156 46 dicimus
612 1682 99 46 exem:

209 1726 104 42 plar
274 1726 91 42 rei
326 1726 104 42 esse
391 1726 156 42 ipsammet
508 1726 104 42 rem,
573 1726 65 42 &
599 1726 104 42 quod
651 1726 65 42 for

208 1757 86 39 ma
251 1757 100 39 rei
308 1757 171 39 sensatae
436 1757 100 39 est
493 1757 128 39 ipsum
564 1757 143 39 sensatum

210 1794 81 48 aut
257 1794 127 48 aliquid
349 1794 104 48 aliud
418 1794 115 48 aliquo
498 1794 92 48 modo
556 1794 138 48 scilicet
648 1794 69 48 quod

736 156 157 46 habeant
850 156 114 46 esse
921 156 128 46 extra
1007 156 157 46 animam,
1121 156 86 46 vt
1149 156 114 46 dicunt

738 196 76 47 qui
782 196 109 47 ponunt
858 196 109 47 ideas.
934 196 65 47 Et
967 196 120 47 dicamus
1054 196 87 47 quod
1097 196 142 47 vniversalia

735 238 205 37 essentialia.
902 238 103 37 quae
966 238 179 37 notificant
1094 238 141 37 essentiam

729 271 92 55 rei
781 271 184 55 singularis
926 271 105 55 sunt
991 271 105 55 idem
1057 271 92 55 cum
1110 271 105 55 tali
1162 271 79 55 sin-

728 311 119 53 gulari
811 311 71 53 eo
847 311 107 53 modo,
918 311 83 53 quo
965 311 130 53 diximus
1060 311 142 53 scilicet
1167 311 71 53 ea
1191 311 47 53 no

738 348 151 46 tificare
852 348 188 46 substantiam
1002 348 126 46 ipsius
1078 348 163 46 singularis.

732 389 210 37 Praedicata
897 389 120 37 vero
972 389 105 37 per
1032 389 180 37 accidens
1167 389 105 37 non

727 428 114 48 sunt
798 428 128 48 idem.
883 428 100 48 Nam
940 428 142 48 quando
1040 428 185 48 contingit
1168 428 71 48 me-

728 462 123 52 dicum
810 462 110 52 esse
879 462 247 52 aedificatorem,
1084 462 110 52 tunc
1139 462 96 52 quid,

735 501 96 44 tas
790 501 178 44 medicinae
927 501 96 44 non
981 501 96 44 est
1036 501 82 44 in
1063 501 178 44 aedificato-

726 542 100 37 re,
783 542 129 37 neque
869 542 115 37 homo
940 542 100 37 est
998 542 115 37 homo
1069 542 143 37 albus.
1155 542 86 37 immo

733 578 167 41 huiusmodi
861 578 192 41 praedicatum
1015 578 90 41 est
1067 578 115 41 aliud
1143 578 64 41 a
1156 578 90 41 subie

731 616 95 51 cto,
790 616 119 51 contra
873 616 95 51 quod
933 616 83 51 sit
980 616 71 51 in
1016 616 178 51 praedicatis
1146 616 95 51 essen-

737 655 133 49 tialibus.
839 655 71 49 Et,
880 655 61 49 si
910 655 82 49 ipsa
961 655 153 49 vniversalia
1084 655 153 49 essentialia
1196 655 51 49 rei

729 694 110 37 rum
792 694 110 37 non
855 694 157 37 essent
965 694 126 37 idem
1043 694 110 37 cum
1106 694 126 37 ipso
1169 694 78 37 sin

731 727 141 53 gulari,
834 727 77 53 i.
872 727 103 53 ipsa
937 727 167 53 subiecta,
1065 727 103 53 tunc
1117 727 128 53 quiditas

729 766 100 49 reim
792 766 88 49 non
842 766 113 49 esset
918 766 100 49 ipsa
980 766 100 49 res,
1043 766 126 49 neques
1119 766 126 49 quiditas

728 806 128 45 ipsius
818 806 166 45 animalis,
946 806 141 45 exempli
1048 806 141 45 gratia,
1150 806 115 45 esset

731 843 128 38 ipsum
816 843 142 38 animal
915 843 213 38 indiuiduum.
1085 843 71 38 &
1113 843 99 38 sic
1156 843 85 38 tol-

736 880 125 42 leretur
826 880 147 42 scientia,
939 880 91 42 adeo
996 880 91 42 quod
1053 880 79 42 non
1098 880 125 42 daietur
1177 880 68 42 ali-

737 919 105 43 quod
802 919 235 43 intelligibile.
998 919 92 43 Sed
1051 919 92 43 qui
1103 919 131 43 ponunt
1182 919 65 43 hui

737 956 119 51 iusmodi
824 956 162 51 vniversalia
953 956 76 51 per
997 956 65 51 se
1029 956 108 51 stare,
1105 956 54 51 &
1126 956 86 51 esse
1169 956 76 51 sepa-

738 998 116 37 rata,
815 998 141 37 oportet
918 998 77 37 vt
956 998 128 37 ponant
1046 998 103 37 ipsa
1111 998 103 37 esse
1162 998 77 37 ali-

730 1032 110 42 quid
799 1032 124 42 aliud
882 1032 69 42 a
910 1032 124 42 rebus
993 1032 221 42 singularibus
1158 1032 83 42 ali-

734 1069 93 45 quo
787 1069 120 45 modo.
867 1069 106 45 Quod
933 1069 80 45 si
973 1069 93 45 ita
1026 1069 133 45 esset,
1119 1069 106 45 tunc
1173 1069 66 45 se-

737 1108 133 46 queretur
837 1108 89 46 vnum
892 1108 133 46 duorum.,
992 1108 133 46 scilicet
1092 1108 78 46 vel
1136 1108 89 46 quod
1180 1108 67 46 illa

740 1147 182 49 vniversalia
886 1147 85 49 non
934 1147 109 49 erunt
1007 1147 109 49 harum
1080 1147 109 49 rerum
1141 1147 97 49 singu-

732 1183 119 43 larium
816 1183 227 43 intelligibilia,
1006 1183 60 43 &
1030 1183 84 43 sic
1078 1183 84 43 non
1126 1183 95 43 erit
1173 1183 72 43 suf-

735 1223 159 50 ficiens
850 1223 217 50 apprehensio
1024 1223 130 50 horum
1096 1223 145 50 singula-

735 1260 117 43 rium,
813 1260 104 43 quid
878 1260 91 43 est
930 1260 130 43 contra
1020 1260 91 43 id,
1072 1260 104 43 quod
1124 1260 117 43 dicunt,

734 1298 96 41 quia
794 1298 96 41 ipsi
854 1298 120 41 ponunt
938 1298 180 41 vniversalia
1083 1298 156 41 separata,
1203 1298 60 41 &
1215 1298 48 41 di

735 1338 81 49 cunt
786 1338 81 49 quod
836 1338 81 49 sunt
887 1338 112 49 propter
969 1338 142 49 scientiam:
1080 1338 71 49 vel
1121 1338 81 49 quod
1162 1338 81 49 conce-

735 1373 87 45 datur
793 1373 68 45 eis
832 1373 77 45 quod
881 1373 126 45 huiusmodi
977 1373 145 45 vniversalia
1094 1373 136 45 notificant
1191 1373 48 45 es-

732 1413 152 53 sentias
843 1413 125 53 horum
926 1413 221 53 singularium,
1106 1413 69 53 &
1133 1413 97 53 per
1175 1413 69 53 ip-

736 1453 83 48 sa
778 1453 234 48 intelliguntur
970 1453 193 48 quiditates
1108 1453 138 48 ipsorum.

738 1489 61 42 &
762 1489 74 42 si
799 1489 86 42 sic
848 1489 123 42 esset,
934 1489 98 42 tunc
995 1489 159 42 oporteret
1105 1489 135 42 huiusmodi

738 1526 176 45 vniversalia
879 1526 152 45 separata,
996 1526 152 45 inquantum
1113 1526 94 45 sunt
1160 1526 82 45 extra

727 1565 145 49 animam,
832 1565 106 49 alio
899 1565 106 49 modo
965 1565 79 49 se
1004 1565 132 49 habere
1097 1565 92 49 qua
1150 1565 119 49 quae

736 1612 257 30 transmutantur
948 1612 91 30 ad
993 1612 197 30 seinuicem
1129 1612 106 30 extra

731 1651 148 40 animam.
838 1651 67 40 &
865 1651 175 40 oportebit
999 1651 121 40 etiam
1066 1651 175 40 intelligere

737 1677 88 45 alia
792 1677 176 45 vniversalia:
935 1677 88 45 quia
990 1677 66 45 si
1022 1677 88 45 res,
1077 1677 88 45 quae
1132 1677 77 45 est
1165 1677 77 45 extra

734 1718 147 50 animam,
840 1718 174 50 indigeret
974 1718 80 50 ad
1014 1718 93 50 sui
1054 1718 187 50 intellectio-

730 1754 93 40 nem
783 1754 107 40 alia
850 1754 80 40 re
890 1754 120 40 extra
970 1754 147 40 animam,
1077 1754 107 40 tunc
1130 1754 107 40 seque-

729 1792 110 51 retur
802 1792 98 51 idem
863 1792 98 51 quod
924 1792 122 51 prius,
1010 1792 61 51 &
1034 1792 86 51 sic
1083 1792 134 51 fieret,
1169 1792 73 51 pro
