1475 2066
200 157 173 50 praestat
329 157 317 50 praedispositionem,
603 157 101 50 qua
646 157 86 50 reci

213 193 106 53 pit
274 193 197 53 subiectum
425 193 152 53 formam
532 193 152 53 ignis.
638 193 91 53 Et
668 193 61 53 tu

207 234 149 49 potes
307 234 199 49 experiri
456 234 116 49 hoc
522 234 116 49 cum
572 234 149 49 bombyce

206 271 100 54 qui
263 271 158 54 ignitur
378 271 72 54 a
406 271 158 54 Soleper
521 271 143 54 radium
607 271 115 54 conver

214 309 99 49 sum
271 309 71 49 a
299 309 142 49 vitro,
398 309 99 49 nam
455 309 99 49 non
511 309 85 49 vt
554 309 113 49 quod
611 309 113 49 radiu-

216 347 149 40 habeat
320 347 134 40 talem
410 347 224 40 operationem
589 347 119 40 nisi
648 347 75 40 re-

206 396 141 32 motam
301 396 110 32 cum
363 396 141 32 motu.
458 396 157 32 radius
568 396 126 32 vero
631 396 94 32 prae

211 429 140 45 parat
305 429 140 45 aerem
398 429 93 45 ad
445 429 233 45 recipiendum
616 429 109 45 calo-

210 460 125 53 rem,
288 460 109 53 quo
351 460 156 53 bombyx
459 460 187 53 ignitur,
600 460 109 53 nam
646 460 78 53 aer

208 501 95 50 non
263 501 95 50 est
317 501 136 50 ignis,
412 501 81 50 vt
453 501 109 50 fuit
520 501 204 50 declaratum.
670 501 54 50 Mo

211 539 91 39 tus
263 539 131 39 quoque
355 539 91 39 est
407 539 144 39 quaedam
511 539 104 39 vita
576 539 117 39 rebus
642 539 78 39 natu

207 573 158 50 ralibus,
325 573 66 50 &
352 573 92 50 est
404 573 132 50 veluti
496 573 171 50 extrahens
615 573 105 50 partes

207 613 121 52 ignis
287 613 188 52 existentis
435 613 81 52 in
476 613 108 52 aere
543 613 81 52 in
570 613 148 52 potentiae

211 653 191 45 propinqua
358 653 88 45 ad
402 653 132 45 actum
491 653 206 45 perfectum.
638 653 88 45 Hinc

216 689 95 51 est
271 689 109 51 quod
339 689 177 51 euentatio
476 689 123 51 auget
544 689 177 51 substantiam

211 727 144 53 ignis.
311 727 86 53 Et
355 727 101 53 per
412 727 101 53 hoc
470 727 144 53 potest
556 727 159 53 persuader

218 765 107 46 quod
285 765 188 46 conseruans
432 765 134 46 formam
526 765 121 46 ignis
593 765 121 46 existen

206 812 99 38 tis
262 812 85 38 in
305 812 113 38 actu
375 812 85 38 in
418 812 155 38 concauo
531 812 127 38 orbis
615 812 127 38 Lunae

212 845 99 50 sit
269 845 142 50 quoquo
368 845 114 50 modo
439 845 114 50 ipse
510 845 128 50 motus
581 845 142 50 corporis

210 880 161 43 coelestis,
337 880 69 43 vt
372 880 69 43 in
407 880 138 43 scientia
510 880 138 43 Naturali
614 880 92 43 fuit
660 880 58 43 de-

210 918 177 54 claratum.
347 918 95 54 Nam
401 918 95 54 ibi
455 918 109 54 fuit
523 918 163 54 ossensum
632 918 82 54 quod

206 958 168 50 elementa
332 958 168 50 respectu
458 958 168 50 corporis
570 958 154 50 coelestis

213 996 92 38 se
259 996 153 38 habent
366 996 153 38 veluti
473 996 183 38 materia:
610 996 76 38 &
625 996 92 38 ideo

205 1033 102 49 non
264 1033 161 49 possunt
381 1033 132 49 stare
469 1033 117 49 sine
542 1033 132 49 ipso,
615 1033 102 49 quem-

204 1075 171 39 admodum
329 1075 109 39 est
391 1075 233 39 impossibile
562 1075 156 39 materiam

203 1110 168 45 primam
321 1110 134 45 esse
404 1110 218 45 denudatam
572 1110 84 45 a
589 1110 134 45 forma.

211 1151 134 49 corpus
305 1151 148 49 quoquid
412 1151 161 49 coeleste
533 1151 148 49 indiget
627 1151 81 49 ali-

214 1188 101 47 quo
271 1188 116 47 modo
344 1188 145 47 ipsis,
445 1188 87 47 eo
488 1188 130 47 modo,
575 1188 101 47 quo
619 1188 101 47 indi-

211 1225 108 48 gent
278 1225 134 48 formae
372 1225 121 48 ipsis
453 1225 202 48 materiebus.
614 1225 94 48 Cum
654 1225 54 48 au

219 1266 99 40 tem
276 1266 156 40 diximus
389 1266 85 40 re
431 1266 170 40 generari
559 1266 71 40 a
587 1266 113 40 sibi
644 1266 71 40 si-

201 1301 106 51 mili
267 1301 133 51 specie
360 1301 66 51 &
387 1301 186 51 quiditate,
533 1301 106 51 vter
599 1301 120 51 magis
666 1301 53 51 ap

215 1340 127 50 parere
304 1340 76 50 in
342 1340 228 50 artificialibus
532 1340 101 50 quam
595 1340 76 50 in
621 1340 101 50 natura

220 1381 133 36 libus.
313 1381 93 36 nam
366 1381 147 36 sanitas
473 1381 133 36 adepta
566 1381 80 36 ab
606 1381 107 36 arte
660 1381 53 36 me

216 1417 164 42 dicinali
340 1417 82 42 in
381 1417 192 42 corporibus
531 1417 151 42 hominum
641 1417 96 42 sit
682 1417 41 42 a

215 1457 124 42 formis
301 1457 174 42 sanitatis,
438 1457 99 42 quae
500 1457 87 42 est
550 1457 74 42 in
587 1457 124 42 anima.
661 1457 50 42 Si

210 1494 159 44 militer
325 1494 130 44 etiam
411 1494 130 44 forma
498 1494 130 44 domus
584 1494 130 44 facta
656 1494 58 44 al

222 1533 210 45 aedificatore
393 1533 79 45 in
432 1533 171 45 lapidibus
563 1533 66 45 &
577 1533 144 45 lateribus

214 1573 100 39 est
271 1573 129 39 forma
357 1573 144 39 habita
458 1573 72 39 a
486 1573 129 39 forma
558 1573 158 39 existente

221 1613 74 38 in
258 1613 124 38 anima.
344 1613 99 38 Sed,
406 1613 99 38 quia
468 1613 161 38 huiusmodi
592 1613 111 38 forma
654 1613 62 38 de-

217 1650 180 47 necessitate
361 1650 168 47 perficitur
492 1650 60 47 a
516 1650 144 47 pluribus
624 1650 96 47 quam
672 1650 48 47 ab

217 1693 88 45 vno
268 1693 138 45 agente.
368 1693 88 45 nam
418 1693 75 45 si
456 1693 88 45 est
506 1693 151 45 sanitas,
607 1693 113 45 oportet

222 1732 94 45 quod
281 1732 83 45 ibi
328 1732 83 45 sit
376 1732 165 45 euacuatio,
505 1732 94 45 ergo
564 1732 94 45 erit
623 1732 83 45 ibi
659 1732 47 45 po

212 1765 92 48 tio
264 1765 170 48 medicinae
395 1765 183 48 solutiuae:
540 1765 157 48 sequitur
644 1765 79 48 ergo

220 1798 66 43 de
253 1798 166 43 necessitate
386 1798 89 43 quod
441 1798 77 43 id,
486 1798 89 43 quod
541 1798 77 43 est
585 1798 100 43 prius
641 1798 77 43 isto

753 156 80 53 rum
798 156 69 53 in
833 156 103 53 anima
901 156 160 53 artificis,
1027 156 80 53 sit
1073 156 149 53 posterius
1176 156 92 53 tempo-

746 197 71 50 re
782 197 71 50 in
817 197 189 50 generatione.
970 197 94 50 Hinc
1029 197 130 50 digitur
1123 197 94 50 quod
1171 197 83 50 prin-

748 233 138 41 cipium
845 233 220 41 cogitationis
1023 233 96 41 est
1078 233 124 41 finis
1147 233 110 41 opera-

746 270 143 44 tionis,
850 270 65 44 &
876 270 143 44 initium
980 270 195 44 operationis
1135 270 91 44 est
1174 270 91 44 finis

742 317 97 41 coo
798 317 195 41 itationis.
951 317 84 41 In
993 317 125 41 rebus
1076 317 139 41 quoque
1160 317 97 41 natu-

745 338 135 49 rasibus
843 338 86 49 vte
892 338 86 49 res
941 338 86 49 ita
990 338 74 49 se
1027 338 135 49 habere,
1125 338 61 49 &
1150 338 98 49 quod
1199 338 49 49 ea

745 387 93 49 rum
798 387 173 49 principia
931 387 133 49 vltima
1023 387 93 49 sit
1076 387 173 49 conceptio
1196 387 53 49 pr

740 422 224 38 intellectum.
922 422 140 38 Aliter
1021 422 112 38 enim
1091 422 112 38 vnde
1147 422 112 38 euenit

740 462 82 47 eis
787 462 94 47 quod
846 462 94 47 sint
904 462 70 47 ex
940 462 82 47 sui
986 462 117 47 natura
1068 462 105 47 aptae
1139 462 70 47 vt
1162 462 94 47 intel-

739 498 154 40 ligantur
855 498 64 40 a
880 498 128 40 nobis:
970 498 90 40 nam
1022 498 90 40 hoc
1073 498 90 40 est
1125 498 103 40 sibi
1176 498 77 40 quid

745 534 188 45 essentiale
892 534 67 45 &
919 534 175 45 inhaerens
1054 534 148 45 naturae
1148 534 107 45 earum-

737 573 74 51 id
774 573 111 51 autem
848 573 99 51 quod
909 573 86 51 est
959 573 173 51 essentiale
1095 573 136 51 alicui,
1181 573 74 51 pro-

745 612 112 50 uenit
819 612 125 50 quidem
906 612 100 50 ipsi
969 612 100 50 enti
1031 612 62 50 a
1056 612 112 50 causa
1118 612 137 50 efficien-

737 653 64 37 n
763 653 77 37 de
801 653 206 37 necessitate.
969 653 116 37 Nihil
1046 653 116 37 autem
1123 653 116 37 datur
1188 653 64 37 quo

741 689 173 52 sensibile
873 689 133 52 euadat
966 689 226 52 intelligibile
1152 689 80 52 in
1179 689 66 52 po-

740 730 135 50 tentia,
838 730 74 50 i,
875 730 98 50 quod
936 730 74 50 de
973 730 86 50 sui
1022 730 123 50 natura
1108 730 86 50 est
1157 730 74 50 vt
1182 730 86 50 intel

741 766 149 53 ligatur,
852 766 99 53 nisi
914 766 99 53 eius
976 766 161 53 generatio
1100 766 99 53 fiat
1162 766 74 53 ex
1187 766 62 53 in-

743 806 201 44 tellectuali
904 806 242 44 apprehensione:
1105 806 121 44 licet
1172 806 81 44 suum

737 845 97 45 esse
798 845 158 45 sensibile
919 845 85 45 sit
968 845 158 45 conceptum
1089 845 61 45 a
1113 845 97 45 suis
1162 845 85 45 prin-

735 880 140 42 cipiis
833 880 238 42 sensibilibus,
1029 880 210 42 quemadmodum
1197 880 84 42 in

738 918 242 45 artificialibus
939 918 188 45 contingit,
1087 918 94 45 nam
1128 918 121 45 accidit

741 957 108 53 rebus
813 957 84 53 per
861 957 108 53 artem
933 957 156 53 confectis
1054 957 96 53 quod
1102 957 144 53 intelligan

739 1004 79 39 tur
784 1004 67 39 ab
817 1004 101 39 illo,
885 1004 79 39 qui
930 1004 79 39 non
975 1004 135 39 operatur
1076 1004 90 39 eas,
1132 1004 124 39 propter
1211 1004 45 39 ea

737 1033 102 50 quia
801 1033 102 50 sunt
864 1033 165 50 ordiuatae
992 1033 76 50 ab
1030 1033 191 50 intellectu,
1170 1033 76 50 quae

736 1072 100 43 est
793 1072 114 43 ipsa
864 1072 128 43 forma
950 1072 171 43 existens
1078 1072 86 43 in
1121 1072 128 43 anima
1192 1072 57 43 ar

736 1109 140 39 tificis:
841 1109 117 39 aliter
923 1109 93 39 enim
981 1109 117 39 essent
1063 1109 175 39 intellectae
1192 1109 58 39 per

732 1145 165 49 accidens,
859 1145 64 49 &
885 1145 165 49 similiter
1012 1145 114 49 etiam
1088 1145 89 49 res
1139 1145 76 49 se
1164 1145 89 49 habet

730 1188 85 37 in
772 1188 155 37 natura,
885 1188 70 37 &
913 1188 85 37 in
955 1188 127 37 rebus
1040 1188 183 37 namlibus.
1167 1188 85 37 Hinc

737 1226 155 40 apparet
850 1226 183 40 generatim
990 1226 113 40 quod
1061 1226 141 40 dantur
1145 1226 99 40 forma

740 1264 156 50 separatae,
863 1264 89 50 quae
918 1264 89 50 sunt
974 1264 100 50 caum:
1041 1264 67 50 ob
1075 1264 89 50 quam
1130 1264 89 50 ipsa
1175 1264 67 50 sub-

739 1300 143 46 stantia
843 1300 182 46 sensibilis
986 1300 91 46 est
1026 1300 221 46 intelligibilis.

737 1338 182 53 Praestant
877 1338 126 53 autem
961 1338 112 53 ipsi
1031 1338 182 53 sensibili
1157 1338 84 53 for-

739 1377 95 50 mam
794 1377 246 50 substantialem,
999 1377 95 50 qua
1053 1377 95 50 sit
1094 1377 150 50 intelligi

738 1418 112 40 bile
808 1418 168 40 potentia
934 1418 98 40 per
990 1418 126 40 ipsam
1074 1418 168 40 naturam,
1200 1418 70 40 &

737 1453 93 47 per
790 1453 147 47 corpora
897 1453 187 47 coelestia,
1043 1453 67 47 &
1070 1453 120 47 tales
1136 1453 107 47 formae

738 1493 122 51 sunt
814 1493 152 51 formae
920 1493 182 51 corporum
1042 1493 197 51 coelestium.

734 1532 71 38 &
762 1532 100 38 hoc
819 1532 114 38 est,
891 1532 114 38 quid
962 1532 200 38 quaerebant
1104 1532 143 38 ponentes

743 1567 148 54 ideas,
847 1567 74 54 &
877 1567 104 54 non
936 1567 208 54 attigerunt
1084 1567 119 54 ipsum,

816 1605 218 47 Euertamur
984 1605 151 47 autem
1084 1605 134 47 vnde
1168 1605 117 47 di.
1218 1605 50 47 d

740 1619 78 75 E
772 1619 155 75 gressi
880 1619 155 75 sumus,
989 1619 78 75 &
1020 1619 171 75 dicamus
1144 1619 140 75 quod,
1221 1619 47 75 n

738 1684 93 50 cum
791 1684 146 50 apparet
897 1684 80 50 vt
937 1684 160 50 diximus,
1057 1684 106 50 quod
1123 1684 93 50 id,
1163 1684 80 50 quod

739 1724 213 52 generatur,
906 1724 198 52 generatur
1058 1724 91 52 ab
1104 1724 107 52 eo,
1150 1724 91 52 quod

732 1760 100 42 est
789 1760 115 42 idem
861 1760 157 42 specie,
975 1760 72 42 &
1004 1760 200 42 quiditate,
1147 1760 100 42 mani-

740 1797 150 46 festum
845 1797 150 46 igitur
950 1797 105 46 est
1009 1797 120 46 quod
1069 1797 165 46 quiditas,
