1475 2066
183 140 231 47 Phemistius
364 140 132 47 vero
446 140 165 47 reddit
545 140 165 47 rationem

198 189 91 45 pro
250 189 156 45 Platone,
367 189 104 45 quod
432 189 130 45 dantur
522 189 130 45 formae
600 189 117 45 agentes

193 217 92 42 ad
239 217 123 42 esse
315 217 199 42 animalium
469 217 138 42 ortum
545 217 169 42 habentium

201 260 68 39 ex
235 260 158 39 putredine.
358 260 68 39 Et
392 260 113 39 putari
471 260 113 39 potest
550 260 90 39 quod
595 260 124 39 huiusmodi

187 297 216 49 principium
356 297 216 49 concedatur
525 297 123 49 apud
587 297 123 49 Aristo

191 335 67 50 &
217 335 107 50 quod
285 335 94 50 non
338 335 81 50 vt
378 335 201 50 necessarium
526 335 188 50 intromittete

198 375 119 52 ipsas
277 375 79 52 in
316 375 132 52 causam
409 375 211 52 generationis
567 375 145 52 huiusmodi

201 412 140 51 generis
303 412 127 51 tantum
392 412 178 51 animalium,
531 412 89 51 sed
582 412 114 51 etiam
646 412 63 51 ani

193 460 140 30 malium
291 460 265 30 prolificantium,
514 460 84 30 vt
556 460 140 30 potest
654 460 84 30 in

197 492 153 38 telligi
308 492 83 38 ex
350 492 125 38 libro
433 492 83 38 de
475 492 208 38 Animalibus.
628 492 83 38 Veru

195 529 136 41 tamen
286 529 212 41 principium
452 529 212 41 propinquum
603 529 106 41 isto-

190 572 102 43 rum
249 572 116 43 apud
321 572 145 43 Arist.
423 572 102 43 est
481 572 145 43 virtus
569 572 145 43 animata:

199 605 70 50 &
227 605 155 50 remotum
340 605 113 50 sunt
410 605 141 50 formae
509 605 169 50 corporum
621 605 85 50 coe-

197 641 135 41 lestium.
298 641 101 41 totum
366 641 101 41 autem
433 641 79 41 hoc
478 641 135 41 secundum
580 641 90 41 viam
625 641 90 41 Aristo

200 682 168 40 indiget
322 682 260 40 speculatione.
536 682 122 40 Quod
613 682 138 40 autem

200 711 156 51 Aristo.
313 711 142 51 credat
412 711 99 51 has
469 711 142 51 formas
554 711 156 51 separatas

200 757 132 37 habere
292 757 198 37 operationem
451 757 198 37 vniuersalem
609 757 79 37 in
636 757 79 37 omni

191 794 160 49 generato
311 794 133 49 absque
404 794 133 49 medio,
497 794 80 49 vt
537 794 120 49 putat
603 794 107 49 Auice,

195 832 164 42 videtur
314 832 119 42 esse
389 832 179 42 remotum.
523 832 89 42 In
553 832 164 42 quibusdam

195 874 114 40 tamen
271 874 139 40 entibus
373 874 190 40 naturalibus
525 874 127 40 potest
601 874 114 40 existit

195 916 104 42 mari
260 916 104 42 quod
325 916 183 42 necessitas
469 916 117 42 cogit
547 916 131 42 ponere
626 916 78 42 for-

200 951 102 48 mas
259 951 189 48 separatas
404 951 87 48 in
447 951 218 48 generatione
607 951 102 48 indi-

203 989 129 37 uidui,
294 989 78 37 vt
332 989 78 37 in
371 989 142 37 animali
474 989 181 37 persuaderi
604 989 103 37 potest

201 1024 66 50 &
227 1024 185 50 praesertim
372 1024 79 50 in
412 1024 92 50 non
465 1024 185 50 gignitiuo.
610 1024 79 50 In
636 1024 79 50 qui-

204 1061 119 48 busdam
287 1061 107 48 tamen
359 1061 83 48 non
406 1061 95 48 vtue
466 1061 95 48 hoc,
525 1061 119 48 neques
596 1061 119 48 videntur

195 1098 171 51 indigere
323 1098 128 51 ipso,
408 1098 185 51 inquantum
550 1098 114 51 sunt
607 1098 100 51 gene-

200 1135 162 39 rabilia.
322 1135 203 39 Veruntamen,
485 1135 81 39 si
512 1135 203 39 consyderentur

200 1174 143 50 formae
300 1174 200 50 generatae,
457 1174 186 50 inquantum
585 1174 129 50 accidit

196 1212 85 49 eis
244 1212 97 49 quod
305 1212 97 49 sint
366 1212 231 49 intelligibiles,
560 1212 61 49 &
585 1212 121 49 tandem
657 1212 49 49 ha

204 1250 134 40 bentes
298 1250 161 40 ordinem,
418 1250 175 40 apparebit
539 1250 175 40 necessarium

184 1284 234 46 intromittere
375 1284 117 46 hanc
448 1284 146 46 formam
550 1284 161 46 cunctis
652 1284 59 46 re

202 1325 117 37 bus,
276 1325 88 37 vt
320 1325 132 37 prius
407 1325 176 37 diximus.
539 1325 103 37 Sed
583 1325 132 37 huiusmo

201 1363 81 47 di
241 1363 189 47 principium
389 1363 108 47 alio
457 1363 108 47 modo
524 1363 81 47 se
565 1363 135 47 habet,
646 1363 67 47 qua

206 1405 152 45 ponitur
317 1405 69 45 a
345 1405 194 45 ponentibus
497 1405 138 45 ideas.
580 1405 138 45 Dicebant

197 1444 107 45 enim
264 1444 107 45 quod
331 1444 228 45 intelligibile
518 1444 134 45 ipsius
612 1444 107 45 equi
679 1444 67 45 &

201 1484 105 30 eius
267 1484 171 30 quiditas,
399 1484 79 30 vt
438 1484 92 30 est
491 1484 79 30 in
530 1484 105 30 mam,
596 1484 92 30 est
636 1484 79 30 idem

200 1512 113 43 extra
275 1512 138 43 animam.
375 1512 63 43 &
400 1512 88 43 sic
450 1512 150 43 sequitur
562 1512 75 43 de
587 1512 125 43 necessi-

207 1551 98 43 tate
268 1551 98 43 quod
329 1551 110 43 detur
402 1551 110 43 equus
476 1551 171 43 hinnibilis
610 1551 98 43 sine
659 1551 49 43 ma

207 1592 130 47 teria,
298 1592 65 47 &
324 1592 117 47 ignis
402 1592 182 47 comburens.
545 1592 65 47 &
571 1592 78 47 si
597 1592 117 47 intelli

206 1629 97 48 gunt
267 1629 97 48 hoc,
327 1629 121 48 omnino
412 1629 133 48 errant.
509 1629 73 48 Et
545 1629 73 48 si
582 1629 121 48 velint
655 1629 49 48 id

206 1665 104 47 quod
271 1665 130 47 Arist.
362 1665 156 47 intendit
480 1665 78 47 de
519 1665 104 47 esse
584 1665 117 47 rerum
649 1665 52 47 se

201 1703 192 46 paratarum,
352 1703 82 46 vt
393 1703 206 46 existimauit
558 1703 124 46 eorum
627 1703 82 46 fau-

203 1749 114 41 tor,
274 1749 199 41 errauerunt
431 1749 157 41 tandem:
544 1749 114 41 quia
601 1749 100 41 tran-

195 1779 164 38 stulerunt
321 1779 113 38 dicta
397 1779 189 38 scientifica
548 1779 76 38 in
586 1779 113 38 dicta
649 1779 63 38 pot

737 140 118 47 tica,
815 140 105 47 quae
881 140 92 47 non
933 140 105 47 sunt
998 140 118 47 vera,
1077 140 65 47 &
1103 140 118 47 fiunt
1182 140 78 47 ad
1208 140 52 47 do

733 185 148 47 cendum
837 185 178 47 populum.
970 185 104 47 hoc
1030 185 133 47 autem
1119 185 89 47 in
1148 185 104 47 futu-

735 228 88 44 ro
779 228 220 44 ostendemus.
955 228 88 44 Ex
999 228 147 44 dictis
1102 228 117 44 ergo
1160 228 103 44 patet

739 257 86 47 quod
793 257 54 47 &
815 257 65 47 si
847 257 108 47 dantur
923 257 162 47 vniversalia
1053 257 76 47 per
1096 257 65 47 se
1128 257 119 47 stantia
1204 257 43 47 ex

732 300 92 39 tra
784 300 144 39 animam,
889 300 92 39 non
942 300 184 39 sufficiunt
1086 300 79 39 ad
1113 300 144 39 scientiam

738 333 71 52 &
766 333 241 52 generationem.
965 333 99 52 nam
1022 333 185 52 generatio
1164 333 99 52 per
1206 333 57 52 se

733 372 92 46 est
785 372 92 46 rei
838 372 209 46 particularis
1008 372 65 46 &
1034 372 78 46 in
1073 372 170 46 diuiduae,
1191 372 65 46 sed

741 414 78 36 de
780 414 117 36 rebus
858 414 196 36 communibus,
1015 414 104 36 quae
1080 414 157 36 videntur
1185 414 78 36 gene

733 453 100 47 rari
795 453 87 47 per
845 453 162 47 accidens,
970 453 112 47 quasi
1045 453 112 47 dicas
1120 453 75 47 ex
1157 453 75 47 eo
1182 453 75 47 quod

729 484 116 52 sunt
801 484 217 52 indiuiduum,
974 484 87 52 vt
1018 484 116 52 quod
1090 484 130 52 causa
1162 484 87 52 gene

732 525 162 46 rationis
853 525 121 46 earum
934 525 94 46 sit
988 525 108 46 ipsa
1055 525 148 46 natura.
1163 525 67 46 &
1176 525 81 46 cau-

731 563 100 39 sa,
788 563 86 39 ob
831 563 114 39 quam
902 563 186 39 inuenitur
1045 563 143 39 natura
1131 563 129 39 faciens

739 603 158 39 huiusmodi
860 603 194 39 operationem,
1018 603 85 39 est
1067 603 97 39 ipse
1128 603 109 39 motus
1188 603 61 39 cor

731 637 133 51 porum
820 637 221 51 coelestium.
997 637 74 51 &
1027 637 148 51 causa,
1130 637 89 51 ob
1159 637 89 51 quam

736 685 132 38 motus
824 685 176 38 corporum
956 685 205 38 coelestium
1103 685 147 38 praestat

732 715 103 39 huic
797 715 142 39 naturae
900 715 116 39 talem
977 715 168 39 virtutem,
1106 715 103 39 sunt
1158 715 90 39 ipsae

727 752 131 42 formae
819 752 170 42 separatae
950 752 249 42 intelligibiles.
1146 752 105 42 Arist.

731 798 121 36 autem
811 798 147 36 opponit
918 798 161 36 Platoni,
1039 798 107 36 quia
1106 798 134 36 posuit
1186 798 67 36 id,

736 835 113 45 quod
806 835 99 45 est
863 835 197 45 principium
1018 835 70 45 &
1046 835 127 45 agens
1130 835 99 45 rei
1173 835 85 45 gene

729 869 121 50 ratae
809 869 94 50 per
863 869 175 50 accidens,
998 869 188 50 principium
1145 869 67 50 &
1159 869 94 50 agens

736 904 88 51 reim
791 904 144 51 generatae
902 904 77 51 per
946 904 77 51 se.
990 904 99 51 quasi
1056 904 99 51 dicat
1122 904 88 51 quod
1178 904 77 51 sic
1211 904 44 51 de

733 944 109 50 bemus
806 944 182 50 intelligere
951 944 194 50 differentiam
1109 944 109 50 inter
1170 944 85 50 istas

735 981 94 48 duas
794 981 106 48 vias:
865 981 83 48 non
912 981 94 48 quod
971 981 118 48 Arist.
1054 981 106 48 neget
1125 981 94 48 hic,
1172 981 71 48 quod

725 1021 155 38 formae
833 1021 201 38 separatae
988 1021 124 38 sint
1065 1021 155 38 aliquo
1158 1021 93 38 modo

732 1056 177 48 principia
868 1056 163 48 agentis,
991 1056 95 48 sed
1045 1056 122 48 iuxta
1127 1056 122 48 illum
1195 1056 54 48 mo

730 1101 108 42 dum,
798 1101 108 42 quem
866 1101 162 42 diximus.
987 1101 68 42 &
1014 1101 95 42 sic
1068 1101 95 42 non
1122 1101 95 42 est
1163 1101 81 42 opus

733 1133 213 45 intromittere
906 1133 80 45 in
946 1133 120 45 rebus
1026 1133 200 45 naturalibus
1172 1133 80 45 for-

727 1180 101 43 mas
784 1180 188 43 separatas
929 1180 87 43 ad
972 1180 159 43 aliquam
1074 1180 173 43 generatio-

731 1213 100 38 nem
788 1213 157 38 praeter
902 1213 213 38 intellectum
1072 1213 171 38 humanum.
1200 1213 71 38 &

733 1246 97 40 haec
794 1246 85 40 est
842 1246 134 40 veritas
939 1246 109 40 iuxta
1012 1246 97 40 viam
1073 1246 121 40 Arist.
1158 1246 61 40 &
1170 1246 73 40 ideo

731 1286 132 47 incoepit
830 1286 143 47 declarare
940 1286 88 47 quod
995 1286 110 47 formae
1073 1286 165 47 vniversales
1194 1286 55 47 non

731 1325 115 50 sunt
803 1325 231 50 generabiles,
990 1325 130 50 neque
1062 1325 173 50 corruptibi

727 1361 109 41 les,
796 1361 109 41 nisi
864 1361 96 41 per
919 1361 178 41 accidens.
1056 1361 96 41 Nos
1110 1361 123 41 autem
1179 1361 68 41 iam

732 1400 235 50 declarauimus
923 1400 103 50 hoc
982 1400 88 50 in
1026 1400 220 50 expositione
1187 1400 59 50 no

729 1436 103 38 stra
793 1436 116 38 super
871 1436 129 38 libris
961 1436 103 38 eius
1025 1436 116 38 huius
1090 1436 154 38 scientiae.

739 1484 133 46 DyOst
828 1484 104 46 hoc
887 1484 119 46 ergo
961 1484 178 46 convenit
1095 1484 104 46 nos
1139 1484 89 46 inue

788 1511 119 50 stigare
874 1511 65 50 de
907 1511 97 50 ipsis
971 1511 194 50 vniversalibus,
1133 1511 97 50 vtrum
1187 1511 54 50 hoc

738 1541 89 53 uit
789 1541 165 53 possibile
916 1541 76 53 in
954 1541 89 53 eis
1004 1541 89 53 aut
1055 1541 101 53 non,
1105 1541 127 53 videlice

729 1590 113 37 vtrum
805 1590 138 37 possint
905 1590 88 37 per
955 1590 75 37 se
992 1590 113 37 stare
1067 1590 113 37 extra
1130 1590 100 37 animam

731 1626 83 52 ita
778 1626 94 52 quod
837 1626 118 52 verius
920 1626 177 52 appellentur
1061 1626 118 52 nomine
1132 1626 106 52 substan

730 1662 108 44 tiae,
802 1662 84 44 qua
850 1662 84 44 sua
899 1662 145 44 subiecta
1007 1662 181 44 sensibilia.
1152 1662 72 44 Et
1176 1662 60 44 di-

731 1701 100 51 camus
798 1701 100 51 quod,
864 1701 67 51 si
898 1701 134 51 ponantur
998 1701 89 51 haec
1054 1701 167 51 vniversalia
1176 1701 67 51 esse

723 1748 137 42 extra
814 1748 152 42 animam
921 1748 91 42 eo
967 1748 137 42 modo,
1058 1748 107 42 quo
1119 1748 122 42 sunt
1180 1748 61 42 in

724 1781 149 37 anima,
828 1781 164 37 poterit
947 1781 104 37 hoc
1007 1781 223 37 consyderari
1171 1781 74 37 vno
