1475 2066
192 172 146 38 Quando
295 172 117 38 ergo
368 172 190 38 accipitur
514 172 88 38 in
543 172 175 38 definitio-

204 205 71 37 ne
240 205 118 37 falsi,
323 205 95 37 quod
382 205 83 37 est
429 205 83 37 id,
476 205 107 37 cuius
547 205 95 37 esse
607 205 107 37 extra
666 205 47 37 in

210 244 165 38 tellectum
337 244 89 38 est
388 244 127 38 aliud,
476 244 101 38 quam
540 244 101 38 quod
603 244 76 38 in
628 244 89 38 intel

199 282 149 40 lectu,
303 282 104 40 non
363 282 238 40 comprehendit
556 282 119 40 hoc.
631 282 74 40 &
646 282 74 40 sic

208 316 154 51 definitio
327 316 95 51 veri
386 316 83 51 non
434 316 143 51 prohibet
541 316 178 51 vniversalia
671 316 48 51 ha

208 357 94 40 bere
267 357 106 40 illud
338 357 106 40 esse:
408 357 94 40 quia
467 357 106 40 illae
538 357 165 40 dictiones,
655 357 59 40 qui

201 395 188 49 accipiuntur
352 395 75 49 in
390 395 113 49 illis
465 395 239 49 definitionibus,
654 395 75 49 sunt

205 430 88 44 de
249 430 191 44 nominibus
396 430 221 44 aequiuocis,
558 430 162 44 videlicet

204 469 94 50 cum
257 469 147 50 dicimus
364 469 80 50 in
404 469 201 50 definitione
565 469 134 50 falsi,
645 469 80 50 quod

209 509 95 45 est
264 509 122 45 extra
345 509 216 45 intellectum,
520 509 108 45 alio
588 509 122 45 modo,
655 509 68 45 quo

208 548 71 47 in
244 548 179 47 intellectu,
387 548 60 47 &
410 548 71 47 in
446 548 179 47 definitione
589 548 107 47 veri,
649 548 71 47 quod

204 588 108 38 habet
276 588 96 38 esse
336 588 72 38 in
372 588 180 38 intellectu,
517 588 72 38 eo
553 588 84 38 mo,
601 588 84 38 quo
637 588 84 38 extra

242 628 105 38 Sed
302 628 90 38 de
347 628 210 38 vniuersali
511 628 135 38 iuxta
601 628 120 38 hunc
661 628 60 38 mo

208 660 102 54 dum
267 660 160 54 poterit
383 660 160 54 aliquis
499 660 189 54 dubitare,
644 660 73 54 &
659 660 58 54 di

213 704 94 47 cere
272 704 105 47 quod,
342 704 82 47 cum
389 704 82 47 nos
436 704 129 47 ponamus
530 704 94 47 ista
577 704 152 47 vniversalia

208 740 106 50 esse
274 740 66 50 *
300 740 238 50 abstrahibilia,
498 740 106 50 ergo
564 740 79 50 de
591 740 132 50 necessi-

214 772 99 56 tate
275 772 99 56 sunt
337 772 185 56 accidentia.
485 772 74 56 &,
522 772 74 56 si
559 772 99 56 sunt
609 772 123 56 accidemn

203 815 120 43 tia,
278 815 105 43 quo
338 815 120 43 modo
412 815 120 43 ergo
487 815 179 43 poterunt
606 815 120 43 notifi

213 860 117 44 care
287 860 220 44 substantias
462 860 132 44 rerum
536 860 190 44 singularium

208 892 86 52 per
257 892 73 52 se
293 892 159 52 stantium,
416 892 86 52 cum
465 892 86 52 iam
514 892 86 52 sit
563 892 135 52 dictum,
649 892 73 52 quao

212 928 97 43 id,
268 928 97 43 quo
323 928 180 43 notificat
462 928 194 43 quiditates
600 928 125 43 substan

210 969 110 41 tiae,
283 969 86 41 est
320 969 159 41 substantia,

246 1005 97 46 Sed
302 1005 97 46 hoc
357 1005 139 46 dubium
455 1005 139 46 facile
552 1005 181 46 soluitur.
677 1005 56 46 vi

215 1045 149 52 delicet,
326 1045 112 52 quia,
401 1045 124 52 quando
487 1045 186 52 intellectus
624 1045 99 52 abstra

210 1080 93 43 hit
263 1080 120 43 illas
343 1080 133 43 formas
436 1080 66 43 a
462 1080 160 43 materia,
582 1080 66 43 &
595 1080 120 43 intelli

218 1124 86 48 git
267 1124 161 48 essentias
391 1124 111 48 earum
465 1124 148 48 secundum
576 1124 99 48 suam
625 1124 99 48 verita

216 1164 103 44 tem,
280 1164 103 44 siue
344 1164 103 44 sint
408 1164 128 44 formae
498 1164 231 44 substantiales,
678 1164 51 44 si

214 1198 73 37 ue
250 1198 206 37 accidentales,
420 1198 97 37 tunc
481 1198 133 37 accidit
578 1198 85 37 eis
626 1198 73 37 in
662 1198 85 37 in¬

213 1238 127 50 tellectu
309 1238 85 50 ipsa
361 1238 190 50 vniuersalitas:
520 1238 74 50 non
562 1238 85 50 quod
604 1238 127 50 vniversale

211 1276 92 38 sit
263 1276 158 38 essentia
382 1276 132 38 formae
474 1276 145 38 illarum
566 1276 158 38 substantia

212 1317 116 37 rum,
284 1317 73 37 &
313 1317 116 37 ideo
386 1317 218 37 vniuersalia
560 1317 116 37 sint
632 1317 87 37 de
661 1317 58 37 se

214 1358 141 45 cundis
312 1358 253 45 intentionibus.
523 1358 98 45 sed
579 1358 141 45 quibus
664 1358 56 45 ac

209 1396 148 41 cidunt
313 1396 236 41 vniuersalia,
505 1396 118 41 sunt
578 1396 89 41 de
608 1396 118 41 primis

218 1429 70 37 &
246 1429 97 37 iam
302 1429 111 37 fuit
371 1429 181 37 latissime
510 1429 181 37 tractatum
650 1429 84 37 in
677 1429 56 37 ar

207 1469 78 50 te
246 1469 155 50 Logicali
362 1469 78 50 de
401 1469 207 50 differentia,
569 1469 103 50 quae
634 1469 90 50 est
672 1469 52 50 in

214 1509 103 39 ter
273 1509 148 39 primas
377 1509 74 39 &
406 1509 177 39 secundas
524 1509 207 39 intentiones,

217 1544 74 42 &
247 1544 103 42 hoc
306 1544 89 42 de
350 1544 89 42 se
394 1544 133 42 patet
483 1544 118 42 apud
542 1544 192 42 exercitatum

214 1582 76 44 in
252 1582 76 44 ea
290 1582 114 44 arte,

235 1623 195 48 Tpostquam
385 1623 120 48 fuit
460 1623 180 48 ostensum
596 1623 120 48 quod
656 1623 75 48 vni

236 1656 187 46 Cuersalia
380 1656 101 46 non
437 1656 115 46 sunt
509 1656 216 46 substantiae
667 1656 58 46 re

219 1700 103 39 rum
278 1700 235 39 sensibilium,
469 1700 235 39 contemplemur
645 1700 88 39 modo

225 1736 143 47 quidnam
329 1736 91 47 sit
381 1736 117 47 earum
459 1736 195 47 substantia.
614 1736 78 47 Et
640 1736 78 47 dica

216 1773 88 45 mus
266 1773 175 45 manifestum
403 1773 100 45 esse
466 1773 100 45 quod
528 1773 88 45 res
566 1773 163 45 sensibiles,

215 1813 84 45 i.
257 1813 182 45 indiuidua
397 1813 126 45 supae
481 1813 112 45 sunt
551 1813 182 45 composita
677 1813 56 45 ex

739 157 168 60 pluribus
865 157 98 60 qua
921 157 98 60 vna
977 157 98 60 re,
1032 157 98 60 cum
1088 157 168 60 faciamus
1200 157 56 60 de

738 202 111 53 ipsis
812 202 234 53 interrogationem
1009 202 135 53 propter
1107 202 111 53 quid.
1181 202 99 53 quod

738 237 122 45 quidem
823 237 98 45 quae
885 237 110 45 situm
958 237 86 45 non
1007 237 86 45 sit
1056 237 73 45 de
1081 237 171 45 fimplicibus,

742 275 82 56 nam
789 275 82 56 non
836 275 128 56 dicitur
929 275 128 56 propter
1023 275 93 56 quid
1081 275 93 56 homo
1139 275 82 56 est
1174 275 82 56 homo,

738 318 87 37 cum
787 318 99 37 idem
849 318 87 37 sit
899 318 161 37 subiectum
1023 318 62 37 &
1047 318 198 37 praedicatum,
1196 318 62 37 sed

739 351 104 55 bene
804 351 156 55 conuenit
921 351 104 55 quid
986 351 143 55 propter
1089 351 104 55 quid
1154 351 78 55 de
1180 351 78 55 com-

739 395 147 49 positis.
849 395 73 49 vt
885 395 73 49 si
922 395 147 49 dicamus,
1032 395 134 49 propter
1130 395 98 49 quid
1179 395 73 49 homo

739 429 90 45 est
791 429 155 45 medicus,
907 429 65 45 &
933 429 142 45 dicatur
1036 429 103 45 quia
1101 429 90 45 est
1140 429 116 45 intelli

744 468 113 55 gens,
819 468 63 55 &
844 468 88 55 sit
894 468 163 55 responsio
1019 468 88 55 per
1069 468 125 55 formam
1156 468 100 55 rei.
1219 468 63 55 &

742 509 153 41 quandoque
860 509 83 41 per
907 509 141 41 materiam
1013 509 106 41 eius,
1084 509 71 41 vt
1119 509 71 41 si
1143 509 106 41 dicamus

743 547 138 46 propter
844 547 100 46 quid
906 547 88 46 hoc
956 547 88 46 est
1007 547 188 46 sensitiuum,
1157 547 63 46 &
1169 547 88 46 dici-

735 589 116 45 tur,
808 589 116 45 quia
881 589 102 45 est
939 589 203 45 compositum
1098 589 87 45 ex
1142 589 131 45 carne
1214 589 44 45 &

741 623 119 43 osse.
820 623 66 43 &
846 623 132 43 tandem
939 623 79 43 ad
979 623 145 43 quidnem
1084 623 145 43 propter
1177 623 79 43 quid

745 667 129 47 potest
835 667 116 47 fieri
912 667 167 47 responsio
1041 667 90 47 per
1093 667 103 47 vnam
1144 667 116 47 quanque

744 701 162 50 quatuor
862 701 191 50 causarum.
1009 701 191 50 Manifeste
1141 701 118 50 igitur

746 737 119 47 patet
825 737 106 47 quod
892 737 172 47 indiuidua
1024 737 199 47 substantiae
1170 737 93 47 sunt,

746 773 188 45 composita,
893 773 67 45 &
920 773 121 45 quod,
1000 773 80 45 si
1041 773 107 45 sunt
1108 773 107 45 vnum
1161 773 94 45 actu,

749 815 112 49 inest
823 815 112 49 tamen
897 815 87 49 eis
947 815 136 49 quaedam
1046 815 174 49 pluralitas
1183 815 74 49 in
1207 815 50 49 po

739 853 149 50 tentia,
848 853 95 50 nam
902 853 95 50 non
957 853 109 50 sunt
1024 853 95 50 vna
1079 853 95 50 per
1119 853 136 50 colligam

745 890 125 40 tiam,
828 890 69 40 &
856 890 194 40 contactum,
1009 890 208 40 quemadmodum
1161 890 97 40 acci-

746 927 94 44 dit
799 927 81 44 in
840 927 161 44 pluribus
961 927 121 44 rebus
1028 927 215 44 artificialibus

739 970 116 40 quia
812 970 218 40 impossibile
987 970 102 40 est
1045 970 116 40 quod
1103 970 146 40 inueniam

744 1012 103 38 tur
803 1012 176 38 elementa
935 1012 176 38 alicuius
1068 1012 103 38 rei
1127 1012 88 38 in
1156 1012 103 38 eadem

745 1046 82 48 re
786 1046 82 48 in
827 1046 123 48 actu.
909 1046 137 48 aliter
1005 1046 109 48 enim
1074 1046 164 48 ipsummet
1183 1046 82 48 con-

742 1090 158 42 positum
856 1090 86 42 ex
899 1090 186 42 elementis
1043 1090 129 42 esset
1115 1090 143 42 essentia

743 1121 227 48 elementorum.
927 1121 99 48 vt,
984 1121 156 48 exempli
1097 1121 142 48 gratia
1196 1121 85 48 or

745 1165 120 37 mel,
820 1165 120 37 quod
895 1165 150 37 quidem
1000 1165 165 37 constat
1121 1165 90 37 ex
1151 1165 105 37 aceto

746 1198 69 43 &
774 1198 139 43 melle:
871 1198 83 43 &,
912 1198 83 43 si
954 1198 139 43 essent
1051 1198 83 43 in
1093 1198 83 43 eo
1134 1198 83 43 in
1162 1198 97 43 actu,

748 1236 104 54 tunc
813 1236 117 54 nihil
890 1236 117 54 aliud
968 1236 104 54 esse
1033 1236 142 54 oxymel,
1136 1236 91 54 qua
1175 1236 78 54 ace-

743 1277 101 45 tum
800 1277 72 45 &
829 1277 115 45 mel.
901 1277 72 45 &
929 1277 187 45 similiter
1073 1277 101 45 non
1116 1277 158 45 reperitur

742 1317 150 49 ipsamet
851 1317 123 49 aqua,
933 1317 68 49 &
960 1317 109 49 aer,
1028 1317 68 49 &
1056 1317 136 49 ignis,
1151 1317 68 49 &
1165 1317 95 49 terra

744 1353 86 42 in
787 1353 129 42 carne
872 1353 71 42 &
901 1353 129 42 osse.
987 1353 143 42 aliter
1087 1353 86 42 er
1129 1353 143 42 imcaro
1215 1353 43 42 &

750 1397 75 47 os
787 1397 113 47 esset
862 1397 113 47 aqua,
937 1397 63 47 &
962 1397 125 47 ignis,
1050 1397 63 47 &
1075 1397 100 47 aer,
1137 1397 63 47 &
1150 1397 113 47 terra

745 1429 115 44 Hinc
816 1429 143 44 potest
917 1429 143 44 haberi
1017 1429 115 44 quod
1089 1429 86 44 in
1118 1429 143 44 generato

746 1469 97 42 est
802 1469 152 42 aliquid
912 1469 125 42 aliud
996 1469 152 42 praeter
1093 1469 166 42 elementum,

745 1502 88 54 quo
796 1502 88 54 est
846 1502 88 54 id,
896 1502 100 54 quod
959 1502 100 54 est.
1022 1502 126 54 aliter
1109 1502 100 54 enim
1172 1502 113 54 esset

743 1545 153 42 ipsamet
854 1545 111 42 res,
924 1545 83 42 ex
965 1545 97 42 qua
1021 1545 194 42 compositum
1160 1545 97 42 fuit.

753 1588 104 45 vel
813 1588 164 45 dicemus
932 1588 89 45 in
976 1588 119 45 igne
1051 1588 74 45 &
1080 1588 119 45 aere
1155 1588 74 45 &
1170 1588 89 45 aqua

750 1621 119 49 atque
829 1621 119 49 terra
908 1621 106 49 esse
974 1621 132 49 carnem
1067 1621 66 49 &
1093 1621 79 49 os
1133 1621 79 49 in
1159 1621 93 49 actu,

744 1660 69 39 &
772 1660 138 39 tandem
868 1660 96 39 res
923 1660 193 39 infinitas,
1075 1660 69 39 &
1102 1660 96 39 sic
1144 1660 110 39 reuer-

741 1696 136 40 tetur
831 1696 91 40 ad
877 1696 181 40 sermonem
1013 1696 91 40 de
1043 1696 196 40 immixtione,

746 1736 132 42 Neque
834 1736 132 42 adhuc
922 1736 146 42 euadet
1025 1736 117 42 res,
1098 1736 103 42 qua
1142 1736 117 42 distin

748 1772 145 54 guitur
850 1772 203 54 compositum
1010 1772 87 54 ab
1054 1772 131 54 ipsis
1126 1772 131 54 elemen-

742 1820 98 46 tis
798 1820 112 46 (cum
868 1820 98 46 sit
924 1820 112 46 quid
994 1820 112 46 sibi
1065 1820 168 46 additum)
1177 1820 84 46 quin
