1475 2066
189 140 165 54 dicimus
309 140 90 54 in
354 140 105 54 qua
414 140 195 54 circundat
563 140 105 54 vna
608 140 105 54 linea

200 184 96 50 est
255 184 138 50 veluti
352 184 138 50 genus,
448 184 69 50 &
476 184 165 50 reliquum
600 184 124 50 dicti
669 184 55 50 ve

203 223 104 51 luti
268 223 208 51 differentia.
437 223 78 51 Et
475 223 169 51 proportio
592 223 130 51 existens

200 261 116 37 inter
277 261 116 37 istas
355 261 155 37 materias
471 261 142 37 fictas,
574 261 64 37 &
587 261 129 37 materias

196 301 163 48 sensibiles
325 301 82 48 est
371 301 93 48 quod
430 301 105 48 istae
499 301 117 48 fictae
569 301 152 48 reperiuntur

198 338 91 41 in
243 338 167 41 circulo
365 338 91 41 in
411 338 198 41 potentia,
548 338 167 41 quemadmo-

206 381 93 34 dum
259 381 160 34 materiae
379 381 120 34 rerum
459 381 200 34 sensibilium
620 381 80 34 in
646 381 67 34 rei

205 413 94 37 bus
258 413 227 37 sensibilibus.
445 413 94 37 Hoc
499 413 120 37 autem
566 413 147 37 declarabi

198 461 102 41 mus
257 461 116 41 post
329 461 116 41 hoc,
402 461 145 41 quando
503 461 203 41 ostendemus
648 461 73 41 quo

202 493 125 45 pacto
285 493 138 45 insunt
382 493 138 45 partes
479 493 221 45 definitionis
645 493 69 45 ip-

207 533 70 39 si
242 533 152 39 definito,
359 533 58 39 &
382 533 140 39 qualiter
488 533 152 39 definitum
604 533 82 39 sit
639 533 82 39 vnum,

204 567 70 53 &
232 567 181 53 definitio
371 567 139 53 habeat
469 567 139 53 plures
553 567 125 53 partes,

242 606 123 53 VvVm
319 606 123 53 ergo
396 606 108 53 hoc
458 606 139 53 totum
550 606 108 53 ita
612 606 92 53 se
642 606 62 53 ha

248 645 135 45 Abeat,
343 645 81 45 vt
384 645 203 45 narrauimus,
546 645 68 45 &
573 645 135 45 fuerit
654 645 54 45 de

200 681 148 42 claratum
310 681 98 42 quod
372 681 184 42 substantiae
519 681 172 42 sensibiles
642 681 74 42 sunt

204 727 95 45 tres
264 727 143 45 scilicet
371 727 143 45 materia,
478 727 60 45 &
502 727 119 45 forma,
585 727 60 45 &
597 727 107 45 aggrega

209 760 95 51 tum
263 760 81 51 ex
303 760 95 51 his
357 760 149 51 duobus,
465 760 108 51 tunc
533 760 149 51 poterit
627 760 81 51 ali-

205 796 107 38 quis
272 796 174 38 quaerere,
405 796 80 38 si
445 796 201 38 substantiae
593 796 120 38 sensibi

208 837 94 38 les
261 837 162 38 constant
383 837 81 38 ex
423 837 148 38 materia
531 837 67 38 &
558 837 135 38 forma,
639 837 81 38 quod

203 872 104 42 nam
263 872 164 42 ipsorum
382 872 239 42 significatur
576 872 104 42 per
621 872 104 42 nomen

208 909 99 45 eius,
274 909 110 45 vtrum.
351 909 132 45 scilicet
450 909 132 45 materia,
550 909 77 45 vel
594 909 110 45 forma,
660 909 55 45 ve-

203 957 212 45 aggregatum
369 957 91 45 ex
415 957 181 45 ambobus.
551 957 166 45 Videtur
657 957 60 45 au

206 989 105 48 tem
266 989 135 48 nomen
356 989 180 48 famosius
490 989 225 48 significare
655 989 60 48 ag

197 1025 178 53 gregatum
331 1025 89 53 ex
375 1025 104 53 his
434 1025 163 53 duobus:
553 1025 133 53 licet
627 1025 89 53 dica

205 1064 81 51 tur
251 1064 150 51 quandoque
366 1064 69 51 de
400 1064 115 51 forma,
481 1064 58 51 &
504 1064 150 51 quandoque
619 1064 69 51 de
642 1064 81 51 aggre

208 1102 113 54 gato
278 1102 85 54 ex
321 1102 127 54 illis
405 1102 155 54 duobus.
518 1102 127 54 Tamen
589 1102 127 54 dicitur

198 1141 99 46 noc
254 1141 169 46 secundum
381 1141 127 46 prius
466 1141 71 46 &
494 1141 198 46 posterius,
635 1141 85 46 quia

205 1180 212 41 compositum
371 1180 136 41 habet
462 1180 121 41 esse
538 1180 91 41 ex
583 1180 106 41 eo,
628 1180 91 41 quod

205 1216 102 43 est
264 1216 204 43 compositum
424 1216 87 43 ex
468 1216 146 43 forma,
569 1216 73 43 &
599 1216 102 43 est
642 1216 73 43 id.

206 1260 96 38 cui
261 1260 138 38 verius
358 1260 193 38 applicatur
509 1260 138 38 nomen,
605 1260 83 38 Et
633 1260 83 38 ideo

202 1293 83 37 si
244 1293 110 37 fiat
312 1293 193 37 comparatio
464 1293 124 37 inter
546 1293 96 37 has
601 1293 110 37 duas
656 1293 55 37 si

206 1330 259 51 gnificationes,
422 1330 115 51 tunc
494 1330 230 51 significatio
666 1330 58 51 de

206 1372 191 47 composito
353 1372 117 47 erit
426 1372 132 47 prior
515 1372 176 47 tempore,
647 1372 73 47 &
661 1372 59 47 po

204 1406 131 51 sterior
299 1406 143 51 secundum
406 1406 107 51 esse:
478 1406 60 51 &
502 1406 95 51 eius
549 1406 167 51 significatio

203 1444 91 46 de
248 1444 136 46 forma
339 1444 106 46 est
399 1444 196 46 posterior
550 1444 181 46 tempore,
671 1444 45 46 &

206 1485 104 42 prior
276 1485 139 42 secundum
380 1485 104 42 esse:
450 1485 93 42 quia
508 1485 81 42 non
554 1485 81 42 est
600 1485 104 42 moris
658 1485 58 42 ple

204 1521 100 54 bis
261 1521 214 54 distinguere
432 1521 128 54 inter
517 1521 185 54 indiuidua
646 1521 71 54 sub

202 1557 137 37 stantiae
305 1557 80 37 tan
350 1557 183 37 differentia.
499 1557 103 37 Neque
568 1557 126 37 debemus
648 1557 69 37 tra-

201 1595 106 52 dere
267 1595 172 52 obliuioni
400 1595 93 52 id,
453 1595 106 52 quod
519 1595 186 52 saepissime
652 1595 66 52 di-

204 1636 105 38 ximus
275 1636 141 38 scilicet
380 1636 94 38 quod
439 1636 105 38 istae
509 1636 82 38 res
556 1636 117 38 habent
626 1636 94 38 duplex

211 1677 84 48 esse
263 1677 126 48 scilicet
357 1677 146 48 sensibile,
472 1677 52 48 &
493 1677 188 48 intelligibile:
650 1677 52 48 &
660 1677 63 48 quod

204 1708 103 47 esse
268 1708 218 47 intelligibile
448 1708 90 47 est
500 1708 180 47 sensibile,
641 1708 77 47 ex
667 1708 51 47 eo

211 1749 100 51 quod
274 1749 163 51 notificat
400 1749 125 51 ipsum,
487 1749 63 51 &
512 1749 113 51 facit
575 1749 138 51 intellige

201 1788 65 54 re
234 1788 152 54 quiditatem
354 1788 98 54 eius.
419 1788 87 54 hinc
473 1788 109 54 igitur
550 1788 87 54 quod
593 1788 120 54 intelligi

740 141 94 55 bile
799 141 118 55 ipsius
881 141 82 55 rei
928 141 82 55 est
975 141 94 55 ipsa
1034 141 94 55 res.
1093 141 82 55 Sed
1140 141 94 55 quod
1187 141 82 55 esse:

742 182 192 52 intelligibile
900 182 79 52 sit
945 182 158 52 sensibile,
1069 182 79 52 ita
1114 182 90 52 quod
1159 182 90 52 sensi-

743 220 98 46 bile
804 220 86 46 sit
853 220 172 46 compositum
989 220 74 46 ex
1025 220 221 46 intelligibili,
1198 220 61 46 aut

736 261 161 51 generatum
859 261 74 51 ab
896 261 74 51 eo
933 261 86 51 per
983 261 86 51 se,
1032 261 74 51 vt
1069 261 124 51 putant
1143 261 99 51 ponem,

740 296 90 43 tes
792 296 129 43 ideas,
882 296 90 43 vel
934 296 103 43 quod
998 296 90 43 sit
1050 296 155 43 ipsummet
1166 296 77 43 ex
1192 296 64 43 om-

736 335 81 43 ni
777 335 135 43 parte,
872 335 81 43 et
912 335 149 43 falsum,
1021 335 122 43 quia,
1102 335 95 43 cum
1156 335 95 43 nos
1197 335 54 43 po

737 378 120 48 nimus
817 378 227 48 intelligibile
1004 378 93 48 rei
1057 378 107 48 esse
1124 378 120 48 ipsam
1190 378 67 48 rem

737 414 159 47 omnibus
852 414 145 47 modis,
953 414 116 47 tunc
1026 414 130 47 forma
1098 414 159 47 compositi

739 452 78 50 in
778 452 182 50 intellectu
921 452 91 50 est
973 452 117 50 ipsum
1051 452 91 50 met
1090 452 156 50 compositum

734 489 71 39 ita
774 489 81 39 quod
825 489 81 39 homo
876 489 81 39 erit
927 489 101 39 anima.
998 489 132 39 Similiter
1099 489 101 39 estam,
1170 489 61 39 si
1190 489 61 39 pona

736 526 100 44 mus
793 526 213 44 substantiam
963 526 199 44 sensibilem
1120 526 114 44 esse
1177 526 71 44 con

736 565 154 53 positam
848 565 84 53 ex
890 565 196 53 substantia
1029 565 224 53 intelligibili,

739 604 169 39 sequeretur
871 604 96 39 quod
932 604 84 39 res
980 604 169 39 sensibiles
1112 604 84 39 non
1161 604 120 39 essent

740 642 217 53 generabiles,
917 642 122 53 neque
998 642 244 53 corruptibiles.
1188 642 68 53 nam

738 680 92 50 iam
791 680 106 50 fuit
857 680 185 50 declaratum
1002 680 92 50 hoc
1055 680 79 50 in
1081 680 172 50 supradictis

737 720 88 42 de
781 720 133 42 forma
870 720 192 42 absoluta,
1017 720 74 42 &
1047 720 88 42 de
1091 720 162 42 materia
1194 720 59 42 ab

730 756 140 46 soluta,
832 756 77 46 i.
871 756 102 46 quod
934 756 102 46 sunt
998 756 217 46 ingenerabiles
1177 756 64 46 &
1189 756 64 46 in-

735 797 239 50 corruptibiles.
934 797 66 50 &
961 797 106 50 ideo
1027 797 186 50 sequiturur
1173 797 80 50 de
1200 797 53 50 ne

739 844 173 31 cessitate
871 844 106 31 quod
938 844 159 31 elementa
1044 844 199 31 substantiarum

738 876 250 39 transmutabilium
948 876 105 39 sint
1014 876 184 39 necessario
1146 876 105 39 trans.

736 911 176 49 mutabilia
872 911 95 49 per
926 911 176 49 accidens,
1061 911 68 49 &
1089 911 95 49 non
1143 911 95 49 per
1183 911 68 49 se.

744 948 101 53 Nam
801 948 144 53 formae
902 948 202 53 naturales,
1061 948 116 53 v.g.
1133 948 116 53 sunt
1191 948 58 53 ve

742 983 172 51 nerabiles
874 983 66 51 &
901 983 225 51 corruptibiles
1086 983 93 51 non
1139 983 93 51 per
1179 983 66 51 se,

736 1025 88 52 sed
787 1025 75 52 ex
824 1025 75 52 eo
862 1025 100 52 quod
925 1025 100 52 sunt
987 1025 100 52 pars
1050 1025 188 52 generabilis
1188 1025 63 52 con

736 1069 170 37 ruptibilis
869 1069 85 37 per
918 1069 85 37 se,
966 1069 73 37 i.
1003 1069 121 37 ipsius
1087 1069 170 37 indiuidui,
1209 1069 48 37 vt

739 1100 125 50 prius
822 1100 111 50 fuit
891 1100 180 50 ostensum.
1030 1100 125 50 Vtrum
1113 1100 125 50 autem
1182 1100 69 50 de-

735 1148 88 30 tur
786 1148 126 30 formae
874 1148 164 30 naturales
1000 1148 176 30 separatae.
1139 1148 88 30 iam
1189 1148 88 30 in

738 1178 149 39 scientia
850 1178 149 39 Naturali
962 1178 100 39 fuit
1024 1178 187 39 declaratum.
1173 1178 75 39 De
1198 1178 50 39 eo

743 1216 121 51 vero,
823 1216 107 51 quod
890 1216 80 51 de
930 1216 201 51 definitione
1091 1216 107 51 fuit
1145 1216 107 51 dictum

740 1256 130 42 scilicet
838 1256 87 42 quod
892 1256 76 42 est
936 1256 152 42 enunciatio
1055 1256 109 42 habens
1131 1256 120 42 partes,
1208 1256 43 42 di

740 1293 121 47 cendum
825 1293 97 47 quod
885 1293 194 47 definitiones
1042 1293 97 47 sunt
1103 1293 121 47 ipsius
1175 1293 73 47 con-

737 1333 148 45 positi:
844 1333 67 45 &
871 1333 108 45 quod
938 1333 121 45 forma
1019 1333 67 45 &
1046 1333 148 45 materia
1154 1333 67 45 &
1167 1333 81 45 tan-

738 1368 95 42 dem
793 1368 123 42 omnia
874 1368 177 42 simplicia
1011 1368 95 42 non
1065 1368 136 42 habent
1147 1368 95 42 defi-

739 1405 152 48 nitiones
853 1405 101 48 nisi
917 1405 89 48 per
967 1405 114 48 modum
1043 1405 228 48 similitudinis:

735 1445 68 50 &
763 1445 108 50 quod
830 1445 95 50 qui
884 1445 162 50 dixerunt
1006 1445 216 50 definitiones
1168 1445 81 50 for-

743 1485 111 37 marum
817 1485 185 37 separatarum
964 1485 98 37 esse
1026 1485 123 37 easdem
1099 1485 148 37 definitio-

740 1525 84 37 nes,
792 1525 73 37 qua
834 1525 63 37 in
865 1525 126 37 materia,
959 1525 157 37 errauerunt.
1085 1525 136 37 Similiter
1179 1525 73 37 etiam

738 1565 95 37 qui
793 1565 136 37 dicunt
888 1565 204 37 substantias
1051 1565 123 37 rerum
1133 1565 109 37 esse
1188 1565 54 37 nu

739 1597 111 48 meros.
817 1597 78 48 nam
861 1597 134 48 secundum
962 1597 100 48 istos
1028 1597 156 48 sequeretur
1151 1597 89 48 quod
1195 1597 45 48 nu

734 1633 119 43 meri
808 1633 104 43 non
868 1633 149 43 essent
972 1633 193 43 compositi
1120 1633 89 43 ex
1150 1633 104 43 vnita

741 1672 138 41 tibus,
838 1672 97 41 cum
893 1672 97 41 res
949 1672 152 41 habeant
1046 1672 208 41 definitiones,

742 1708 71 54 &
770 1708 185 54 definitio
913 1708 143 54 habeat
1013 1708 143 54 partes
1098 1708 114 54 plures

736 1756 93 30 non
789 1756 107 30 sunt
856 1756 107 30 vna,
922 1756 93 30 aut
975 1756 120 30 dices
1055 1756 93 30 res
1095 1756 160 30 sensibiles

740 1788 105 39 esse
806 1788 118 39 puras
885 1788 171 39 vnitates,
1016 1788 66 39 &
1042 1788 92 39 non
1095 1788 145 39 dabitur
1187 1788 66 39 sic
