1475 2066
199 156 114 46 Hinc
270 156 156 46 apparet
383 156 185 46 manifeste
525 156 128 46 quod,
610 156 99 46 cum
653 156 71 46 in-

210 197 185 51 uestigare
352 197 200 51 intendimus
509 197 214 51 vnanquamque
666 197 57 51 re

209 237 91 46 rum
261 237 196 46 naturalium,
418 237 144 46 oportet
522 237 91 46 nos
561 237 157 46 perquirere

209 272 76 43 de
247 272 114 43 ipsis
323 272 139 43 quatuor
425 272 139 43 causis,
526 272 63 43 &
551 272 101 43 quod
615 272 89 43 non
653 272 63 43 si-

206 322 97 39 mus
262 322 84 39 in
304 322 97 39 hoc
359 322 181 39 diminuti,
498 322 97 39 ita
554 322 111 39 quod
610 322 111 39 conten

212 350 128 37 temur
297 350 142 37 causis
396 350 170 37 remotis,
524 350 113 37 immo
594 350 99 37 nos
637 350 85 37 com-

208 395 129 45 uenit
293 395 157 45 reddere
408 395 114 45 caus
479 395 214 45 propinquas.
636 395 86 45 Iste

209 436 121 42 ergo
284 436 106 42 est
345 436 136 42 sermo
436 436 91 42 de
481 436 197 42 principio
617 436 106 42 corpo

207 464 88 42 rum
258 464 188 42 sensibilium
408 464 88 42 per
458 464 100 42 suas
508 464 188 42 differentias,

301 503 81 47 Vo
341 503 121 47 autem
421 503 121 47 pacto
502 503 215 47 definitiones
663 503 54 47 ha

265 511 116 80 beant
342 511 129 80 plutes
433 511 142 80 partes,
536 511 64 80 &
561 511 116 80 tamen
626 511 90 80 defi-

208 578 117 49 nitum
286 578 91 49 sit
338 578 117 49 vnum,
416 578 91 49 hoc
468 578 143 49 apparet
572 578 78 49 ex
611 578 91 49 eo,
650 578 65 49 quo

211 615 215 43 indiuiduum
380 615 108 43 non
441 615 108 43 est
503 615 215 43 compositum
657 615 62 43 ex

209 653 161 51 materia
327 653 73 51 &
356 653 146 51 forma,
458 653 103 51 ita
517 653 117 51 quod
576 653 146 51 vnumquod

219 693 90 49 que
271 693 142 49 ipsorum
374 693 180 49 inueniatur
515 693 77 49 in
554 693 116 49 actu,
618 693 103 49 quemad

209 729 118 42 modum
288 729 92 42 sit
340 729 79 42 in
380 729 118 42 rebus
458 729 184 42 compositis
603 729 118 42 arte:
668 729 53 42 im

205 765 88 56 mo
249 765 118 56 ipsa
323 765 162 56 materia
441 765 191 56 inuenitur
588 765 88 56 in
617 765 103 56 compo

215 810 106 47 sito
281 810 80 47 in
321 810 173 47 potentia,
454 810 66 47 &
480 810 119 47 forma
560 810 80 47 in
600 810 119 47 actu:
679 810 66 47 &

213 845 135 47 dicere
307 845 108 47 quod
374 845 175 47 inuenitur
509 845 81 47 in
550 845 175 47 indiuiduo
671 845 54 47 in

208 892 148 38 potentia,
321 892 80 38 est
367 892 102 38 aliud
435 892 91 38 quam
492 892 125 38 dicere,
583 892 91 38 quod
640 892 80 38 est
674 892 46 38 po

207 922 162 41 tentiale
328 922 81 41 ad
368 922 148 41 aliquid
476 922 121 41 tale.
557 922 108 41 Sed,
625 922 94 41 cum
665 922 54 41 di

215 959 120 48 cimus
295 959 120 48 ipsam
375 959 133 48 inesse
468 959 173 48 indiuiduo
601 959 80 48 in
628 959 93 48 poten

207 1005 102 43 tia,
271 1005 203 43 intelligimus
436 1005 102 43 quod
499 1005 190 43 separabitur
639 1005 76 43 for-

210 1036 85 38 ma
252 1036 85 38 ab
295 1036 85 38 ea
337 1036 99 38 per
394 1036 226 38 corruptionem
578 1036 141 38 illius
662 1036 57 38 in

212 1073 166 41 diuidui:
337 1073 69 41 &
365 1073 97 41 sic
420 1073 194 41 inuenietur
559 1073 152 41 transmuta

213 1110 83 44 ri
255 1110 83 44 in
296 1110 125 44 actu,
380 1110 167 44 postquam
505 1110 111 44 fuit
574 1110 83 44 in
602 1110 111 44 poten-

208 1149 108 52 tia.
275 1149 94 52 Et,
329 1149 108 52 quia
396 1149 135 52 genera
490 1149 215 52 representant
652 1149 67 52 ma-

216 1189 147 47 terias,
323 1189 107 47 ideo
390 1189 107 47 sunt
457 1189 80 47 in
497 1189 161 47 potentia
618 1189 80 47 in
645 1189 80 47 ipso

217 1229 181 46 definito.
356 1229 70 46 &
384 1229 112 46 ideo
454 1229 98 46 non
510 1229 181 46 reperitur
635 1229 84 46 ani-

207 1264 139 42 malitas
309 1264 165 42 abstracta
435 1264 76 42 in
473 1264 114 42 actu,
549 1264 89 42 sed
587 1264 127 42 animali-

200 1301 92 46 tas
252 1301 145 46 aliqua,
358 1301 79 46 ac
397 1301 79 46 si
437 1301 118 46 dicas
516 1301 132 46 habens
595 1301 118 46 differe

204 1348 138 42 tiam.
296 1348 107 42 Et,
357 1348 153 42 quanto
464 1348 138 42 magis
541 1348 184 42 elongantur

214 1376 142 52 genera
313 1376 71 52 a
341 1376 142 52 formis
441 1376 241 52 sensibilibus,
625 1376 99 52 tanto

214 1421 233 37 conuenientius
406 1421 164 37 habebunt
529 1421 110 37 tale
598 1421 123 37 esse,
666 1421 55 37 vt

214 1452 136 50 delicet
313 1452 99 50 esse
375 1452 74 50 in
412 1452 161 50 potentia,
535 1452 74 50 vt
573 1452 99 50 quod
622 1452 99 50 indiui

215 1492 101 38 duum
278 1492 138 38 hominis
379 1492 88 38 sit
429 1492 138 38 corpus.
530 1492 63 38 &
555 1492 101 38 ideo
618 1492 88 38 non
656 1492 63 38 est

217 1528 112 51 opus
287 1528 139 51 ponere
384 1528 84 51 in
426 1528 209 51 definitione
594 1528 112 51 nisi
649 1528 70 51 ge-

211 1568 96 42 nus
266 1568 191 42 propinquum
416 1568 150 42 tantum,
526 1568 109 42 quia
594 1568 123 42 omnia
662 1568 55 42 ge

207 1604 112 47 hera
277 1604 98 47 rei
333 1604 98 47 (si
388 1604 98 47 est
444 1604 84 47 ex
486 1604 195 47 habentibus
625 1604 98 47 plura

213 1645 146 46 genera)
319 1645 199 46 includuntur
479 1645 80 46 in
519 1645 80 46 eo
558 1645 80 46 in
585 1645 133 46 potentia

216 1678 100 52 Sed,
278 1678 75 52 si
315 1678 137 52 ponatur
415 1678 75 52 in
453 1678 187 52 definitione
603 1678 112 52 genus
665 1678 50 52 re

213 1725 170 44 motum,
332 1725 85 44 &
366 1725 119 44 non
434 1725 255 44 propinquum,
621 1725 102 44 tunc

205 1765 117 37 non
272 1765 268 37 continebitur
490 1765 234 37 propinquum
657 1765 67 37 in

207 1794 115 42 ipso,
284 1794 115 42 quare
360 1794 165 42 huiusmodi
487 1794 204 42 definitiones
640 1794 89 42 erunt

739 155 205 51 diminutae.
901 155 88 51 Et
945 155 191 51 huiusmodi
1091 155 132 51 esse,
1179 155 117 51 quod
1238 155 44 51 s

738 204 236 31 repraesentant
933 204 153 31 genera,
1044 204 97 31 est
1099 204 153 31 mediuni
1196 204 56 31 in

743 233 94 42 ter
796 233 148 42 formam,
904 233 107 42 quae
971 233 94 42 est
1025 233 81 42 in
1065 233 121 42 actu,
1146 233 67 42 &
1159 233 94 42 mate-

742 277 113 37 riam
812 277 155 37 primam,
925 277 113 37 quae
996 277 99 37 non
1052 277 127 37 habet
1123 277 127 37 formam:

743 311 112 43 quae
813 311 112 43 res,
883 311 84 43 vt
924 311 167 43 diximus,
1050 311 209 43 diuersimode
1203 311 56 43 se

735 346 144 52 habet.
835 346 115 52 quod
907 346 144 52 quidem
1008 346 101 52 ita
1066 346 130 52 fuit,
1138 346 115 52 propte

738 389 94 45 rea
791 389 108 45 quia
859 389 135 45 genera
953 389 121 45 nihil
1034 389 121 45 allud
1114 389 108 45 sunt
1168 389 81 45 quam

736 424 259 42 repraesentatio
952 424 101 42 vel
1009 424 173 42 exemplar
1124 424 130 42 materie

737 460 104 52 rum
796 460 252 52 compositarum,
1004 460 119 52 quae
1078 460 119 52 sunt
1137 460 119 52 partim

736 505 140 47 actus,
834 505 140 47 partim
932 505 182 47 potentia.
1071 505 70 47 &
1099 505 112 47 ideo
1155 505 98 47 gene-

730 546 94 33 ra
777 546 157 33 habent
887 546 267 33 definitiones,
1091 546 157 33 quemadmo

738 577 100 41 dum
795 577 71 41 &
823 577 171 41 species,
951 577 85 41 vt
994 577 128 41 homo,
1079 577 157 41 exempli
1179 577 71 41 gra

739 617 111 41 tia,
808 617 152 41 constat
919 617 235 41 rationalitate
1113 617 69 41 &
1127 617 125 41 animali

741 653 124 37 tate,
824 653 69 37 &
851 653 193 37 animalitas
1003 653 83 37 ex
1044 653 124 37 sensu
1126 653 69 37 &
1140 653 110 37 nutri-

740 695 130 46 tione,
831 695 65 46 &
857 695 91 46 sic
909 695 117 46 donec
987 695 195 46 perueniatur
1143 695 78 46 ad
1169 695 78 46 pri-

734 733 110 45 mum
797 733 174 45 geneus,
924 733 110 45 quo
987 733 142 45 nihil
1065 733 174 45 propinqui

739 768 106 42 ipsi
805 768 159 42 materiae
924 768 145 42 primae.
1029 768 92 42 Et,
1082 768 172 42 propterea
1201 768 53 42 hu

740 806 162 50 iusmodi
858 806 148 50 geneus
962 806 103 50 non
1021 806 133 50 habet
1095 806 162 50 definitio

736 845 114 46 nem:
807 845 128 46 sicut
892 845 128 46 neque
977 845 114 46 ipsa
1048 845 128 46 forma
1119 845 128 46 vltima,

737 881 122 41 nisi
813 881 107 41 per
874 881 137 41 modum
965 881 259 41 similitudinis
1179 881 76 41 &
1194 881 61 41 ma

740 924 172 46 nifestum
869 924 100 46 est
926 924 115 46 quod
998 924 215 46 vnumquodque
1156 924 100 46 horum

735 961 145 48 generum
840 961 145 48 dicitur
946 961 159 48 vniuoce:
1065 961 106 48 quia
1131 961 92 48 id,
1171 961 79 48 quod

739 1003 207 43 representatur
909 1003 85 43 per
958 1003 110 43 illud
1031 1003 134 43 geneus,
1116 1003 134 43 inuenitur

739 1033 75 49 in
776 1033 137 49 habente
875 1033 112 49 illud
950 1033 137 49 geneus,
1049 1033 174 49 perfectius
1173 1033 75 49 quae

738 1072 85 42 ea,
786 1072 97 42 quae
847 1072 231 42 repraesentantur
1042 1072 85 42 per
1090 1072 121 42 genera
1163 1072 85 42 analo

740 1110 98 51 ga,
796 1110 84 51 vt
838 1110 98 51 ens
894 1110 70 51 &
922 1110 112 51 res:
992 1110 70 51 &
1020 1110 112 51 ideo
1076 1110 182 51 impossibile

734 1148 96 52 est
789 1148 110 52 haec
858 1148 137 52 genera
954 1148 123 52 esse,
1036 1148 110 52 nisi
1091 1148 164 52 aequiuoca.

739 1186 71 53 &
767 1186 129 53 harum
853 1186 214 53 materierum,
1024 1186 114 53 quas
1082 1186 171 53 repraesen-

742 1226 109 50 tant
810 1226 150 50 genera,
919 1226 150 50 quaedam
1028 1226 109 50 sunt
1082 1226 177 50 sensibiles,

738 1265 127 41 sicut
823 1265 169 41 materiae
950 1265 127 41 rerum
1034 1265 212 41 naturalium,
1204 1265 71 41 &

740 1301 93 37 hae
793 1301 132 37 verius
885 1301 185 37 nominantur
1031 1301 172 37 materiae:
1163 1301 119 37 quae

741 1341 161 37 damvero
859 1341 117 37 sunt
932 1341 147 37 fictae
1020 1341 220 37 intentionales

735 1377 93 42 vt
781 1377 124 42 sunt
858 1377 185 42 materiae
997 1377 139 42 rerum
1074 1377 170 42 mathemati

742 1415 137 43 carum.
838 1415 123 43 Licet
920 1415 110 43 enim
989 1415 82 43 in
1030 1415 123 43 harum
1098 1415 151 43 definitio

739 1454 131 43 nibus
827 1454 102 43 non
885 1454 189 43 appareant
1031 1454 175 43 materiae
1147 1454 102 43 sensi

740 1493 129 38 biles,
830 1493 129 38 habent
920 1493 116 38 tamen
998 1493 103 38 quid
1062 1493 129 38 simile
1139 1493 116 38 materie

738 1530 110 39 bus:
807 1530 83 39 vt
848 1530 83 39 de
890 1530 151 39 circulo
1000 1530 165 39 apparet,
1123 1530 124 39 cuius
1192 1530 55 39 ge

734 1567 99 50 nus
790 1567 99 50 est
847 1567 156 50 sigura,
960 1567 85 50 in
1003 1567 99 50 qua
1059 1567 184 50 circundat
1186 1567 71 50 vna

746 1605 129 37 linea,
837 1605 65 37 &
862 1605 90 37 sic
914 1605 90 37 est
966 1605 168 37 possibile
1095 1605 90 37 res
1134 1605 116 37 mathie-

740 1648 153 35 maticas
852 1648 139 35 habere
949 1648 237 35 definitiones.
1144 1648 84 35 Et
1172 1648 84 35 hinc

738 1679 150 50 apparet
847 1679 109 50 quod
915 1679 245 50 mathematicalia
1120 1679 95 50 non
1174 1679 109 50 sunt

736 1718 172 50 separata.
868 1718 106 50 nam,
935 1718 80 50 si
974 1718 186 50 triangulus
1120 1718 119 50 esset
1187 1718 66 50 se-

738 1755 163 50 paratus,
861 1755 136 50 sigura
956 1755 136 50 quoque
1050 1755 122 50 esset
1118 1755 136 50 separata

742 1793 54 49 &
764 1793 76 49 sic
807 1793 98 49 linea
873 1793 98 49 etiam
938 1793 98 49 esset
1004 1793 142 49 separata.
1112 1793 65 49 &,
1145 1793 65 49 si
1178 1793 76 49 lin
1210 1793 44 49 ea
