1475 2066
187 140 110 46 alia
256 140 97 46 per
311 140 97 46 sua
367 140 138 46 passa,
463 140 166 46 nonnulla
588 140 110 46 vero
643 140 69 46 per

202 180 119 47 suam
277 180 179 47 actionem
410 180 74 47 &
440 180 208 47 passionem,
604 180 74 47 &
619 180 89 47 tan-

207 220 107 39 dem
268 220 107 39 per
329 220 92 39 ea
375 220 122 39 quae
451 220 229 39 insequuntur
619 220 92 39 ipsa

204 257 217 51 Circulatio
375 257 140 51 vero,
468 257 124 51 quam
546 257 140 51 ponit
623 257 78 51 Aui

198 297 131 41 cenna
285 297 131 41 sequi
372 297 232 41 definitionem
560 297 131 41 harum
633 297 73 41 rei

203 340 111 42 rum,
273 340 125 42 nihil
356 340 111 42 est:
426 340 111 42 quia
495 340 83 42 de
537 340 139 42 natura
621 340 83 42 cor-

200 373 202 37 relatiuorum
361 373 94 37 est
415 373 81 37 vt
455 373 81 37 de
496 373 202 37 necessitate
644 373 67 37 ca-

201 411 148 47 piatur
305 411 118 47 vnum
379 411 89 47 in
423 411 177 47 alterius
541 411 163 47 formatio,

197 449 87 41 ne.
246 449 111 41 Neque
320 449 124 41 quando
407 449 161 41 accipitur
531 449 99 41 vnum
580 449 124 41 correla-

201 488 158 39 tiuorum
315 488 86 39 in
359 488 201 39 formatione
516 488 187 39 alterius,
646 488 57 39 vi

200 525 136 37 detur
290 525 121 37 vnum
366 525 136 37 eorum
456 525 211 37 praecedere
607 525 106 37 aliud

199 561 86 41 eo
242 561 129 41 modo,
328 561 100 41 quo
385 561 172 41 videntur
514 561 143 41 causae
615 561 100 41 rei
658 561 57 41 in

200 601 110 41 sua
263 601 221 41 formatione
437 601 126 41 quia
516 601 158 41 nullum
610 601 95 41 cor-

197 644 189 41 relatiuorum
349 644 88 41 est
399 644 114 41 causa
475 644 164 41 alterius.
588 644 114 41 vtraque

204 677 109 41 enim
273 677 109 41 sunt
341 677 136 41 simul.
436 677 68 41 &
464 677 109 41 ideo
532 677 82 41 in
559 677 150 41 conceptu,

202 715 117 48 siue
276 715 205 48 formatione
437 715 132 48 vnius
524 715 132 48 eorum
598 715 102 48 appli

199 755 134 46 catur
288 755 208 46 conceptus,
452 755 119 46 sine
511 755 193 46 apprehensio

198 788 179 39 alterius.
336 788 97 39 Sed
391 788 110 39 bene
461 788 193 39 sequeretur
599 788 110 39 dictum

202 827 210 39 Auicennae,
367 827 90 39 si
412 827 225 39 vnumquodque
576 827 135 39 ipsorum

191 865 227 49 inueniretur
372 865 91 49 in
418 865 181 49 conceptu
539 865 166 49 alterius,

199 902 162 49 inquantum
323 902 112 49 esset
398 902 112 49 prius
472 902 149 49 secundum
585 902 112 49 esse,
647 902 62 49 no-

203 949 91 42 tius
259 949 79 42 que
305 949 136 42 secundum
407 949 204 42 apprehensionem
576 949 102 42 (siue
633 949 68 42 for-

200 976 191 51 mationem:
347 976 73 51 )
376 976 73 51 &
406 976 103 51 sic
465 976 191 51 oporteret
611 976 103 51 rem
655 976 59 51 ip

204 1015 100 43 sam
261 1015 171 43 inueniri
389 1015 85 43 in
432 1015 185 43 suijpsius
560 1015 142 43 conceptu

198 1053 98 48 sed
254 1053 98 48 non
310 1053 98 48 est
365 1053 112 48 ita,
435 1053 112 48 immo
505 1053 167 48 vtraque:
616 1053 84 48 ipso

203 1092 79 38 rum
248 1092 90 38 sunt
304 1092 101 38 simul
371 1092 135 38 secundum
472 1092 101 38 esse,
540 1092 56 38 &
562 1092 146 38 notitiam.
663 1092 45 38 Cu

204 1129 81 41 ius
251 1129 81 41 rei
297 1129 105 41 causa
367 1129 93 41 est,
425 1129 93 41 quia
483 1129 151 41 huiusmodi
588 1129 116 41 praedica

202 1171 131 39 mentum
294 1171 92 39 est
346 1171 105 39 quid
412 1171 184 39 fabricatum
556 1171 79 39 ab
596 1171 118 39 anima
661 1171 53 39 in

205 1205 125 39 ipsis
288 1205 167 39 entibus,
413 1205 69 39 &
441 1205 83 39 si
483 1205 97 39 non
538 1205 125 39 esset
608 1205 97 39 anima

199 1242 94 40 non
252 1242 121 40 esset
333 1242 161 40 relatio:
454 1242 121 40 sicut
534 1242 81 40 si
575 1242 94 40 non
615 1242 94 40 esset

206 1281 123 49 anima,
292 1281 86 49 non
341 1281 111 49 esset
415 1281 173 49 proportio,
551 1281 99 49 siue
600 1281 99 49 compa-

196 1328 136 43 ratio.
292 1328 68 43 &
319 1328 136 43 quando
414 1328 82 43 in
455 1328 204 43 huiuscemodi
604 1328 109 43 compa-

198 1362 157 45 ratione
312 1362 200 45 concipitur
469 1362 114 45 vnum
526 1362 185 45 subiectorum

204 1397 114 37 eius,
280 1397 139 37 oportet
382 1397 177 37 necessario
521 1397 114 37 illam
597 1397 89 37 rem
635 1397 76 37 con-

202 1436 109 38 cipi
270 1436 95 38 per
325 1436 177 38 conceptum
461 1436 163 38 alterius
570 1436 136 38 subiecti

202 1472 99 50 cum
259 1472 142 50 habeat
358 1472 213 50 existentiam
528 1472 99 50 per
585 1472 114 50 illa
642 1472 71 50 duo

206 1509 166 48 subiecta.
334 1509 90 48 His
385 1509 90 48 sic
437 1509 205 48 verificatis,
590 1509 128 48 sequitur

209 1556 88 38 quod
264 1556 99 38 actus
330 1556 88 38 est,
385 1556 110 38 quando
462 1556 77 38 res
506 1556 121 38 existit
594 1556 77 38 non
638 1556 66 38 eo
660 1556 44 38 mo

211 1585 77 42 do,
255 1585 77 42 quo
299 1585 121 42 dicitur
387 1585 88 42 quod
442 1585 77 42 est
486 1585 66 42 in
519 1585 143 42 potentia.
629 1585 66 42 Et
651 1585 66 42 ista

207 1625 158 54 priuatio
326 1625 211 54 intelligitur
497 1625 198 54 dupliciter.
642 1625 66 54 Vno

201 1662 129 50 modo,
286 1662 86 50 vt
329 1662 100 50 est
386 1662 157 50 ablatio
501 1662 100 50 rei
558 1662 86 50 ab
601 1662 86 50 eo
629 1662 86 50 quod

205 1702 105 48 est
265 1702 136 48 aptum
356 1702 136 48 natum
446 1702 181 48 reperiri
581 1702 90 48 in
627 1702 90 48 eo
657 1702 60 48 in

202 1740 109 48 alio
270 1740 163 48 tempore,
393 1740 68 48 &
420 1740 95 48 iam
475 1740 136 48 habuit
570 1740 123 48 illam
638 1740 68 48 rem

208 1781 56 37 &
230 1781 78 37 hoc
275 1781 78 37 sit
319 1781 67 37 in
353 1781 111 37 rebus,
431 1781 89 37 quae
486 1781 145 37 quandoque
598 1781 89 37 sunt
642 1781 78 37 poten

737 141 93 44 tia,
795 141 150 44 quandoque
911 141 116 44 actus.
992 141 127 44 Secundo
1085 141 93 44 modo
1142 141 81 44 est
1177 141 58 44 ab-

729 182 119 44 latio
808 182 106 44 rei,
874 182 79 44 ab
914 182 79 44 eo
954 182 106 44 quod
1020 182 93 44 est
1073 182 119 44 aptum
1139 182 93 44 natum

731 220 142 47 reperiri
838 220 71 47 in
873 220 107 47 alio:
945 220 59 47 &
968 220 142 47 secundum
1075 220 107 47 talem
1134 220 95 47 priua-

727 257 137 49 tionem
823 257 246 49 comprehenditur
1028 257 123 49 actus
1110 257 82 49 in
1137 257 96 49 rebus

731 295 162 43 aeternis:
855 295 62 43 &
880 295 149 43 potentia
992 295 87 43 est
1041 295 162 43 aptitudo,
1153 295 75 43 quae

728 333 85 41 est
776 333 73 41 in
813 333 85 41 re,
861 333 61 41 &
886 333 194 41 possibilitas
1044 333 146 41 existens
1153 333 73 41 in
1177 333 61 41 ea,

729 375 79 44 vt
768 375 184 44 inueniatur
913 375 79 44 in
952 375 118 44 actu.
1031 375 79 44 Et
1070 375 105 44 hoc,
1136 375 105 44 quod
1188 375 53 44 di

728 407 123 39 cimus
810 407 82 39 de
851 407 177 39 potentia,
988 407 95 39 non
1042 407 95 39 est
1097 407 123 39 sicut
1165 407 68 39 il-

730 446 102 43 lud,
794 446 102 43 quod
857 446 140 43 dicimus
959 446 165 43 infinitum
1086 446 102 43 esse
1150 446 76 43 in
1175 446 64 43 po-

729 485 138 37 tentia:
830 485 76 37 vt
868 485 138 37 dicitur
969 485 76 37 de
1006 485 101 37 motu
1069 485 101 37 quod
1132 485 88 37 est
1170 485 63 37 in-

723 526 161 37 finitus
841 526 88 37 in
885 526 191 37 potentia,
1032 526 73 37 &
1061 526 88 37 de
1090 526 147 37 tempore:

727 564 123 40 quia
803 564 199 40 infinitum
956 564 107 40 non
1018 564 123 40 exit
1094 564 92 40 ad
1125 564 107 40 actum

726 597 78 51 ex
765 597 78 51 eo
804 597 104 51 quod
870 597 91 51 est
922 597 183 51 infinitum,
1065 597 117 51 donec
1131 597 104 51 aufera

730 635 91 47 tur
782 635 78 47 ab
821 635 78 47 eo
860 635 169 47 potentia.
990 635 91 47 sed
1042 635 91 47 res
1094 635 91 47 ita
1146 635 78 47 se
1172 635 65 47 ha-

727 673 83 52 bet,
779 673 125 52 scilicet
872 673 83 52 quod
925 673 83 52 eius
977 673 94 52 actus
1039 673 73 52 est
1081 673 146 52 coniunctus
1185 673 52 52 cum

722 713 163 48 potentia
845 713 150 48 semper.
954 713 82 48 Et
995 713 95 48 hoc
1049 713 95 48 iam
1104 713 109 48 fuit
1158 713 68 48 de-

726 751 162 43 claratum
847 751 81 43 in
887 751 108 43 lib.
954 751 135 43 Physi.
1049 751 94 43 nam
1102 751 121 43 multa
1170 751 67 43 de-

731 788 144 52 clarantur
841 788 66 52 in
875 788 88 52 illo
930 788 110 52 libro,
1007 788 88 52 quae
1062 788 66 52 in
1095 788 77 52 hac
1129 788 110 52 scientia

725 825 100 41 sunt
788 825 225 41 propositiones.
976 825 75 41 Et
1014 825 75 41 si
1051 825 88 41 ita
1101 825 100 41 est,
1164 825 63 41 &
1176 825 63 41 fue

724 863 86 51 rit
773 863 86 51 iam
822 863 171 51 propalatum
956 863 98 51 quid
1017 863 159 51 potentia,
1127 863 110 51 quodque

724 901 125 51 actus,
811 901 75 51 vt
848 901 100 51 ergo
911 901 100 51 quod
973 901 150 51 vtrunque
1085 901 137 51 ipsorum
1173 901 62 51 re-

733 941 146 45 peritur
839 941 119 45 prius
919 941 80 45 in
958 941 199 45 substantia,
1118 941 66 45 &
1131 941 106 45 secun-

730 977 73 48 do
766 977 73 48 in
803 977 146 48 reliquis
912 977 231 48 praedicamentis,
1107 977 97 48 quae
1168 977 97 48 sunt

728 1016 159 47 quantitas,
852 1016 147 47 qualitas,
966 1016 136 47 relatio,
1068 1016 91 47 vbi,
1125 1016 136 47 quandom,

726 1053 130 52 habere,
821 1053 119 52 agere,
904 1053 107 52 pati:
975 1053 95 52 siue
1034 1053 154 52 huiusmodi
1141 1053 95 52 passio

729 1092 80 39 rei
774 1092 80 39 sit
820 1092 69 39 in
854 1092 126 39 seipsa,
946 1092 69 39 vt
980 1092 69 39 in
1014 1092 103 39 rebus
1071 1092 160 39 naturalibus,

729 1130 105 41 siue
795 1130 132 41 extra,
887 1130 79 41 vt
926 1130 79 41 in
966 1130 171 41 potentiis
1084 1130 158 41 praenomina

731 1165 87 45 tis.
786 1165 142 45 Similiter
894 1165 98 45 etiam
960 1165 185 45 intelligitur,
1112 1165 109 45 quando
1178 1165 65 45 agit

726 1203 188 54 quodcunque
874 1203 121 54 agens
954 1203 81 54 in
995 1203 94 54 se,
1049 1203 94 54 vel
1102 1203 81 54 in
1129 1203 108 54 aliud.

730 1244 102 50 Nam
789 1244 190 50 potentia,
935 1244 117 50 quae
1008 1244 102 50 est
1066 1244 88 50 in
1095 1244 146 50 sanguine

724 1280 172 44 menstruo
853 1280 86 44 ad
895 1280 115 44 hoc,
967 1280 86 44 vt
1010 1280 115 44 fiat
1082 1280 86 44 ex
1124 1280 86 44 eo
1153 1280 86 44 homo

729 1318 89 44 est
780 1318 114 44 prior
856 1318 153 44 potentia
971 1318 102 44 eius
1035 1318 76 44 ad
1073 1318 89 44 hoc
1124 1318 76 44 vt
1149 1318 89 44 sciat

718 1357 276 48 grammaticam.
942 1357 190 48 quoniam
1063 1357 173 48 aptitudo

724 1397 213 49 propinqua
888 1397 98 49 ad
937 1397 246 49 recipiendum
1117 1397 115 49 gram-

719 1431 171 51 maticam
844 1431 125 51 est:
922 1431 187 51 postquam
1062 1431 109 51 iam
1109 1431 125 51 perue-

725 1470 142 44 nerit
820 1470 142 44 forma
899 1470 158 44 hominis,

745 1516 152 38 NTiam
846 1516 185 38 fuerunt
981 1516 169 38 aliqui
1082 1516 152 38 homines

731 1522 81 72 C.
771 1522 202 72 temperribus
933 1522 202 72 praeteritis
1094 1522 108 72 ante
1148 1522 81 72 han-

725 1586 142 46 nostram
828 1586 207 46 tempestatem,
996 1586 90 46 qui
1048 1586 155 46 negabant
1151 1586 78 46 post

732 1623 157 43 bilitatem
852 1623 193 43 praecedentem
1009 1623 84 43 rem
1057 1623 181 43 possibilem,
1190 1623 48 43 et

729 1668 158 44 ponebant
848 1668 171 44 possibile
979 1668 92 44 cum
1032 1668 106 44 ipso
1098 1668 119 44 actu.
1164 1668 66 44 qui

733 1701 104 45 re,
793 1701 104 45 cum
852 1701 193 45 tollerent
1001 1701 164 45 penitus
1105 1701 134 45 naturam

729 1739 166 49 possibilis,
862 1739 133 49 sequitur
962 1739 133 49 secundum
1062 1739 100 49 ipsos
1128 1739 89 49 quod
1172 1739 67 49 pofi

728 1775 113 43 bile
798 1775 99 43 sit
855 1775 226 43 necessarium,
1038 1775 71 43 &
1053 1775 183 43 necessarium
