1475 2066
224 173 124 48 scetur
310 173 161 48 potentia,
434 173 198 48 qualiscumque
595 173 124 48 fuerit
670 173 74 48 illa

232 206 183 45 videlicet
373 206 112 45 siue
443 206 98 45 sit
499 206 169 45 potentia
611 206 127 45 trausmu

232 247 145 43 tationis
341 247 73 43 in
377 247 182 43 substantia,
523 247 85 43 vel
571 247 73 43 in
608 247 109 43 aliis
668 247 85 43 trans

235 284 232 46 mutationibus.
427 284 82 46 Et
468 284 123 46 huius
550 284 96 46 rei
605 284 123 46 causa
673 284 82 46 est,

234 325 102 39 quia
298 325 114 39 actus
374 325 76 39 in
412 325 165 39 huiusmodi
539 325 114 39 rebus
603 325 152 39 reperitur,

227 362 172 40 secundum
356 362 158 40 quandam
470 362 201 40 disponnem,
628 362 72 40 &
643 362 100 40 nomen

237 401 191 41 simpliciter.
392 401 72 41 id
428 401 131 41 nanque,
524 401 96 41 quod
584 401 72 41 in
619 401 120 41 aliquo
691 401 48 41 in

239 437 146 50 uenitur
345 437 132 50 genere
437 437 172 50 absoluto,
570 437 93 50 est
623 437 132 50 causa,
702 437 53 50 vt

240 476 67 62 in
273 476 67 62 eo
307 476 157 62 reperiatur
431 476 124 62 aliquid
520 476 135 62 secundum
610 476 135 62 dispotonem

226 517 182 38 aliquam,
362 517 91 38 vt
408 517 212 38 saepissime
574 517 152 38 dixim,
665 517 76 38 nan

239 557 106 49 ignis:
314 557 116 49 exempli
398 557 106 49 causa,
472 557 116 49 dicitur
557 557 159 49 simpliciter
673 557 64 49 cali

240 589 105 44 dus,
306 589 66 44 &
332 589 92 44 est
385 589 132 44 causa,
477 589 79 44 vt
516 589 171 44 caliditas
635 589 118 44 inuenia

230 628 107 42 tur
291 628 92 42 in
337 628 183 42 quolibet
474 628 137 42 ente.
550 628 199 42 Huiuscemodi

240 667 118 53 autem
319 667 183 53 propositio
463 667 236 53 frequentissime
646 667 105 53 affer-

235 709 91 48 tur
287 709 78 48 in
326 709 91 48 hac
379 709 170 48 scientia,
509 709 65 48 &
535 709 91 48 est
587 709 104 48 vnum
640 709 104 48 magnum

243 744 184 45 principium
388 744 79 45 ex
427 744 184 45 principiis
572 744 92 45 per
625 744 79 45 se
651 744 92 45 notis

242 781 90 53 De
287 781 135 53 forma
377 781 150 53 quidem
482 781 105 53 par
541 781 105 53 est
601 781 105 53 ita
646 781 105 53 etiam

240 819 101 40 nos
297 819 187 40 tractare,
441 819 72 40 &
470 819 187 40 exercere,
614 819 86 40 vt
643 819 101 40 habea

242 859 81 39 de
283 859 81 39 ea
324 859 163 39 veritas.
446 859 68 39 &
473 859 108 39 ideo
541 859 81 39 in
581 859 81 39 ea
608 859 136 39 elabora-

247 897 78 48 uit
292 897 112 48 Arist.
370 897 67 48 i.
404 897 90 48 quod
460 897 112 48 posuit
538 897 101 48 ipsam
605 897 123 48 tanquam
684 897 56 48 sui

233 938 165 49 positum
353 938 90 49 in
398 938 135 49 primo
488 938 135 49 libro
577 938 135 49 huius
652 938 90 49 ope-

234 974 104 52 ris.
299 974 78 52 Et
338 974 156 52 postquam
455 974 156 52 ostensum
571 974 104 52 fuit
636 974 104 52 quid
688 974 65 52 sit

236 1012 166 54 potentia,
364 1012 64 54 &
389 1012 128 54 actus,
479 1012 64 54 &
504 1012 128 54 quando
594 1012 89 54 est
632 1012 115 54 quodli-

240 1051 84 51 bet
288 1051 181 51 singularium
433 1051 72 51 in
469 1051 157 51 potentia,
589 1051 60 51 &
613 1051 120 51 quando
686 1051 60 51 non

234 1087 59 50 &
258 1087 94 50 fuit
316 1087 129 50 quoquid
410 1087 164 50 declaratum
539 1087 117 50 qualis
622 1087 94 50 sit,
669 1087 70 50 pro-

233 1127 155 51 portio
341 1127 232 51 potentiarum
526 1127 93 51 ad
573 1127 93 51 se
604 1127 139 51 inuicem

228 1164 81 42 &
260 1164 210 42 proportio
421 1164 161 42 actus:
518 1164 226 42 consentancum

233 1203 93 52 est
286 1203 199 52 inuestigare
445 1203 80 52 de
485 1203 133 52 ipsis,
578 1203 146 52 quodnam
670 1203 80 52 isto

234 1245 97 38 rum
290 1245 181 38 praecedat
429 1245 139 38 aliud,
526 1245 181 38 videlicet
652 1245 97 38 vtrum

234 1279 153 51 potentia
349 1279 166 51 praecedat
477 1279 128 51 actum,
566 1279 89 51 aut
617 1279 115 51 actus
681 1279 64 51 po-

237 1321 169 41 tentiam.
364 1321 99 41 Nos
420 1321 127 41 autem
505 1321 99 41 iam
562 1321 85 41 in
590 1321 155 41 praeceden

234 1355 121 58 tibus
314 1355 162 58 diximus,
435 1355 108 58 quod
503 1355 121 58 ipsum
583 1355 121 58 prius
651 1355 94 58 dicit

238 1405 149 45 multis
343 1405 149 45 modis,
447 1405 149 45 primo,
552 1405 134 45 prius
626 1405 120 45 tempo-

238 1435 96 40 re,
293 1435 151 40 secundo
403 1435 110 40 vero
472 1435 124 40 prius
554 1435 137 40 causa.
650 1435 82 40 de
677 1435 69 40 his

234 1477 114 45 igitur
314 1477 126 45 duobus,
405 1477 69 45 de
440 1477 114 45 quibus
520 1477 126 45 dicitur
611 1477 103 45 ipsum
668 1477 69 45 prit

237 1502 85 61 est
285 1502 85 61 hic
334 1502 109 61 sermo
407 1502 219 61 principaliter,
589 1502 121 61 quando
674 1502 73 61 de
698 1502 49 61 po

239 1548 138 46 tentia
336 1548 69 46 &
364 1548 111 46 actu
419 1548 166 46 tractatur.

270 1589 84 49 Et
312 1589 154 49 dicamus
424 1589 112 49 quod
494 1589 140 49 plures
578 1589 168 49 Antiquorum

233 1629 117 38 ante
306 1629 146 38 Arist.
408 1629 117 38 immo
481 1629 131 38 omnes
569 1629 160 38 fuerunt
671 1629 73 38 op-

234 1673 103 34 nati
299 1673 103 34 quod
363 1673 155 34 potentia
479 1673 168 34 praecedit
608 1673 116 34 actum
673 1673 64 34 tem

236 1701 128 49 pore,
321 1701 71 49 &
350 1701 143 49 causa.
450 1701 71 49 &
478 1701 114 49 ideo
550 1701 143 49 aliqui
635 1701 100 49 posue

231 1748 118 30 runt
305 1748 222 30 immixtionem
483 1748 148 30 illam,
586 1748 118 30 siue
645 1748 104 30 chaos

229 1780 76 48 &
259 1780 167 48 atomos:
380 1780 152 48 aliqui
486 1780 121 48 alij
562 1780 136 48 motum
638 1780 106 48 inor-

236 1820 161 46 dinatum,
356 1820 67 46 &
383 1820 148 46 fuerunt
491 1820 81 46 ad
531 1820 81 46 id
571 1820 134 46 ducti,
652 1820 94 46 quida

765 172 81 52 de
805 172 189 52 principiis
953 172 94 52 non
1007 172 202 52 perceperunt
1169 172 108 52 nisi
1237 172 94 52 pri

766 213 103 51 mum
825 213 205 51 principium
986 213 205 51 materiale,
1147 213 73 51 &
1176 213 88 51 vt
1206 213 73 51 ve-

763 253 156 45 risimile
880 253 117 45 quod,
958 253 91 45 cum
1010 253 104 45 ipsi
1076 253 156 45 viderint
1180 253 104 45 poten-

768 288 118 50 tias
842 288 132 50 rerum
930 288 250 50 particularium
1121 288 162 50 praecede-

770 326 73 55 re
806 326 134 55 vtroque
904 326 97 55 modo
965 326 146 55 scilicet
1074 326 134 55 tempore
1171 326 61 55 &
1184 326 97 55 causa-

767 365 233 45 iudicauerint
957 365 117 45 idem
1030 365 160 45 iudicio
1132 365 146 45 vniuersa

771 409 73 41 li
807 409 73 41 de
844 409 146 41 partibus
953 409 158 41 vniuersi.
1075 409 85 41 sed
1124 409 73 41 si
1160 409 110 41 recte
1221 409 61 41 res

769 445 225 46 consyderetur
952 445 70 46 &
980 445 183 46 inquantum
1120 445 127 46 talia
1191 445 98 46 sunt,

770 484 182 50 naturalia,
913 484 169 50 apparebit
1042 484 169 50 manifeste
1172 484 104 50 quod
1224 484 52 50 a-

763 523 110 52 ctus
832 523 179 52 praecedit
970 523 179 52 potentiam
1108 523 124 52 illis
1177 523 110 52 duobus

771 560 127 41 modis.
860 560 139 41 quoniam
961 560 76 41 in
999 560 152 41 icientia
1114 560 152 41 Naturali
1215 560 76 41 fuit

766 596 98 46 iam
822 596 168 46 ostensum
948 596 112 46 quod
1018 596 126 46 omne,
1101 596 112 46 quod
1157 596 126 46 transmu

771 644 128 43 tatur,
861 644 77 43 ab
900 644 128 43 aliquo
990 644 218 43 transmutatur.
1169 644 64 43 &
1195 644 90 43 hoc
1234 644 51 43 in

763 680 164 34 quatuor
883 680 194 34 speciebus
1017 680 269 34 transmutationum-

768 711 100 51 Nam
825 711 114 51 ipsa
896 711 171 51 potentia
1024 711 100 51 non
1081 711 85 51 vt
1123 711 114 51 esse
1180 711 100 51 suffi

767 750 122 47 ciens
849 750 122 47 exire
930 750 81 47 ad
971 750 122 47 actum
1052 750 81 47 de
1093 750 95 47 se:
1147 750 109 47 quod
1202 750 81 47 qui-

761 789 104 45 dem
821 789 134 45 patet
910 789 89 45 in
955 789 149 45 tribus
1044 789 238 45 transmutationi

766 824 112 43 bus,
836 824 182 43 videlicet
976 824 112 43 quae
1046 824 84 43 in
1088 824 210 43 substantia,
1242 824 42 43 &

768 861 80 51 in
808 861 199 51 quantitate,
967 861 66 51 &
993 861 186 51 qualitate.
1139 861 93 51 nam
1192 861 80 51 in
1219 861 66 51 his

756 900 161 50 mouens
868 900 80 50 &
901 900 145 50 agens
997 900 112 50 est
1061 900 161 50 extra.
1174 900 112 50 Sed
1222 900 64 50 de

758 947 278 31 transmutatione
989 947 155 31 locali
1098 947 139 31 extat
1175 947 108 31 ambi-

765 975 140 51 guitas.
867 975 77 51 de
906 975 89 51 hoc
957 975 115 51 tamen
1033 975 89 51 iam
1084 975 115 51 satis
1148 975 140 51 innotuit,

762 1012 96 46 in
810 1012 175 46 Septimo
937 1012 80 46 &
969 1012 159 46 Octauo
1081 1012 159 46 Physi.
1192 1012 80 46 &
1208 1012 80 46 hoc

765 1050 77 56 est,
813 1050 77 56 quod
861 1050 105 56 rectius
938 1050 86 56 vtuer
995 1050 77 56 dic.
1043 1050 115 56 scilicet
1129 1050 77 56 quod
1177 1050 86 56 actus
1225 1050 57 56 prae

761 1089 137 49 cedit
852 1089 198 49 potentiam
1004 1089 137 49 causa
1096 1089 76 49 &
1111 1089 152 49 tempore.

766 1129 80 42 Ex
806 1129 120 42 ipsis
885 1129 146 42 quoque:
992 1129 173 42 potentiis
1111 1129 160 42 particula-

763 1173 118 41 ribus
841 1173 78 41 id
881 1173 144 41 ostendi
985 1173 144 41 videtur
1090 1173 92 41 nam
1142 1173 118 41 licet
1208 1173 65 41 ips

768 1206 94 47 sae
821 1206 175 47 potentiae
956 1206 188 47 praecedant
1104 1206 121 47 actum
1171 1206 108 47 tempo-

771 1245 87 44 re,
820 1245 99 44 sunt
882 1245 112 44 tamen
957 1245 186 44 posteriores
1105 1245 124 44 causa,
1192 1245 87 44 cum
1229 1245 50 44 ip

759 1282 79 40 se
798 1282 118 40 actus
877 1282 92 40 sit
930 1282 171 40 perfectio
1061 1282 184 40 potentiae,
1193 1282 79 40 gra-

766 1325 93 37 tia
819 1325 119 37 cuius
898 1325 119 37 talis
978 1325 159 37 potentia
1097 1325 119 37 habet
1176 1325 119 37 esse,
1242 1325 40 37 &

767 1358 90 45 est
818 1358 115 45 causa
895 1358 141 45 finalis
998 1358 115 45 eius.
1075 1358 205 45 Perfectiones
1229 1358 51 45 au

764 1396 103 40 tem
823 1396 103 40 non
882 1396 161 40 possunt
999 1396 190 40 procedere
1145 1396 88 40 in
1174 1396 103 40 infi-

769 1437 123 38 nitum,
855 1437 74 38 vt
891 1437 98 38 post
953 1437 86 38 hoc
1002 1437 184 38 ostendetur.
1149 1437 110 38 Actus
1211 1437 61 38 er-

766 1473 77 50 go
805 1473 90 50 est
856 1473 115 50 prior
933 1473 167 50 potentia,
1061 1473 77 50 eo
1100 1473 103 50 quia
1164 1473 90 50 est
1202 1473 77 50 caus

767 1511 167 41 efficiens
896 1511 64 41 &
921 1511 154 41 finalis.
1037 1511 116 41 Finis
1114 1511 90 41 aut
1165 1511 90 41 est
1204 1511 64 41 cau

769 1549 60 53 sa
799 1549 131 53 causarum,
899 1549 70 53 cum
940 1549 90 53 aliae
1000 1549 151 53 reperiantur
1120 1549 100 53 gratia
1181 1549 90 53 ipsius,

772 1589 92 49 haec
829 1589 115 49 quidem
909 1589 161 49 praecessio
1035 1589 92 49 est,
1093 1589 92 49 quae
1150 1589 103 49 debet
1207 1589 69 49 con-

769 1628 163 43 syderari.
895 1628 88 43 Nam
945 1628 163 43 prioritas
1070 1628 188 43 temporalis,
1207 1628 63 43 sit

769 1663 77 43 ue
808 1663 128 43 fuerit
897 1663 77 43 in
936 1663 167 43 potentia,
1064 1663 103 43 siue
1128 1663 77 43 in
1167 1663 115 43 actu,
1231 1663 51 43 in

771 1702 71 51 est
812 1702 82 51 ipsi
863 1702 102 51 priori
934 1702 71 51 per
975 1702 122 51 accidens
1067 1702 61 51 id
1097 1702 71 51 ist
1138 1702 92 51 quod,
1199 1702 61 51 si
1220 1702 61 51 cau-

766 1744 95 42 sae
821 1744 95 42 rei
875 1744 190 42 praecedunt
1024 1744 122 42 ipsam
1105 1744 95 42 rem
1146 1744 135 42 tempore,

769 1781 118 47 illud
847 1781 92 47 est
900 1781 105 47 quid
965 1781 157 47 accidens
1083 1781 118 47 rebus
1148 1781 131 47 particu-

768 1816 161 42 laribus
885 1816 249 42 generabilibus
1090 1816 73 42 &
1105 1816 175 42 corruptibi
