1475 2066
182 156 267 39 comparatione
399 156 100 39 ad
449 156 167 39 actum.
566 156 150 39 Actus
649 156 67 39 ef

198 193 89 51 go
243 193 104 51 est
302 193 178 51 nobilior
436 193 178 51 potentia
569 193 89 51 de
599 193 119 51 neces-

207 233 129 49 sitate.
301 233 59 49 &
325 233 82 49 cum
372 233 141 49 potentia
478 233 82 49 sit
525 233 106 49 causa
584 233 129 49 priuatio,

203 272 101 54 nis,
266 272 101 54 quae
329 272 88 54 est
379 272 113 54 ipsum
455 272 126 54 malum,
543 272 151 54 sequitur
644 272 75 54 ergo

210 310 101 44 quod
273 310 101 44 res,
336 310 101 44 quae
399 310 88 44 non
450 310 126 44 habent
538 310 176 44 potentiam,
664 310 50 44 nu

201 348 106 45 lum
261 348 151 45 habent
367 348 151 45 malum,
473 348 106 45 cum
534 348 106 45 non
579 348 136 45 habeant

209 393 209 42 priuationem,
379 393 118 42 neque
457 393 196 42 contrarium,
614 393 65 42 &
627 393 92 42 huius

206 425 80 41 mo
246 425 80 41 di
286 425 94 41 res
340 425 107 41 sunt
407 425 134 41 illae,
501 425 80 41 in
541 425 134 41 quibus
621 425 94 41 ipsum

205 462 139 44 bonum,
303 462 112 44 quod
372 462 139 44 quidem
470 462 98 44 est
526 462 112 44 ipsa
582 462 139 44 veritas,

207 502 154 49 vndique:
323 502 167 49 perdurat,
451 502 77 49 i.
490 502 103 49 quod
554 502 116 49 verum
631 502 77 49 in
657 502 64 49 eis

207 549 79 41 non
252 549 146 41 variatur,
364 549 79 41 ita
409 549 90 41 quod
466 549 68 41 in
499 549 113 41 aliquo
578 549 124 41 tempore
657 549 56 41 eua

203 575 106 43 dat
263 575 167 43 falsum:
385 575 227 43 quemadmodum
567 575 136 43 solet
642 575 61 43 ac

211 613 117 53 cidere
293 613 117 53 rebus,
375 613 93 53 quae
433 613 152 53 quandoque
550 613 152 53 potentia,
655 613 70 53 quam

208 655 131 45 doque
296 655 117 45 actu
354 655 205 45 inueniuntur.

295 685 138 56 Mbigere
396 685 113 56 tamen
471 685 151 56 contigit
584 685 113 56 circa
647 685 75 56 hoc.

220 701 81 77 A
252 701 113 77 nam
317 701 97 77 si
366 701 162 77 ipsum,
479 701 146 77 verum
560 701 146 77 perseue

211 771 109 31 rant,
284 771 170 31 inuenietur
417 771 73 31 in
453 771 109 31 rebus
526 771 194 31 existentibus
672 771 48 31 se

206 801 97 54 per
262 801 83 54 in
303 801 125 54 actu,
386 801 125 54 nulla
469 801 111 54 ergo
524 801 194 54 demonstratio

210 841 82 49 fiet
261 841 62 49 de
292 841 103 49 rebus,
364 841 82 49 quae
415 841 103 49 quando
487 841 82 49 quid
538 841 123 49 potentia
620 841 92 49 quandom

215 877 94 46 que
268 877 107 46 actu
335 877 214 46 inueniuntur.
509 877 67 46 &
536 877 80 46 si
576 877 80 46 de
616 877 94 46 his
656 877 67 46 non

206 925 128 29 erit
286 925 271 29 demonstratio,
509 925 208 29 nequaquam
653 925 64 29 po

200 951 178 44 terimus
329 951 162 44 habere
443 951 130 44 viam
524 951 97 44 ad
556 951 162 44 sciendum

203 989 111 45 esse
273 989 153 45 entium:
384 989 69 45 &
411 989 97 45 sic
467 989 125 45 nulla
550 989 111 45 erit
606 989 111 45 demon-

202 1029 156 37 stratio
315 1029 85 37 de
358 1029 128 37 rebus
443 1029 227 37 existentibus
613 1029 99 37 conti

206 1066 97 40 nuo
262 1066 125 40 actu,
345 1066 97 40 cum
400 1066 166 40 scientia
524 1066 194 40 necessaria
663 1066 55 40 ac

206 1103 152 49 quiratur
320 1103 88 49 per
371 1103 76 49 se
408 1103 76 49 ex
446 1103 114 49 rebus
522 1103 202 49 necessarijs,
686 1103 63 49 &

202 1141 89 45 ros
253 1141 76 45 ex
291 1141 89 45 his
342 1141 165 45 ascedimus
470 1141 76 45 ad
508 1141 165 45 scientiam
622 1141 102 45 earum-

252 1181 80 48 Et
292 1181 146 48 dicamus
398 1181 106 48 quod
464 1181 133 48 oratio
557 1181 106 48 vera
611 1181 106 48 neces-

207 1219 119 50 sario
286 1219 105 50 est,
352 1219 92 50 aut
405 1219 211 50 affirmatiua,
576 1219 92 50 aut
616 1219 105 50 negati

210 1254 95 43 ua.
265 1254 191 43 Affirmatio
415 1254 123 43 autem
496 1254 123 43 nihil
578 1254 123 43 aliud
646 1254 68 43 est

214 1293 100 51 qua
271 1293 199 51 compositio
427 1293 171 51 alicuius
555 1293 100 51 cum
598 1293 114 51 aliquo

207 1333 63 51 &
233 1333 139 51 negatio
334 1333 114 51 nihil
410 1333 114 51 aliud
486 1333 89 51 est
537 1333 101 51 quae
587 1333 127 51 eorundem

211 1373 144 48 diuiso.
316 1373 79 48 Et
355 1373 79 48 si
394 1373 131 48 dantur
486 1373 144 48 aliqua,
591 1373 105 48 quae
656 1373 92 48 non

204 1406 167 47 possunt
325 1406 183 47 componi,
462 1406 122 47 tunc
538 1406 167 47 negatio
645 1406 76 47 est

205 1444 130 51 semper
296 1444 104 51 vera
361 1444 78 51 in
400 1444 104 51 eis.
465 1444 104 51 Sed,
529 1444 78 51 si
568 1444 130 51 dantur
646 1444 78 51 ali-

201 1485 103 47 qua
260 1485 206 47 composita,
422 1485 118 47 quae
495 1485 191 47 videlicet
642 1485 103 47 non

205 1522 153 48 possunt
317 1522 167 48 inueniri
442 1522 139 48 absque
540 1522 112 48 tali
596 1522 126 48 composi

205 1564 138 45 tione,
302 1564 110 45 tunc
371 1564 193 45 affirmatio
523 1564 97 45 est
578 1564 138 45 semper
661 1564 55 45 ne

211 1596 154 46 cessaria
327 1596 77 46 in
365 1596 103 46 eis.
429 1596 77 46 Si
468 1596 103 46 vero
532 1596 128 46 dentur
609 1596 115 46 aliqua,

202 1637 78 48 in
241 1637 131 48 quibus
332 1637 91 48 sit
385 1637 170 48 possibile
515 1637 157 48 vtrumque
620 1637 91 48 simul

213 1671 112 53 scilicet
296 1671 74 53 quod
343 1671 130 53 quandoquae
445 1671 149 53 componuntur,
566 1671 47 53 &
585 1671 102 53 quonque
650 1671 65 53 diui-

204 1707 124 47 dunt,
287 1707 110 47 tunc
356 1707 152 47 veritas
467 1707 83 47 in
508 1707 97 47 his
563 1707 97 47 non
605 1707 110 47 semper

204 1745 185 49 perdurat.
346 1745 199 49 manifestum
503 1745 128 49 autem
588 1745 100 49 est
631 1745 85 49 quod

211 1785 85 41 in
253 1785 99 41 hac
310 1785 85 41 re
352 1785 211 41 repetiuntur
521 1785 99 41 hir
577 1785 99 41 duo
633 1785 113 41 modi

735 157 84 53 Ea
777 157 139 53 autem,
874 157 111 53 quae
944 157 181 53 quandoque
1069 157 195 53 componuntur,

738 199 160 43 quandoque
861 199 185 43 diuiduntur,
1009 199 99 43 sunt
1070 199 86 43 res
1107 199 148 43 particula-

736 244 115 44 res.
807 244 101 44 nam
865 244 115 44 iste
937 244 201 44 triangulus
1081 244 172 44 singularis

730 273 209 42 quandoque
891 273 241 42 componetur,
1084 273 80 42 &
1100 273 145 42 habebit

729 317 164 37 angulos
848 317 179 37 aequales
982 317 149 37 duobus
1086 317 164 37 rectis:
1205 317 74 37 &

738 348 154 52 quandoque
857 348 166 52 diuidetur,
988 348 59 52 &
1011 348 107 52 verum
1083 348 71 52 in
1118 348 83 52 eis
1154 348 95 52 euadet

737 387 131 48 falsum
829 387 92 48 per
881 387 92 48 se.
934 387 66 48 &
960 387 105 48 ideo
1026 387 144 48 dicitur
1131 387 105 48 quod
1183 387 66 48 op-

734 422 155 54 positum
847 422 113 54 veri
917 422 85 54 in
960 422 99 54 his
1016 422 99 54 dum
1059 422 183 54 verificatur

742 460 94 53 est
795 460 134 53 falsum
889 460 188 53 possibile.
1037 460 80 53 Ea
1077 460 121 53 vero,
1144 460 107 53 quorum

733 499 212 51 compositio
900 499 106 51 est
960 499 182 51 continua
1096 499 76 51 &
1112 499 136 51 diuisio

739 539 174 39 continua,
872 539 107 39 sunt
939 539 94 39 res
993 539 214 39 vniuersales,
1167 539 80 39 ex
1193 539 54 39 eo

741 575 120 44 quod
816 575 90 44 ad
861 575 195 44 seinuicem
1011 575 240 44 comparantur.
1191 575 60 44 Ex

740 614 96 50 hac
795 614 109 50 ergo
863 614 123 50 parte
945 614 123 50 inest
1027 614 191 50 necessitas
1164 614 68 50 reb

737 652 316 46 transmutabilibus.
1008 652 166 46 exempli
1113 652 136 46 gratia,

737 691 108 40 quod
804 691 135 40 Anguli
898 691 162 40 aequales
1019 691 135 40 duobus
1113 691 135 40 rectis
1194 691 54 40 in

740 726 168 52 quantum
862 726 122 52 sunt
938 726 183 52 aequales
1075 726 153 52 duobus
1167 726 76 52 re-

737 762 142 51 ctis,
832 762 158 51 semper
943 762 237 51 inueniuntur
1117 762 126 51 compo-

738 804 111 51 siti
808 804 97 51 cum
863 804 194 51 trianguio,
1016 804 69 51 &
1044 804 194 51 triangulus
1183 804 69 51 cum

742 839 127 51 sigura.
835 839 58 51 &
858 839 150 51 similiter
973 839 184 51 rationalitas
1111 839 138 51 reperitur,

738 878 79 36 de
777 878 198 36 necessitate
936 878 92 36 cum
989 878 211 36 animalitate,
1161 878 66 36 &
1174 878 79 36 ani-

738 924 160 31 malitas
855 924 102 31 cum
913 924 219 31 nutritione,
1089 924 73 31 &
1103 924 146 31 nutritio

743 955 95 48 cum
798 955 163 48 corpore.
920 955 95 48 sed
975 955 136 48 anguli
1070 955 163 48 aequales
1179 955 68 48 tri

742 988 103 42 bus
801 988 147 42 rectis
904 988 147 42 semper
1006 988 220 42 inuenientur
1168 988 73 42 diu

735 1029 86 51 si
778 1029 71 51 a
806 1029 200 51 trianguio.
963 1029 71 51 &
992 1029 129 51 eodem
1078 1029 129 51 pacto
1149 1029 100 51 ratio

739 1069 149 39 nalitas
848 1069 136 39 semper
943 1069 95 39 est
997 1069 136 39 diuisa
1092 1069 81 39 ab
1133 1069 122 39 asino
1200 1069 41 39 &

732 1103 121 43 equo.
812 1103 81 43 In
852 1103 94 43 his
906 1103 107 43 ergo
973 1103 94 43 non
1027 1103 148 43 accidit
1121 1103 121 43 falsum,

734 1141 99 46 nisi
795 1141 74 46 ex
832 1141 135 46 errore,
931 1141 160 46 videlicet
1054 1141 74 46 vt
1091 1141 148 46 opinetur
1202 1141 74 46 id

737 1181 100 46 quod
799 1181 224 46 estcompositum,
986 1181 100 46 esse
1048 1181 149 46 diuisum,
1160 1181 87 46 aut
1197 1181 50 46 di

738 1216 128 42 uisum
823 1216 213 42 compositum.
993 1216 128 42 Inest
1078 1216 128 42 autem
1149 1216 99 42 actus

738 1254 56 52 &
760 1254 180 52 peropetuitas
907 1254 90 52 his,
963 1254 68 52 ex
997 1254 68 52 eo
1031 1254 90 52 quod
1087 1254 90 52 sunt
1132 1254 113 52 intelli-

740 1296 131 47 gibilia,
839 1296 77 47 non
882 1296 66 47 ex
915 1296 66 47 eo
948 1296 88 47 quod
1003 1296 99 47 sunt.
1069 1296 110 47 aliter
1145 1296 88 47 enim
1189 1296 55 47 vni

730 1330 170 40 uersalia
857 1330 142 40 essent
957 1330 184 40 separata.
1098 1330 71 40 &
1127 1330 99 40 hoc
1169 1330 71 40 non

734 1366 211 45 cognouerunt
903 1366 169 45 ponentes
1030 1366 141 45 ideas.
1128 1366 113 45 sed,
1185 1366 56 45 si

736 1400 152 43 tripuitur
853 1400 82 43 eis
900 1400 105 43 istud
970 1400 94 43 esse
1029 1400 105 43 extra
1087 1400 152 43 intelsecum,

736 1444 110 48 illud
809 1444 98 48 fit,
870 1444 73 48 ex
907 1444 73 48 eo
944 1444 98 48 quod
1005 1444 122 48 habent
1090 1444 159 48 potentiam
1200 1444 49 48 ad

735 1480 113 42 hoc.
805 1480 113 42 nam,
876 1480 85 42 si
918 1480 99 42 non
975 1480 169 42 haberent
1088 1480 155 42 aptiuudi-

736 1517 87 51 nem
785 1517 74 51 ad
822 1517 99 51 hoc,
884 1517 99 51 tunc
946 1517 87 51 id,
996 1517 99 51 quod
1046 1517 198 51 intelligeretur

737 1561 78 47 de
776 1561 104 47 eis,
841 1561 117 47 esset
918 1561 129 47 inane.
1009 1561 65 47 &
1035 1561 168 47 propterea
1151 1561 91 47 verum

735 1596 112 38 dicitur
817 1596 61 38 de
847 1596 102 38 rebus,
919 1596 82 38 quae
970 1596 82 38 sunt
1021 1596 92 38 extra
1082 1596 164 38 intelsecunum
1205 1596 41 38 in

733 1637 99 37 actu
794 1637 161 37 continuo,
918 1637 62 37 &
943 1637 74 37 de
980 1637 87 37 his
1029 1637 148 37 secundum
1141 1637 111 37 prius
1215 1637 62 37 &

732 1676 182 42 posterius,
875 1676 78 42 &,
914 1676 104 42 quia
979 1676 104 42 illa
1045 1676 104 42 sunt
1110 1676 117 42 vera,
1175 1676 78 42 ideo

734 1708 109 51 haec
802 1708 109 51 sunt
870 1708 122 51 vera,
952 1708 81 51 vt
992 1708 95 51 est
1046 1708 81 51 de
1074 1708 176 51 proprietate

733 1742 142 53 rerum,
832 1742 114 53 quae
904 1742 171 53 dicuntur
1032 1742 171 53 secundum
1145 1742 100 53 prius

738 1783 69 52 &
766 1783 194 52 posterius.
919 1783 69 52 &
946 1783 167 52 secundum
1071 1783 111 52 hunc
1141 1783 125 52 modum
1210 1783 42 52 a
