1475 2066
201 149 94 54 sic
254 149 81 54 de
295 149 148 54 omnibus
402 149 255 54 praedicamentis.
617 149 67 54 &
643 149 107 54 tunc

214 190 112 45 vnum
284 190 112 45 erit
353 190 167 45 accidens
479 190 125 45 ipsis
563 190 84 45 de
604 190 98 45 cem
646 190 70 45 pra

208 231 212 52 dicamentis
374 231 106 52 per
435 231 121 52 hoc,
510 231 121 52 quod
586 231 106 52 est
631 231 91 52 quid

208 269 124 45 aliud
291 269 151 45 praeter
401 269 124 45 ipsa,
483 269 151 45 commune
593 269 124 45 tamen
662 269 55 45 om

204 308 130 46 nibus
290 308 145 46 ipsis.
391 308 116 46 Iste
464 308 159 46 equidem
579 308 130 46 sermo
652 308 72 46 est

212 350 84 50 de
254 350 84 50 se
296 350 182 50 manifeste
436 350 154 50 falsus.
547 350 70 50 &
575 350 98 50 hoc
617 350 112 50 appare

212 387 96 39 bit
267 387 83 39 ex
309 387 110 39 his,
377 387 110 39 quae
446 387 110 39 modo
515 387 138 39 dicam,
597 387 124 39 videli-

211 426 75 47 cet
254 426 97 47 quod,
319 426 65 47 si
351 426 86 47 vnum
405 426 129 47 secundum
502 426 205 47 vniuersalitatem
664 426 54 47 di-

216 468 111 44 catur
290 468 186 44 significare
438 468 149 44 accidens
550 468 136 44 commune
636 468 87 44 decem

206 509 259 43 praedicamentis,
424 509 177 43 oportebit
561 509 109 43 ergo
629 509 123 43 ipsum

217 544 211 45 significare
386 544 127 45 illud
470 544 169 45 accidens
582 544 141 45 inhaeren

220 577 155 49 vnicuique
339 577 143 49 ipsorum,
446 577 83 49 vel
494 577 143 49 secundum
589 577 131 49 significa

219 615 124 44 tionem
305 615 161 44 vniuocam,
429 615 86 44 vel
478 615 148 44 secundum
577 615 148 44 conicatio-

216 653 93 51 nem,
275 653 70 51 i,
310 653 93 51 quae
368 653 128 51 dicitur
461 653 140 51 secundum
566 653 105 51 prius
636 653 58 51 &
647 653 82 51 poste

212 692 110 38 rius,
285 692 85 38 vel
334 692 146 38 secundum
444 692 110 38 puram
504 692 220 38 aequiuocationem,

208 731 131 50 Quod
290 731 147 50 autem
388 731 147 50 ipsum
486 731 131 50 vnum
568 731 115 50 non
617 731 115 50 signi

217 767 95 51 ficat
281 767 84 51 res,
333 767 63 51 de
365 767 105 51 quibus
439 767 116 51 dicitur
523 767 126 51 secundum
607 767 116 51 significa

216 804 147 50 tionem
319 804 221 50 aequiuocam,
496 804 103 50 est
540 804 192 50 manifestum:

211 842 109 39 cum
274 842 202 39 aequiuoca
429 842 109 39 non
492 842 171 39 habeant
601 842 125 39 subie-

210 882 115 40 ctum
281 882 215 40 essentiale,
453 882 129 40 neque
539 882 115 40 vnam
596 882 129 40 defini-

209 924 146 48 tionem.
315 924 133 48 Neque:
408 924 120 48 etiam
488 924 146 48 habebit
581 924 146 48 significa

212 956 136 38 tionem
307 956 176 38 vniuocam.
443 956 136 38 falsum
538 956 109 38 enim
606 956 95 38 est
660 956 95 38 in¬

217 997 139 43 ueniri
315 997 84 43 in
356 997 237 43 praedicamento
538 997 181 43 substantiae

216 1033 75 41 &
246 1033 271 41 praedicamentis
471 1033 225 41 accidentium
637 1033 90 41 ali-

219 1069 111 51 quod
288 1069 152 51 geneus,
399 1069 111 51 qnod
468 1069 152 51 dicatur
579 1069 83 51 de
620 1069 97 51 eis
662 1069 69 51 vni

217 1117 119 29 uoce,
296 1117 93 29 cum
349 1117 106 29 sint
416 1117 80 29 in
456 1117 133 29 vltimo
535 1117 186 29 differentiae

212 1148 60 39 &
236 1148 72 39 si
272 1148 84 39 ita
320 1148 120 39 esset,
404 1148 168 39 sequeretur
537 1148 96 39 quod
585 1148 144 39 indiuiduum

218 1184 117 43 illius
300 1184 164 43 accidentis
430 1184 106 43 sensu
500 1184 200 43 perciperetur,
653 1184 70 43 si

215 1221 87 45 cut
264 1221 87 45 sit
314 1221 75 45 in
352 1221 112 45 aliis
426 1221 162 45 praedicam
551 1221 112 45 entis
613 1221 112 45 acciden

221 1260 107 51 tium
288 1260 174 51 habentium
422 1260 121 51 esse.
502 1260 121 51 Nihil
583 1260 107 51 ergo
636 1260 94 51 aliud

220 1302 121 44 restat,
308 1302 88 44 nisi
363 1302 88 44 quod
418 1302 154 44 significet
538 1302 132 44 secundum
637 1302 99 44 prius
692 1302 33 44 &

211 1337 176 51 posterius,
350 1337 88 51 quo
400 1337 101 51 fit,
463 1337 75 51 vt
501 1337 113 51 nihil
576 1337 113 51 aliud
639 1337 88 51 signi

219 1381 120 37 ficet
298 1381 93 37 qua
352 1381 173 37 essentias
471 1381 253 37 praedicamentorum,

222 1420 98 46 cum
278 1420 182 46 huiusmodi
418 1420 224 46 significatio
601 1420 98 46 sit
643 1420 84 46 con-

220 1452 160 49 paratio
337 1452 131 49 eorum
424 1452 131 49 inter
511 1452 203 49 seinuicem:
656 1452 73 49 vel

217 1500 196 30 oportebit
368 1500 181 30 inueniri
504 1500 91 30 in
534 1500 196 30 praedicamen

215 1527 90 46 tis
267 1527 103 46 alia
331 1527 233 46 praedicamenta,
525 1527 65 46 &
551 1527 90 46 sic
603 1527 78 46 in
629 1527 90 46 infi-

215 1566 145 52 nitum:
317 1566 116 52 quod
390 1566 102 52 est
448 1566 160 52 falsum.
564 1566 116 52 Ergo
622 1566 102 52 nihi-

218 1604 115 53 aliud
295 1604 128 53 restat
384 1604 102 53 esse
448 1604 166 53 subiectum
576 1604 128 53 ipsius
653 1604 64 53 vni

219 1649 170 42 absoluti,
350 1649 105 42 quam
415 1649 105 42 vnum
481 1649 157 42 existens
598 1649 78 42 in
624 1649 105 42 quoli-

215 1680 108 42 bet
261 1680 231 42 praedicamento

262 1717 134 54 Contra
355 1717 94 54 hoc
409 1717 121 54 tamen
490 1717 174 54 contingit
610 1717 121 54 dubita-

218 1758 98 52 re,
274 1758 141 52 quonam
373 1758 127 52 pacto
457 1758 155 52 dicimus
569 1758 127 52 vnum,
654 1758 70 52 &
668 1758 56 52 nu

216 1797 138 54 merum
308 1797 123 54 esse
385 1797 92 54 in
431 1797 261 54 praedicamento
631 1797 92 54 quam

741 156 152 46 titatis,
855 156 63 46 &
881 156 76 46 in
919 156 152 46 quolibet
1020 156 228 46 praedicamentorum

744 197 84 46 ita
792 197 95 46 quod
851 197 84 46 sit
899 197 72 46 de
935 197 143 46 ipsismet
1042 197 227 46 praedicamentis,
1221 197 36 46 &

739 236 107 39 non
800 236 122 39 quid
876 236 167 39 additum
998 236 122 39 eis.
1074 236 76 39 &
1104 236 107 39 hic
1150 236 91 39 puta

739 277 94 45 uit
792 277 121 45 Auic.
873 277 107 45 quod
940 277 147 45 oportet
1047 277 107 45 eius
1101 277 147 45 subiectum

744 310 132 45 inesse
836 310 145 45 omnibus
942 310 251 45 praedicamentis.
1153 310 92 45 Sed
1193 310 66 45 res

743 349 98 51 non
799 349 98 51 ita
855 349 84 51 se
897 349 140 51 habet,
995 349 84 51 vt
1037 349 196 51 imaginatus
1177 349 84 51 est.

747 396 153 36 quoniam
859 396 112 36 vnum
928 396 139 36 numero
1026 396 98 36 non
1082 396 98 36 est
1138 396 112 36 idem
1193 396 70 36 na-

743 429 130 37 tura
824 429 114 37 cum
889 429 163 37 aliis,
1003 429 114 37 cum
1069 429 130 37 vnum
1134 429 130 37 numera

745 462 79 45 le
784 462 93 45 sit
837 462 106 45 ipsa
904 462 238 45 indiuidualitas
1102 462 172 45 abstracta
1221 462 40 45 a

744 501 173 52 quantitate
880 501 62 52 &
904 501 173 52 qualitate.
1040 501 62 52 ,
1065 501 87 52 ins
1115 501 87 52 qua
1152 501 111 52 indiui-

745 540 110 39 duum
814 540 96 39 est
869 540 207 39 indiuiduum.
1035 540 96 39 nam
1090 540 96 39 est
1131 540 124 39 indiui-

748 579 95 40 duum
808 579 83 40 per
855 579 131 40 aliquid
950 579 202 40 indiuisibile.
1117 579 131 40 intells
1200 579 60 40 ant

743 616 101 49 est
800 616 101 49 qui
858 616 187 49 abstrahit
1002 616 130 49 ipsum
1088 616 72 49 a
1103 616 158 49 materijs,

744 660 69 39 &
772 660 193 39 determinat
924 660 138 39 ipsum,
1020 660 69 39 &
1048 660 152 39 accipit
1158 660 124 39 ipsum

745 692 215 39 distinctum:
917 692 115 39 quia
988 692 115 39 vnum
1060 692 158 39 numero,
1175 692 72 39 &
1189 692 72 39 vni

748 728 95 42 tas
803 728 177 42 numeralis
939 728 95 42 est
993 728 109 42 quid
1061 728 191 42 fabricatum
1198 728 54 42 ab

746 769 117 42 anima
824 769 78 42 in
863 769 117 42 ipsis
942 769 183 42 indiuiduis
1085 769 144 42 entium.
1190 769 65 42 &
1203 769 52 42 si

744 805 90 50 non
795 805 115 50 esset
872 805 128 50 anima,
962 805 115 50 neque
1039 805 115 50 etiam
1116 805 128 50 vnitas
1193 805 64 50 nu-

743 852 143 31 meralis
847 852 208 31 inueniretur,
1017 852 117 31 neque
1095 852 143 31 numerus
1186 852 65 31 per

746 889 116 33 nitus:
828 889 104 33 cuius
897 889 104 33 tamen
967 889 70 33 re
1002 889 70 33 in
1037 889 162 33 contrarium
1153 889 104 33 accidit

745 918 75 52 in
782 918 113 52 linea
857 918 63 52 &
882 918 188 52 superficie,
1032 918 63 52 &
1057 918 125 52 demumn
1145 918 75 52 in
1170 918 88 52 quan-

742 960 144 35 tirate
842 960 187 35 continua:
986 960 72 35 &
1015 960 115 35 ideo
1087 960 158 35 numerus
1187 960 72 35 est

743 997 237 38 immaterialior.
941 997 145 38 Auicem.
1046 997 119 38 tamen
1112 997 145 38 admiscuit

738 1036 127 46 secum
823 1036 156 46 naturam
936 1036 141 46 ipsius
1035 1036 141 46 vnius,
1134 1036 113 46 quod
1190 1036 71 46 est

741 1071 204 51 principium
902 1071 146 51 numeri
1004 1071 102 51 cum
1062 1071 102 51 vno
1106 1071 146 51 absoluto

750 1109 99 38 quod
812 1109 87 38 est
861 1109 136 38 commune
960 1109 136 38 omnibus
1047 1109 211 38 praedicamentis,

747 1148 93 47 sed
800 1148 107 47 quia
867 1148 120 47 illud
947 1148 120 47 vnum,
1026 1148 107 47 quid
1093 1148 93 47 est
1133 1148 120 47 princi-

745 1188 114 45 pium
816 1188 157 45 numeri,
930 1188 100 45 est
988 1188 186 45 accidens,
1130 1188 114 45 ideo
1188 1188 71 45 pu-

742 1232 124 40 tauit,
828 1232 99 40 quod
891 1232 99 40 vnum
953 1232 174 40 absolutum,
1089 1232 99 40 quod
1151 1232 87 40 est
1189 1232 74 40 syno

744 1269 125 31 nymum
827 1269 111 31 ipsi
897 1269 125 31 enti,
980 1269 97 31 sit
1036 1269 181 31 accidens.
1175 1269 69 31 &
1189 1269 69 31 cum

747 1300 95 38 hoc
802 1300 149 38 conatur
910 1300 135 38 ponere
1005 1300 162 38 numerum,
1127 1300 95 38 ita
1181 1300 81 38 se
1208 1300 54 38 ha

744 1336 110 42 bere,
817 1336 73 42 vt
854 1336 73 42 se
891 1336 110 42 habet
964 1336 110 42 linea
1038 1336 61 42 &
1062 1336 196 42 superficies,
1209 1336 49 42 vi

746 1378 153 40 delicet
857 1378 111 40 quod
927 1378 139 40 habeat
1024 1378 153 40 quandam
1122 1378 139 40 naturam,

744 1411 61 52 &
768 1411 74 52 si
805 1411 86 52 non
854 1411 172 52 reperiatur
989 1411 123 52 anima:
1075 1411 98 52 adeo
1136 1411 98 52 quod
1185 1411 74 52 fuit

744 1452 146 46 coactus
850 1452 133 46 ponere
943 1452 80 46 in
983 1452 239 46 praedicamentis
1168 1452 80 46 quod

751 1489 102 41 dam
810 1489 117 41 esse
883 1489 161 41 additum
985 1489 73 41 eis

782 1532 92 47 Si
828 1532 123 47 ergo
905 1532 154 47 natura
1013 1532 139 47 vnius
1105 1532 169 47 numero,
1213 1532 46 47 &

747 1571 115 44 ipsius
828 1571 115 44 numeri
909 1571 104 44 talis
978 1571 92 44 est,
1036 1571 138 44 sequitur
1140 1571 92 44 quod
1186 1571 69 44 pri-

741 1613 105 41 mum
801 1613 150 41 metrum
906 1613 150 41 natura
1010 1613 135 41 inest
1100 1613 120 41 ipsi
1160 1613 90 41 nume

743 1653 113 30 ro:
808 1653 130 30 quod
889 1653 162 30 quidem
1002 1653 113 30 est
1067 1653 146 30 ipsum
1148 1653 97 30 vnum

737 1682 163 51 aliorum
856 1682 118 51 vero
930 1682 163 51 generum
1048 1682 133 51 metra
1137 1682 118 51 sunt
1196 1682 59 51 ex

740 1724 218 44 positione:
911 1724 78 44 &
943 1724 124 44 ideo
1020 1724 202 44 computus,
1176 1724 78 44 &
1191 1724 78 44 men

746 1758 119 44 sura
821 1758 134 44 inest
910 1758 104 44 eis
969 1758 179 44 mediante
1103 1758 164 44 numero.
1222 1758 74 44 &

744 1796 196 46 secundum
891 1796 131 46 hunc
972 1796 147 46 modum
1054 1796 212 46 accipiuntur
