1475 2066
194 166 150 45 habeat
299 166 120 45 haec
374 166 105 45 duo
434 166 210 45 contraria,
599 166 105 45 cum
644 166 75 45 con

206 206 176 37 trarium
334 206 160 37 habeat
446 206 128 37 vnum
510 206 208 37 contrarium,

208 244 110 46 Item
277 244 151 46 aequale
387 244 151 46 existit
497 244 124 46 inter
580 244 138 46 magnum
676 244 69 46 &

204 275 147 47 paruum:
311 275 188 47 contrarium
458 275 121 47 autem
539 275 94 47 non
592 275 94 47 est
646 275 94 47 in¬

213 316 94 38 ter,
272 316 82 38 sed
319 316 70 38 id
354 316 94 38 quod
412 316 82 38 est
459 316 117 38 inter,
541 316 82 38 est
587 316 105 38 inter
646 316 70 38 con-

211 351 128 43 traria.
304 351 81 43 Hoc
351 351 105 43 tamen
421 351 128 43 dubium,
513 351 139 43 soluitur
618 351 81 43 per
653 351 58 43 hoc

206 397 112 45 quod
276 397 153 45 aequale
387 397 181 45 opponitur
527 397 126 45 magno
610 397 70 45 &
624 397 98 45 paruo

204 436 84 42 per
252 436 168 42 inaequale,
384 436 60 42 &
408 436 108 42 talis
481 436 84 42 est
529 436 168 42 oppositio,
649 436 72 42 quae

210 468 137 38 inter
301 468 244 38 priuationem:
499 468 76 38 &
515 468 152 38 habitum.

380 501 185 51 Tpostquam
522 501 185 51 tractatum
650 501 71 51 est

383 541 81 44 de
423 541 108 44 vno,
490 541 67 44 &
517 541 81 44 de
558 541 108 44 eius
611 541 108 44 conse-

379 580 198 47 quentibus,
535 580 156 47 expedit
648 580 99 47 mo¬

366 618 83 50 do
408 618 167 50 rractare
533 618 83 50 de
574 618 111 50 fine
630 618 83 50 qua-

211 653 107 45 tuor
277 653 174 45 causarum,
411 653 107 45 quae
478 653 107 45 sunt
544 653 160 45 materia,
651 653 67 45 est

212 701 134 40 ciens,
306 701 134 40 forma,
400 701 67 40 &
426 701 134 40 finis.
521 701 94 40 Hoc
574 701 134 40 nanque
655 701 67 40 con

208 733 109 37 fert
277 733 82 37 ad
318 733 96 37 id,
372 733 109 37 quod
441 733 191 37 quaerimus,
577 733 137 37 videlice

202 772 204 39 inuestigare
366 772 191 39 principium
516 772 218 39 substantiae,
679 772 41 39 &

200 810 86 50 ad
243 810 143 50 magnam
343 810 143 50 partem
443 810 129 50 rerum
514 810 200 50 praedictarum

210 844 69 38 &
238 844 110 38 ideo
306 844 151 38 Aristo.
416 844 165 38 incoepit
540 844 165 38 exordiri
649 844 69 38 hoc

210 885 70 37 in
245 885 105 37 primo
315 885 105 37 libro
385 885 105 37 huius
455 885 163 37 scientiae,
584 885 58 37 &
607 885 82 37 est
642 885 70 37 libe

205 920 205 55 designatus
366 920 102 55 per
425 920 73 55 A
454 920 161 55 paruum.
571 920 102 55 quo
615 920 102 55 facto

211 959 179 50 perficietur
354 959 107 50 prima
425 959 95 50 pars
485 959 107 50 huius
556 959 155 50 scientiae
663 959 60 50 cum

202 997 150 50 auxilio
311 997 109 50 Dei.
379 997 82 50 Et
420 997 150 50 dicamus
529 997 122 50 quod,
610 997 82 50 si
637 997 82 50 pona

210 1036 94 51 mus
263 1036 121 51 plura
344 1036 148 51 causata
452 1036 108 51 quam
520 1036 108 51 duo,
587 1036 108 51 fiue
641 1036 81 51 sint

214 1076 117 46 tria,
292 1076 104 46 siue
356 1076 129 46 plura,
447 1076 91 46 aut
499 1076 142 46 ponamus
602 1076 104 46 ipsa
654 1076 65 46 fi-

202 1110 109 44 nita
271 1110 150 44 numero,
380 1110 177 44 apparebit
516 1110 82 44 in
557 1110 96 44 eis
598 1110 123 44 triplex

210 1156 105 46 genus
280 1156 140 46 scilicet
385 1156 174 46 principium,
524 1156 128 46 medium,
617 1156 58 46 &
629 1156 93 46 finis.

205 1189 90 44 Et
250 1189 225 44 vnunquodque
430 1189 165 44 istorum
550 1189 135 44 habet
625 1189 90 44 quid

204 1224 104 42 sibi
269 1224 169 42 proprium.
399 1224 91 42 nam
451 1224 143 42 vltimi.
554 1224 156 42 proprium
658 1224 65 42 est

203 1262 93 42 non
256 1262 106 42 esse
322 1262 119 42 causa
401 1262 159 42 alicuius
520 1262 106 42 rei:
587 1262 119 42 medij
653 1262 66 42 ve-

195 1300 82 50 ro
236 1300 110 50 esse
305 1300 165 50 causatum
429 1300 69 50 a
456 1300 137 50 primo:
552 1300 69 50 &
580 1300 124 50 causa
648 1300 69 50 vlt

211 1341 89 48 mi,
262 1341 102 48 siue
326 1341 114 48 ponas
402 1341 127 48 illud.
491 1341 140 48 medium:
593 1341 114 48 vnum,
656 1341 64 48 aut

213 1381 113 43 multa
289 1381 125 43 finita
376 1381 88 43 vel
426 1381 163 43 infinita.
551 1381 113 43 IHaec
614 1381 100 43 namque

209 1414 104 54 est
268 1414 148 54 dispoe
372 1414 133 54 medif
461 1414 193 54 inquantum
609 1414 104 54 est
654 1414 59 54 me

213 1452 101 44 dium,
280 1452 79 44 non
325 1452 146 44 inquantum
438 1452 79 44 est
483 1452 90 44 tale
539 1452 113 44 medium
607 1452 113 44 scilicet

210 1492 148 51 finitum
317 1492 94 51 aut
371 1492 188 51 infinitum.
519 1492 162 51 proprium
627 1492 94 51 autem

207 1531 114 47 primi
283 1531 89 47 est
334 1531 101 47 quod
397 1531 89 47 sit
448 1531 127 47 causa,
537 1531 63 47 &
562 1531 89 47 non
600 1531 114 47 causare

210 1569 80 52 ab
250 1569 134 52 aliquo
344 1569 134 52 omnino
437 1569 174 52 inquantum
572 1569 94 52 est
612 1569 107 52 causa-

212 1605 91 53 ita
264 1605 104 53 quod
329 1605 104 53 esse
393 1605 104 53 eius
458 1605 78 53 vt
497 1605 129 53 opponi
588 1605 142 53 vltimo,
678 1605 39 53 &

207 1646 148 37 medium
311 1646 104 37 est
370 1646 148 37 veluti
474 1646 148 37 mixtum
578 1646 134 37 inter
653 1646 59 37 ex

205 1684 126 39 trema.
293 1684 63 39 &
318 1684 113 39 totum
394 1684 88 39 hoc
444 1684 88 39 est
494 1684 75 39 de
532 1684 75 39 se
557 1684 163 39 manifestunm

228 1725 115 46 Quod
300 1725 87 46 si
343 1725 159 46 ponamus
458 1725 159 46 aliquas
574 1725 144 46 causas
660 1725 58 46 in

202 1765 149 37 finitas
311 1765 162 37 alicuius
433 1765 149 37 causati
541 1765 149 37 vltimi,
636 1765 81 37 pone

208 1800 119 43 remus
287 1800 119 43 media
366 1800 172 43 infinita,
498 1800 92 43 sed
551 1800 106 43 ipsa
617 1800 132 43 media,

724 165 207 38 inquantum
883 165 127 38 funt
963 165 159 38 media,
1074 165 95 38 vt
1106 165 159 38 diximus,

731 205 101 48 siue
795 205 126 48 finita
883 205 101 48 siue
946 205 164 48 infinita,
1072 205 152 48 indigent
1173 205 76 48 pri-

737 245 91 37 ma
782 245 152 37 causa,
889 245 197 37 inquantum
1040 245 121 37 sunt
1101 245 152 37 eausata.

733 278 121 49 aliter
818 278 97 49 enim
878 278 121 49 posset
963 278 97 49 dari
1023 278 145 49 causatum
1132 278 97 49 sine
1180 278 73 49 caus

727 317 100 37 sed,
790 317 75 37 si
828 317 138 37 ponamus
928 317 163 37 huiusmodi
1054 317 113 37 media
1129 317 100 37 esse
1192 317 75 37 in

738 356 144 38 finita,
843 356 183 38 deueniemus
987 356 79 38 in
1013 356 236 38 contradictionem:

738 394 114 47 quia
809 394 199 47 necessario
965 394 128 47 media
1050 394 142 47 habent
1135 394 114 47 primam

738 428 100 51 cam.
801 428 100 51 sed,
864 428 75 51 si
902 428 151 51 ponantur
1015 428 163 51 infinita,
1140 428 100 51 tunc
1190 428 63 51 non

736 468 135 38 dabitur
834 468 110 38 causa
907 468 122 38 prima.
993 468 98 38 Item
1054 468 184 38 impossibile
1189 468 61 38 est

729 498 175 48 inueniti
861 498 146 48 medium
963 498 117 48 sine
1036 498 146 48 duobus
1138 498 131 48 extre

741 542 88 44 mis.
796 542 77 44 Nam
840 542 144 44 huiusmodi
951 542 121 44 positio
1039 542 77 44 est
1083 542 121 44 similis
1161 542 88 44 illis,

740 581 106 49 quae
806 581 172 49 sibiipsis
938 581 225 49 contradicunt,
1123 581 79 49 vt
1163 581 92 49 qui
1202 581 53 49 po

735 619 104 39 nunt
800 619 170 39 infinitum
931 619 78 39 in
970 619 117 39 actu.
1048 619 78 39 in
1087 619 117 39 libro
1153 619 91 39 autem

734 653 174 45 Elenchorum
870 653 87 45 iam
920 653 99 45 fuit
982 653 149 45 ostensum
1094 653 99 45 quod
1144 653 99 45 talira

740 693 157 53 dicuntur
858 693 92 53 non
910 693 197 53 petitiones,
1068 693 105 53 sed,
1133 693 118 53 plogi
1199 693 52 53 ad

736 733 247 37 destructionem
940 733 218 37 positionis.
1114 733 87 37 Et
1143 733 102 37 licet

733 770 161 40 huiusmodi
857 770 174 40 declaratio
993 770 149 40 videatur
1105 770 112 40 magis
1167 770 74 40 pro-

734 806 110 48 pria
803 806 110 48 ipsi
872 806 137 48 agenti
968 806 69 48 &
995 806 165 48 mouenti,
1105 806 137 48 nihlomis

738 844 84 54 nus
786 844 120 54 potest
870 844 96 54 esse
929 844 108 54 etiam
1001 844 143 54 communis
1109 844 72 54 ad
1132 844 108 54 declara

738 885 147 37 tionem
841 885 132 37 finis
929 885 176 37 causarum
1062 885 176 37 quatuor.
1179 885 74 37 Con

731 924 207 38 uenientius
894 924 133 38 tamen
982 924 103 38 est
1041 924 192 38 declarare
1174 924 74 38 hoc

729 961 95 49 in
777 961 206 49 vnaquaque
935 961 222 49 reliquarum
1094 961 158 49 causarum

736 998 125 51 iuxta
819 998 97 51 id,
875 998 111 51 quod
944 998 97 51 est
999 998 111 51 sibi
1068 998 180 51 proprium,
1207 998 69 51 &

732 1037 208 37 incipiamus
895 1037 74 37 a
925 1037 133 37 causa
999 1037 178 37 materiali.

771 1072 76 42 Et
809 1072 139 42 dicamus
911 1072 101 42 quod
974 1072 139 42 aliquid
1076 1072 114 42 fieri
1152 1072 76 42 ex
1177 1072 76 42 ali-

739 1110 80 45 quo
784 1110 252 45 diciturdupliciter.
1002 1110 80 45 Vno
1047 1110 103 45 modo,
1116 1110 103 45 sicut
1173 1110 80 45 dici-

738 1151 100 43 mus
795 1151 129 43 aquam
881 1151 171 43 generari
1009 1151 86 43 ex
1052 1151 129 43 aere,
1138 1151 71 43 &
1152 1151 100 43 aerem

738 1196 86 44 ex
781 1196 129 44 aqua:
866 1196 71 44 &
895 1196 129 44 album
981 1196 86 44 ex
1023 1196 143 44 nigro,
1123 1196 71 44 &
1138 1196 114 44 nigrum

736 1225 75 42 ex
773 1225 112 42 albo.
848 1225 75 42 Et
885 1225 100 42 haec
947 1225 137 42 dictio,
1047 1225 87 42 ex,
1097 1225 75 42 in
1134 1225 87 42 hoc
1171 1225 75 42 loco

730 1269 78 48 re
769 1269 104 48 vera
834 1269 182 48 significat
977 1269 117 48 post.
1054 1269 91 48 nam
1106 1269 91 48 id,
1158 1269 78 48 ex
1184 1269 65 48 quo

737 1301 92 53 sit
789 1301 105 53 vere
855 1301 144 53 gnatio,
960 1301 92 53 est
1012 1301 170 53 fubiectum
1143 1301 118 53 aquae
1209 1301 39 53 &

737 1349 135 43 aeris,
832 1349 68 43 &
859 1349 122 43 albi,
940 1349 122 43 atque
1021 1349 135 43 nigri:
1116 1349 95 43 non
1156 1349 95 43 forma

734 1379 116 50 aqua,
812 1379 116 50 neque
889 1379 116 50 forma
967 1379 129 50 aeris,
1057 1379 129 50 neques
1135 1379 116 50 albedo,

729 1415 133 44 ipsa,
818 1415 104 44 aut
877 1415 178 44 nigredo:
1010 1415 118 44 immo
1084 1415 133 44 forma
1158 1415 89 44 ipsi

738 1453 126 45 aquae
822 1453 168 45 discedit
948 1453 70 45 a
976 1453 182 45 subiecto,
1116 1453 70 45 &
1130 1453 126 45 accedit

736 1492 98 47 vice
797 1492 122 47 ipsius
882 1492 110 47 forma
956 1492 122 47 aeris.
1041 1492 61 47 &
1066 1492 147 47 secundum
1176 1492 98 47 hunc

736 1532 108 41 modum
808 1532 181 41 impossibile
953 1532 84 41 est
1001 1532 96 41 quod
1061 1532 157 41 praecedat
1182 1532 84 41 id,
1218 1532 36 41 a

736 1573 89 45 quo
787 1573 89 45 sit
838 1573 177 45 generatio,
977 1573 76 45 ad
1015 1573 76 45 id
1053 1573 101 45 quod
1103 1573 152 45 generatur.

743 1605 117 44 Neque
821 1605 117 44 datur
898 1605 91 44 hic
950 1605 168 44 processus
1080 1605 78 44 in
1106 1605 142 44 infinitum

738 1645 86 53 per
787 1645 86 53 se:
836 1645 99 53 quia
898 1645 111 53 forma
972 1645 111 53 aquae
1046 1645 86 53 non
1095 1645 123 53 potest
1169 1645 86 53 imagi

739 1683 105 51 nari
805 1683 118 51 prior
883 1683 79 51 ad
923 1683 131 51 formam
1015 1683 131 51 aeris,
1107 1683 118 51 neque
1172 1683 79 51 for-

742 1724 76 47 ma
780 1724 114 47 aeris
857 1724 76 47 ad
895 1724 127 47 formam
984 1724 127 47 aquae:
1073 1724 102 47 inmo
1124 1724 127 47 vtraeque

739 1763 120 39 simul
818 1763 106 39 sunt
885 1763 80 39 in
925 1763 120 39 eodem
1005 1763 133 39 gradu,
1098 1763 66 39 &
1111 1763 146 39 subiectum

736 1797 151 53 amborum
846 1797 96 53 est
901 1797 123 53 idem,
983 1797 69 53 &
1010 1797 178 53 vtriusque
1134 1797 123 53 istorum
