1475 2066
187 156 192 46 propter,
331 156 96 46 si
379 156 144 46 detur
476 156 176 46 vltimum
588 156 128 46 mouens

200 204 151 47 vniuersi,
317 204 93 47 quod
375 204 151 47 quandoque
492 204 128 47 moueat,
573 204 140 47 quandoqued

201 239 108 50 non,
268 239 162 50 sequetur
389 239 188 50 necessario
537 239 108 50 quod
591 239 121 50 dabitur

199 279 118 52 aliud
278 279 144 52 mouens,
383 279 118 52 prius
462 279 118 52 illo,
540 279 66 52 &
567 279 92 52 non
619 279 105 52 erit
672 279 39 52 i

197 319 111 47 lud
260 319 158 47 primum
371 319 174 47 mouens:
498 319 79 47 &
529 319 95 47 si
561 319 158 47 ponatur,

203 360 140 47 iterum:
305 360 115 47 illud
382 360 153 47 secundum
496 360 178 47 quandoques
624 360 89 47 moue-

204 397 82 45 re
245 397 178 45 quandoque
382 397 110 45 non,
451 397 164 45 sequetur
574 397 110 45 idem
629 397 82 45 quid

199 432 74 51 a
229 432 147 51 primo.
332 432 206 51 Necessario
493 432 118 51 ergo
567 432 103 51 vel
611 432 103 51 proce

205 469 125 50 detur
288 469 83 50 in
330 469 194 50 infinitum,
483 469 97 50 vel
538 469 97 50 est
580 469 139 50 ponendum

196 509 147 45 vnum
287 509 184 45 mouens
416 509 220 45 immobile
563 509 147 45 omnino

205 555 119 31 cuius
284 555 133 31 natura
377 555 93 31 est
430 555 80 31 vt
470 555 93 31 non
523 555 173 31 moueatur,
643 555 66 31 neo

207 587 87 47 que
256 587 87 47 per
306 587 87 47 se,
356 587 125 47 neques
443 587 87 47 per
493 587 162 47 accidens:
617 587 87 47 quo
655 587 62 47 fit

204 620 81 38 vt
244 620 108 38 tale
311 620 135 38 mouens
405 620 94 38 sit
459 620 162 38 aeternum
580 620 81 38 de
607 620 108 38 neces-

196 660 172 51 sitate,
321 660 78 51 &
353 660 156 51 mobile
462 660 125 51 quod
540 660 172 51 mouetur
650 660 63 51 ab

206 696 90 47 eo,
257 696 90 47 sit
309 696 141 47 quoques
411 696 141 47 aeterni
514 696 128 47 motus.
604 696 103 47 Nam,
655 696 64 47 si-

199 737 149 42 aliquo
303 737 164 42 tempore
422 737 134 42 esset
512 737 149 42 mobile
616 737 89 42 in
645 737 60 42 po

202 781 142 42 tentia
301 781 85 42 ab
344 781 113 42 ipso
414 781 142 42 motore
514 781 170 42 aeterno,
627 781 85 42 tunc

206 817 165 33 daretur
326 817 90 33 de
371 817 225 33 necessitate
550 817 120 33 vnus
610 817 105 33 motor

197 852 132 47 prior
285 852 146 47 motore
388 852 176 47 aeterno:
520 852 205 47 quapropter
666 852 44 47 i

204 889 91 41 lud
256 889 144 41 mouens,
361 889 117 41 cuius
439 889 104 41 esse
504 889 131 41 fuitur
582 889 131 41 probatum

200 926 97 37 in
248 926 177 37 Secundo
377 926 145 37 libro
474 926 97 37 de
506 926 209 37 Generatione

205 964 204 38 animalium,
366 964 102 38 non
424 964 131 38 esset
511 964 204 38 sufficiens
657 964 58 38 ad

195 1011 208 31 mouendum
351 1011 191 31 praeter
490 1011 191 31 motorem
611 1011 104 31 vni-

207 1037 126 53 uersi.
296 1037 88 53 Et,
346 1037 88 53 cum
397 1037 126 53 fuerit
485 1037 151 53 ostensum
598 1037 101 53 quod
649 1037 63 53 dam

208 1080 100 46 tur
265 1080 129 46 motus
351 1080 186 46 aeternus:
494 1080 100 46 sed
551 1080 100 46 cum
594 1080 114 46 impos-

199 1118 126 36 sibile
288 1118 101 36 sit,
351 1118 101 36 quod
414 1118 177 36 inueniatur
553 1118 139 36 aliquis
642 1118 63 36 mot

206 1157 165 38 aeternus
330 1157 151 38 praeter
440 1157 151 38 localem
536 1157 178 38 circularem,

202 1192 81 42 vt
243 1192 81 42 in
284 1192 162 42 scientia
405 1192 162 42 Naturali
527 1192 108 42 fuit
581 1192 122 42 declara

207 1236 106 46 tum:
273 1236 159 46 sequitur
392 1236 132 46 igitur
484 1236 172 46 manifeste
616 1236 79 46 ex
643 1236 66 46 hoc

204 1269 98 47 quod
265 1269 110 47 datur
338 1269 110 47 motus
412 1269 134 47 localis
509 1269 159 47 aeternus.
631 1269 86 47 sed
668 1269 49 47 ni

190 1308 89 46 hil
241 1308 178 46 percipitur
381 1308 115 46 sensu
458 1308 89 46 ita
508 1308 76 46 se
547 1308 127 46 habere
623 1308 89 46 prae-

205 1342 102 43 ter
264 1342 131 43 motum
351 1342 174 43 corporis
481 1342 203 43 coelestis:
626 1342 73 43 mot

209 1384 119 43 igitur
292 1384 107 43 huius
364 1384 143 43 corporis
471 1384 155 43 coelestis
590 1384 71 43 et
614 1384 95 43 aeter-

196 1420 116 46 nus,
268 1420 73 46 &
297 1420 116 46 eius
370 1420 131 46 motor
457 1420 102 46 est
515 1420 131 46 motor
587 1420 116 46 aetern

204 1456 130 42 cuius
290 1456 115 42 esse
362 1456 115 42 fuit
420 1456 158 42 probatum.

244 1496 113 43 Adhuc
320 1496 175 43 ostenditur
457 1496 100 43 quod
520 1496 163 43 inuenitur
645 1496 88 43 mo

204 1541 99 37 tus
260 1541 170 37 aeternus
388 1541 184 37 continuus
529 1541 156 37 ratione
628 1541 85 37 tem-

198 1580 145 44 poris.
299 1580 101 44 Nam
357 1580 145 44 tempus
458 1580 101 44 (vt
516 1580 116 44 fuit
574 1580 130 44 declara

198 1609 127 49 tum)
278 1609 111 49 est
341 1609 127 49 vnum
421 1609 95 49 ex
453 1609 254 49 consequentibus

198 1648 145 54 ipsius
300 1648 145 54 motus,
402 1648 73 54 &
431 1648 102 54 non
489 1648 145 54 potest
576 1648 131 54 genera,

209 1686 72 44 ri
245 1686 72 44 ab
281 1686 131 44 aliquo,
376 1686 107 44 etiam
448 1686 72 44 si
483 1686 107 44 illud
555 1686 83 44 sit
603 1686 72 44 in
627 1686 83 44 vlti-

201 1732 90 43 mo
246 1732 180 43 roboris,
381 1732 120 43 quia
456 1732 90 43 si
501 1732 165 43 ponamus
606 1732 105 43 ipsum

206 1762 119 40 esse
280 1762 208 40 generatum:
444 1762 119 40 ergo
518 1762 104 40 est
563 1762 148 40 postquam

202 1805 94 37 non
255 1805 121 37 erat,
336 1805 67 37 &
363 1805 94 37 non
417 1805 108 37 erat
485 1805 162 37 antequam
606 1805 135 37 esset:

734 165 92 45 sed
786 165 118 45 ante,
865 165 66 45 &
892 165 105 45 post
957 165 105 45 sunt
1023 165 105 45 duo.
1089 165 132 45 nomnia
1181 165 105 45 par.
1234 165 39 45 2

726 205 120 51 tium
801 205 194 51 temporis:
950 205 120 51 ergo
1025 205 149 51 tempus
1129 205 105 51 est
1174 205 75 51 an-

737 241 134 42 tequam
830 241 107 42 sit.
897 241 120 42 Item,
977 241 80 42 si
1018 241 134 42 tempus
1111 241 120 42 esset
1178 241 67 42 ge-

736 280 143 49 neratum,
843 280 179 49 inueniretur
987 280 131 49 instans
1082 280 155 49 praesens,
1189 280 60 49 an-

736 318 83 51 te
778 318 110 51 quod
846 318 96 51 non
901 318 110 51 erit
970 318 138 51 tempus
1053 318 193 51 praeteritum:

733 359 94 43 sed
786 359 202 43 impossibile
948 359 94 43 est
1002 359 175 43 imaginari
1124 359 121 43 instans

737 393 166 49 praesens,
865 393 76 49 in
903 393 102 49 actu
967 393 127 49 stans,
1056 393 102 49 quod
1120 393 89 49 non
1158 393 89 49 prae-

734 431 176 52 cesserit
866 431 147 52 tempus
969 431 235 52 praeteritum:
1145 431 103 52 longe

733 469 132 39 minus
821 469 161 39 poterit
938 469 102 39 hoc
997 469 249 39 compraehendi,
1187 469 58 39 si

732 509 127 49 tempus
821 509 102 49 vere
885 509 191 49 imaginetur.
1038 509 114 49 bFene
1114 509 114 49 tamen
1177 509 64 49 po-

726 545 164 53 terimus
846 545 90 53 in
890 545 105 53 hoc
950 545 164 53 errare,
1070 545 90 53 si
1100 545 134 53 imagine

729 587 100 39 mur
786 587 143 39 tempus
886 587 242 39 repraesentare
1085 587 143 39 linea.
1171 587 71 39 Nam

731 621 102 48 cum
790 621 132 48 linea
878 621 146 48 habeat
980 621 219 48 positionem,
1155 621 73 48 &
1170 621 73 48 sit

728 660 75 40 in
765 660 112 40 actu,
840 660 137 40 necesse
940 660 87 40 est
990 660 112 40 ipsam
1064 660 100 40 esse
1114 660 125 40 finitam,

729 700 116 39 tanto
806 700 116 39 magis
884 700 142 39 poterit
987 700 142 39 concipi
1090 700 116 39 finis
1155 700 77 39 eius

730 734 77 53 &
760 734 93 53 si
807 734 108 53 hoc
869 734 124 53 modo
946 734 154 53 quoque
1038 734 201 53 compraehen-

732 772 128 46 damus
817 772 157 46 tempus,
931 772 143 46 veluti
1031 772 143 46 lineam
1117 772 128 46 rectam,

732 813 208 51 impossibile
899 813 111 51 erit
968 813 125 51 ipsum
1052 813 153 51 priuari
1149 813 97 51 fine-

736 849 65 41 &
762 849 78 41 is
801 849 117 41 modus
879 849 143 41 erroris
983 849 91 41 est
1035 849 78 41 ex
1074 849 117 41 locis
1139 849 104 41 sophi-

733 893 128 36 sticis
823 893 90 36 per
874 893 103 36 loca
939 893 231 36 translationis,
1131 893 64 36 &
1144 893 103 36 permu-

733 932 175 44 tationis,
867 932 81 44 i.
908 932 81 44 in
948 932 135 44 quibus
1043 932 175 44 accipitur
1164 932 81 44 vnum

732 964 102 50 pro
791 964 131 50 alio.
878 964 88 50 Et
922 964 102 50 iam
980 964 204 50 Alfarabius
1126 964 117 50 sermo-

732 999 110 44 nem
795 999 141 44 fecit
889 999 157 44 longum
999 999 94 44 de
1045 999 110 44 hoc
1108 999 94 44 in
1139 999 110 44 libro

729 1038 91 44 de
774 1038 167 44 entibus
896 1038 319 44 transmutabilibus.
1154 1038 91 44 Qua-

735 1084 158 41 propter,
853 1084 79 41 si
893 1084 132 41 tempus
985 1084 92 41 est
1037 1084 171 41 continuum
1156 1084 92 41 aeter

736 1116 109 50 num,
805 1116 82 50 vt
845 1116 164 50 apparet,
968 1116 109 50 ergo
1036 1116 82 50 de
1064 1116 177 50 necessitate

726 1154 219 40 insequitur
898 1154 141 40 motum
992 1154 188 40 aeternum
1117 1154 125 40 conti-

728 1197 117 38 nuum
802 1197 73 38 &
831 1197 132 38 vnum:
919 1197 161 38 quoniam
1037 1197 117 38 vnus
1110 1197 132 38 motus
1183 1197 59 38 re

731 1229 100 52 vera
794 1229 100 52 est,
857 1229 88 52 qui
907 1229 88 52 est
957 1229 175 52 continuus.
1095 1229 75 52 Et
1132 1229 75 52 si
1157 1229 88 52 datur

730 1269 125 44 motus
814 1269 181 44 aeternus,
953 1269 195 44 necessario
1106 1269 139 44 quoque
1189 1269 56 44 da

733 1305 96 42 tur
788 1305 124 42 motor
871 1305 165 42 aeternus
995 1305 124 42 vnus,
1078 1305 110 42 nam,
1147 1305 83 42 si
1174 1305 69 42 est

726 1342 109 44 sent
794 1342 136 44 multi,
889 1342 95 44 non
944 1342 122 44 esset
1025 1342 109 44 vnus
1093 1342 122 44 motus
1161 1342 81 44 con-

725 1389 169 34 tinuus.
848 1389 123 34 Quod
924 1389 138 34 autem
1017 1389 123 34 iste
1093 1389 138 34 motor
1170 1389 77 34 sit

727 1420 209 52 immaterialis
897 1420 144 52 apparet
1002 1420 78 52 ex
1041 1420 105 52 hoc,
1106 1420 105 52 quod
1159 1420 78 52 eius

733 1465 121 34 motio
813 1465 94 34 est
867 1465 80 34 in
907 1465 188 34 infinitum:
1054 1465 67 34 &
1081 1465 107 34 omne
1135 1465 107 34 mouens

735 1495 161 43 existens
855 1495 80 43 in
895 1495 147 43 materia
1003 1495 80 43 de
1043 1495 201 43 necessitate
1190 1495 54 43 ha

735 1533 90 54 bet
787 1533 206 54 quantitatem,
954 1533 77 54 ac
992 1533 77 54 si
1031 1533 116 54 dicas
1108 1533 103 54 quod
1159 1533 90 54 habet

736 1572 148 50 corpus:
843 1572 67 50 &
870 1572 175 50 quaelibet
1005 1572 162 50 potentia
1112 1572 135 50 existens

727 1613 77 38 in
766 1613 192 38 quantitate,
919 1613 90 38 est
970 1613 192 38 diuisibilis
1124 1613 77 38 ad
1149 1613 90 38 diui-

734 1649 126 42 sionem
823 1649 202 42 quantitaris,
987 1649 63 42 &
1012 1649 177 42 insequitur
1138 1649 101 42 ipsam,

733 1688 94 52 quo
786 1688 81 52 ad
827 1688 175 52 finitatem
961 1688 67 52 &
988 1688 215 52 infinitatem,
1162 1688 81 52 vt
1189 1688 54 52 in

732 1724 147 49 scientia
842 1724 147 49 Naturali
953 1724 98 49 fuit
1014 1724 159 49 ostensum:
1137 1724 98 49 siue
1186 1724 61 49 po-

732 1759 98 44 nas
788 1759 126 44 talem
872 1759 168 44 virtutem
997 1759 168 44 extensam
1123 1759 84 44 in
1151 1759 84 44 cor-

732 1799 106 51 pus,
798 1799 66 51 &
824 1799 145 51 innatam
930 1799 119 51 sibi,
1009 1799 79 51 vt
1048 1799 119 51 calor
1127 1799 79 51 in
1154 1799 79 51 igne
