1475 2066
195 156 67 54 &
221 156 187 54 frigiditas
368 156 80 54 in
408 156 120 54 aqua:
488 156 107 54 siue
555 156 133 54 habeat
635 156 80 54 ali-

209 200 107 45 quam
276 200 228 45 dependentiam,
464 200 81 45 vt
504 200 94 45 est
544 200 175 45 dependentia

208 236 189 38 accidentis
357 236 81 38 in
398 236 162 38 materia,
520 236 176 38 videlicet
641 236 68 38 de-

206 277 182 44 pendentia
346 277 196 44 necessaria
500 277 84 44 ad
542 277 112 44 esse
598 277 112 44 ipsius

207 316 80 30 vt
247 316 107 30 ipsa
314 316 134 30 anima.
407 316 67 30 &
434 316 107 30 quia
501 316 120 30 forma
568 316 160 30 materialis

205 346 167 41 impossibile
338 346 89 41 est,
394 346 89 41 quod
450 346 111 41 habeat
528 346 167 41 quantitatem
650 346 67 41 infi

207 388 121 38 nitam,
291 388 72 38 vt
328 388 72 38 in
364 388 145 38 scientia
473 388 145 38 Naturali
581 388 97 38 fuit
629 388 85 38 oster

209 422 111 44 sum:
279 422 111 44 ergo
348 422 97 44 non
404 422 153 44 poterit
515 422 111 44 dari
584 422 139 44 virtus
667 422 56 44 ma

209 461 153 39 terialis
324 461 77 39 in
362 461 140 39 finitae
465 461 204 39 mobilitatis.
631 461 77 39 Et
656 461 64 39 hoc

210 500 126 37 totum
294 500 98 37 iam
350 500 126 37 fuit.
434 500 168 37 ostensum
559 500 84 37 in
587 500 140 37 scientia

212 537 184 41 Naturali,
353 537 71 41 &
382 537 113 41 inde
438 537 184 41 accipiatur.

263 573 183 45 Ossumus
396 573 149 45 tamen
496 573 216 45 declarare
645 573 83 45 hoc

213 586 106 72 Pde
273 586 121 72 isto
349 586 151 72 motore
455 586 106 72 per
515 586 136 72 aliam
591 586 136 72 declara

209 653 119 42 tionem
292 653 71 42 in
328 653 83 42 hoc
375 653 107 42 loco.
447 653 71 42 Et
482 653 131 42 dicamus
577 653 95 42 quod
637 653 59 42 ,
649 653 71 42 lice

211 692 146 46 primum
314 692 175 46 motorem,
445 692 160 46 propter
562 692 117 46 quem
620 692 102 46 mouet

205 726 146 55 corpus
308 726 190 55 coeleste,
453 726 160 55 ponamus
570 726 117 55 esse
628 726 88 55 mate

207 765 153 42 rialem,
318 765 181 42 oportebit
457 765 125 42 ipsum
540 765 111 42 esse
610 765 83 42 in
638 765 83 42 sub-

206 805 141 38 iecto
300 805 126 38 alio
379 805 78 38 a
410 805 188 38 subiecto
551 805 126 38 quod
614 805 110 38 mouet

216 850 67 40 ab
249 850 101 40 ipso,
316 850 56 40 &
339 850 89 40 quod
395 850 78 40 sit
439 850 112 40 extra.
518 850 56 40 &
540 850 67 40 si
574 850 78 40 ita
618 850 89 40 est,
663 850 56 40 er-

212 887 86 42 go
255 887 100 42 vel
312 887 157 42 mouebit
426 887 129 42 istud
512 887 143 42 corpus
598 887 114 42 coele-

211 918 100 53 ste
268 918 157 53 ratione
382 918 271 53 comprehensionis
611 918 114 53 eius
682 918 71 53 &

209 956 206 52 similitudinis
378 956 73 52 ad
415 956 121 52 ipsum,
499 956 73 52 vt
536 956 73 52 in
560 956 157 52 animalibus.

207 997 107 46 vel
268 997 168 46 mouebit
390 997 137 46 ipsum
482 997 183 46 potentia
604 997 122 46 natura

212 1034 73 40 li
248 1034 159 40 existenti
371 1034 73 40 in
408 1034 73 40 eo
444 1034 73 40 vt
481 1034 86 40 sit
530 1034 73 40 in
567 1034 98 40 vbi.
628 1034 86 40 sed
665 1034 61 40 hoc

216 1069 115 52 etiam
293 1069 89 52 est
344 1069 166 52 manifeste
471 1069 204 52 impossibile.
637 1069 64 52 &
650 1069 76 52 pona

213 1110 96 50 mus
268 1110 109 50 quod
336 1110 123 50 motus
418 1110 123 50 huius
500 1110 164 50 corporis
610 1110 109 50 coele-

214 1155 98 43 stis
275 1155 86 43 sit
324 1155 172 43 desyderium
460 1155 209 43 inclinationis
620 1155 98 43 tantum

206 1187 136 47 potest
302 1187 150 47 nanques
411 1187 95 47 hoc
465 1187 82 47 in
506 1187 163 47 rationem
615 1187 109 47 affer-

213 1223 92 50 ri.
266 1223 119 50 Neque
345 1223 158 50 sufficit
463 1223 79 50 ad
503 1223 119 50 huius
569 1223 158 50 responsio-

211 1262 89 51 nem
262 1262 89 51 id,
313 1262 101 51 quod
376 1262 114 51 dicit
452 1262 114 51 Auic.
528 1262 165 51 videlicet
642 1262 76 51 qui-

207 1301 133 37 motus
296 1301 252 37 inclinationis
503 1301 118 37 fiat
577 1301 89 37 ex
621 1301 89 37 re
651 1301 74 37 non

208 1341 174 37 naturali
338 1341 87 37 ad
381 1341 101 37 rem
439 1341 203 37 naturalem:
599 1341 116 37 quia
657 1341 72 37 hoc

218 1379 107 47 bene
284 1379 174 47 reperitur
418 1379 80 47 in
458 1379 214 47 inclinatione
618 1379 107 47 corpo-

218 1421 108 46 rum,
285 1421 135 46 quorum
379 1421 121 46 motus
460 1421 94 46 est
514 1421 148 46 rectus.
621 1421 81 46 &,
648 1421 81 46 pro-

224 1453 134 46 pterea
317 1453 120 46 quies
397 1453 120 46 inest
478 1453 94 46 his
531 1453 187 46 corporibus
665 1453 53 46 na

223 1491 167 47 turaliter,
354 1491 83 47 sed
402 1491 107 47 motus
473 1491 107 47 inest
544 1491 83 47 eis
592 1491 95 47 modo
652 1491 95 47 quo

215 1530 107 40 dam
276 1530 168 40 accntis
398 1530 137 40 motus
489 1530 122 40 vero
566 1530 137 40 huius
642 1530 76 40 con

216 1571 113 45 poris
292 1571 88 45 iam
342 1571 100 45 fuit
405 1571 151 45 ostensum
518 1571 100 45 quod
580 1571 88 45 est
618 1571 113 45 similis

216 1605 151 51 vndique
326 1605 96 51 cum
381 1605 96 51 sit
436 1605 124 51 circa
518 1605 151 51 medium:
628 1605 69 51 &
642 1605 82 51 ideo

218 1644 137 47 dicimus
317 1644 199 47 impossibilem
479 1644 99 47 esse
541 1644 75 47 in
578 1644 75 47 eo
603 1644 124 47 quietem,

215 1680 88 42 Hoc
266 1680 101 42 ergo
329 1680 126 42 potest
417 1680 101 42 esse
479 1680 113 42 vnum,
555 1680 101 42 quod
605 1680 126 42 fortasse

218 1724 125 43 potest
305 1724 162 43 suspicari
429 1724 100 43 esse
491 1724 125 43 causam
579 1724 112 43 motus
641 1724 87 43 huius

217 1762 151 43 corporis.
334 1762 93 43 Sed,
392 1762 81 43 cum
438 1762 128 43 ponimus
531 1762 93 43 esse
578 1762 151 43 impossibile

215 1797 103 53 hoc
274 1797 146 53 corpus
376 1797 117 53 fore
450 1797 220 53 inanimatum,
611 1797 117 53 appare

744 157 81 41 bit
791 157 81 41 hoc
837 157 104 41 etiam
906 157 92 41 esse
963 157 184 41 impossibile.
1113 157 92 41 Vnde
1170 157 104 41 autem
1228 157 46 41 ha

743 196 119 52 beatur
826 196 95 52 quod
885 196 83 52 sit
933 196 154 52 animatum,
1051 196 95 52 nunc
1111 196 107 52 dico.
1170 196 83 52 vide-

742 237 119 49 licet
821 237 119 49 quod,
901 237 93 49 cum
954 237 119 49 istud
1034 237 133 49 corpus
1113 237 146 49 videatur,

736 273 116 44 esse
808 273 202 44 incontinuo
967 273 130 44 motu,
1054 273 116 44 ideo
1111 273 145 44 oportet.

739 312 88 50 vel
790 312 100 50 quod
852 312 163 50 desyderet
977 312 113 50 motum
1053 312 125 50 ipsum:
1140 312 88 50 vel
1178 312 75 50 quod

736 349 88 38 sit
787 349 176 38 necessarij
925 349 126 38 motus,
1014 349 101 38 quod
1077 349 88 38 est
1127 349 126 38 habere
1203 349 50 38 cu

733 388 90 38 ram
784 388 77 38 de
823 388 90 38 his
874 388 218 38 inferioribus:
1053 388 90 38 vel
1104 388 102 38 quod
1156 388 102 38 habeat

740 429 159 36 vtrunque
859 429 132 36 simul.
951 429 92 36 nam
1004 429 79 36 ex
1044 429 79 36 re
1083 429 132 36 ipsius
1163 429 92 36 appa-

737 462 90 52 ret
789 462 103 52 quod
853 462 90 52 non
905 462 168 52 desyderet
1034 462 116 52 finem
1112 462 129 52 motus,
1189 462 65 52 sin

744 501 114 52 autem
820 501 88 52 iam
871 501 189 52 quiesceret.
1022 501 88 52 sed
1072 501 151 52 quicquid
1173 501 76 52 dest

734 533 125 45 derat
817 533 125 45 ipsum
900 533 138 45 motum,
997 533 97 45 aut
1052 533 97 45 est
1094 533 152 45 necessari

743 577 125 42 motus,
830 577 88 42 est
880 577 125 42 quidem
968 577 163 42 animatum,
1093 577 63 42 &
1105 577 150 42 desyderati

742 618 97 40 uum
797 618 97 40 per
853 618 249 40 imaginationem,
1060 618 97 40 cum
1115 618 124 40 motus
1184 618 69 40 sit

741 655 99 35 actio
807 655 121 35 animae.
895 655 55 35 &
917 655 66 35 si
950 655 77 35 non
994 655 99 35 esset
1059 655 110 35 anima,
1136 655 77 35 non
1169 655 88 35 inueni

737 694 115 37 retur,
817 694 92 37 nisi
875 694 115 37 mobile
955 694 127 37 tantum:
1047 694 58 37 &
1070 694 81 37 hoc
1116 694 81 37 iam
1162 694 92 37 fuit
1208 694 46 37 de

748 732 134 38 claratum
849 732 67 38 ex
882 732 112 38 dictis
961 732 101 38 Alex.
1028 732 78 38 nam
1073 732 168 38 impossibile
1196 732 56 38 est

740 766 89 50 quod
796 766 123 50 aliquid
885 766 179 50 nobilissimum
1031 766 157 50 animatorum
1154 766 78 50 sit
1198 766 67 50 in

738 805 166 49 animatum.
866 805 102 49 Quod
930 805 115 49 autem
1006 805 89 49 sit
1057 805 153 49 nobilius
1160 805 89 49 quoli

742 844 97 51 bet
797 844 110 51 alio
866 844 152 51 animato
977 844 138 51 patet,
1074 844 97 51 cum
1115 844 138 51 gubernet

740 885 135 38 ipsum,
835 885 68 38 &
862 885 95 38 sit
916 885 122 38 prius
997 885 108 38 ipso
1065 885 189 38 prioritate
1200 885 54 38 na

747 919 123 43 turae.
833 919 98 43 Item
894 919 86 43 est
944 919 160 43 aeternum,
1067 919 62 43 &
1091 919 148 43 aeternum
1190 919 62 43 est

744 957 142 50 nobilius
850 957 83 50 non
898 957 142 50 aeterno.
1004 957 130 50 Videtur
1098 957 106 50 tamen
1169 957 106 50 ipsum

743 997 146 46 percipere
855 997 90 46 quae
911 997 90 46 sunt
967 997 90 46 hic.
1023 997 112 46 aliter
1102 997 90 46 enim
1158 997 79 46 non
1192 997 67 46 pos-

747 1036 75 46 set
790 1036 107 46 habere
865 1036 96 46 talem
929 1036 96 46 curam
993 1036 64 46 de
1024 1036 107 46 rebus,
1099 1036 85 46 quae
1152 1036 85 46 sunt
1195 1036 64 46 hic,

745 1075 65 47 &
771 1075 169 47 propterea
901 1075 208 47 magnifaciunt
1071 1075 117 47 ipsum
1136 1075 117 47 Antique

744 1111 73 50 &
774 1111 176 50 putarunt
905 1111 132 50 ipsum
993 1111 117 50 esse
1067 1111 132 50 Deum.
1154 1111 88 50 Et
1184 1111 73 50 cum

746 1149 82 51 sit
793 1149 153 51 animatum,
911 1149 94 51 ergo
970 1149 129 51 mouetur
1064 1149 106 51 sensu
1134 1149 82 51 vel
1170 1149 82 51 phan-

744 1188 117 50 tasia,
826 1188 82 50 aut
873 1188 152 50 conceptu,
989 1188 82 50 qui
1036 1188 82 50 sit
1083 1188 82 50 per
1118 1188 140 50 intelseum.

742 1225 164 49 Impossibile
873 1225 98 49 tamen
939 1225 77 49 est
983 1225 98 49 ipsum
1048 1225 109 49 habere
1125 1225 120 49 sensus,
1201 1225 55 49 cum

741 1262 103 59 ipsi
805 1262 129 59 sensus
896 1262 103 59 sint
960 1262 154 59 impositi
1076 1262 180 59 animalibus
1205 1262 51 59 ad

738 1308 214 30 euasionem.
906 1308 107 30 sed
967 1308 199 30 decaratum
1120 1308 122 30 fuit
1181 1308 76 30 hoc

735 1348 134 32 corpus
828 1348 107 32 esse
895 1348 174 32 aeternum.
1029 1348 134 32 Itidem
1122 1348 67 32 &
1149 1348 80 32 de
1176 1348 80 32 ima-

732 1375 204 52 ginatione,
893 1375 102 52 seu
951 1375 204 52 phantasia,
1112 1375 117 52 quia
1170 1375 88 52 ipsa

747 1413 75 45 et
784 1413 113 45 inest
859 1413 175 45 animalibus
997 1413 75 45 ad
1034 1413 213 45 liberationem,
1197 1413 63 45 im-

747 1460 172 44 possibile
879 1460 146 44 quoques
985 1460 93 44 est
1038 1460 159 44 inueniri
1144 1460 106 44 phanta

747 1492 113 38 siam
817 1492 113 38 sine
888 1492 141 38 sensu.
986 1492 85 38 Si
1029 1492 113 38 ergo
1099 1492 127 38 motus
1170 1492 70 38 hui

746 1520 157 59 corporis
864 1520 131 59 fieret
956 1520 66 59 a
982 1520 170 59 sensibus,
1113 1520 92 59 aut
1165 1520 66 59 a
1178 1520 79 59 pham

743 1564 134 46 tasia,
836 1564 107 46 tunc
903 1564 93 46 non
956 1564 120 46 esset
1036 1564 107 46 eius
1103 1564 120 46 motus
1170 1564 80 46 vnus

738 1612 196 45 continuus.
892 1612 126 45 Nihil
976 1612 140 45 igitur
1073 1612 126 45 aliud
1143 1612 112 45 restat

741 1645 93 45 nisi
799 1645 93 45 quod
857 1645 93 45 eius
915 1645 104 45 motus
985 1645 93 45 fiat
1043 1645 58 45 a
1066 1645 162 45 desyderio:
1182 1645 69 45 pro-

745 1686 157 36 ueniente
863 1686 78 36 ex
902 1686 157 36 conceptu
1020 1686 222 36 intellectiuo.
1190 1686 65 36 Sed

747 1720 75 50 si
784 1720 137 50 ponamus
884 1720 112 50 istam
958 1720 87 50 rem
1008 1720 162 50 conceptam
1133 1720 100 50 esse
1182 1720 75 50 cor-

742 1764 97 41 pus,
803 1764 73 41 ac
839 1764 73 41 si
875 1764 109 41 dicas
948 1764 109 41 istas
1021 1764 97 41 res,
1082 1764 97 41 quae
1143 1764 97 41 sunt
1191 1764 61 41 hic

734 1795 158 56 suborbe
848 1795 143 56 Lunae,
949 1795 115 56 tunc
1021 1795 201 56 sequeretur
1164 1795 86 56 quod
