1475 2066
198 148 78 58 &
230 148 124 58 quae
307 148 93 58 in
354 148 202 58 subiecto.
509 148 93 58 Et
555 148 140 58 vtrum
633 148 93 58 con-

210 205 251 37 ruptibilium
411 205 84 37 &
428 205 301 37 incorruptibilium

206 238 152 45 eadem,
312 238 91 45 an
358 238 183 45 diuersa.
495 238 76 45 &
525 238 137 45 vtrum
601 238 122 45 incor-

205 281 198 41 ruptibilia
360 281 141 41 omnia,
459 281 85 41 an
487 281 240 41 corruptibilium,

213 324 282 39 corruptibilia.
449 324 141 39 Item,
543 324 126 39 quod
606 324 126 39 omnium

214 361 267 41 difficillimum
434 361 125 41 est:
512 361 78 41 &
544 361 172 41 maximam
653 361 63 41 am

207 403 232 47 biguitatem
390 403 166 47 habet,
506 403 149 47 vtrum
605 403 133 47 vnum
671 403 50 47 &

208 444 125 46 ens,
286 444 93 46 vt
333 444 249 46 Pythagorici,
535 444 78 46 &
566 444 140 46 Plato
644 444 78 46 di-

209 488 156 47 cebant,
322 488 99 47 non
379 488 99 47 est
436 488 128 47 aliud
521 488 184 47 quicquam,
662 488 99 47 sed

207 528 141 43 entium
306 528 211 43 substantia:
475 528 85 43 an
517 528 113 43 non,
587 528 99 43 sed
629 528 99 43 aliud

209 573 138 49 quid
295 573 241 49 subiectum,
485 573 103 49 vt
519 573 207 49 Empedocles

215 620 198 38 amicitiam
367 620 122 38 ait,
444 620 137 38 alius
535 620 122 38 vero
596 620 122 38 quidan

214 657 138 41 ignem,
311 657 125 41 etiam
394 657 125 41 alius
477 657 138 41 aquam,
574 657 97 41 aut
615 657 111 41 aerem.

220 698 99 40 Et
269 698 148 40 vtrum
368 698 214 40 principia
516 698 214 40 vniuersalia

211 734 136 44 sint,
302 734 91 44 an
347 734 167 44 tanquam
468 734 212 44 singularia
620 734 106 44 rerum

218 776 93 42 Et
264 776 201 42 potentia,
418 776 93 42 an
465 776 139 42 actu.
557 776 124 42 Item
619 776 108 42 vtrum

207 818 169 48 aliter,
330 818 92 48 an
376 818 185 48 secundum
514 818 154 48 motum.
622 818 77 48 &
638 818 92 48 haec

210 869 133 40 enim
294 869 167 40 multam
410 869 267 40 dubitationem
610 869 117 40 prae-

214 900 121 46 bere
290 900 182 46 quaeant.
426 900 91 46 Et
471 900 91 46 ad
517 900 121 46 haec
593 900 136 46 vtrum
668 900 61 46 nu

206 941 151 48 meri,
307 941 284 48 longitudines,
541 941 201 48 sigurae,
675 941 50 48 &

204 982 158 52 puncta
315 982 237 52 substantiae
505 982 174 52 quaedam
615 982 111 52 sint.

211 1025 83 43 an
253 1025 111 43 non.
322 1025 83 43 Et
364 1025 83 43 si
406 1025 222 43 substantiae,
586 1025 125 43 vtrum
656 1025 69 43 se:

212 1065 165 48 paratae
332 1065 75 48 a
362 1065 255 48 sensibilibus,
572 1065 90 48 an
617 1065 90 48 in
647 1065 75 48 eis

209 1112 111 34 De
264 1112 129 34 his
338 1112 148 34 enim
430 1112 203 34 omnibus
577 1112 129 34 non
633 1112 92 34 mo-

206 1148 94 41 do
253 1148 189 41 inuenire
395 1148 204 41 veritatem
536 1148 189 41 difficile-

208 1190 164 43 verum
317 1190 164 43 neque
426 1190 146 43 bene
518 1190 200 43 ratione
645 1190 73 43 du

201 1229 147 45 bitare
304 1229 147 45 facile
393 1229 88 45 est.

257 1284 90 63 Et
302 1284 135 63 prima
392 1284 180 63 quaestio
513 1284 210 63 quaestionum,

214 1333 207 61 sifficilium
380 1333 110 61 est,
448 1333 83 61 de
490 1333 96 61 aua
545 1333 110 61 quae
600 1333 124 61 siuimus

205 1371 87 70 in
249 1371 160 70 prologo
365 1371 145 70 istius
467 1371 131 70 libri
554 1371 131 70 primi
627 1371 102 70 vtrum

208 1427 258 64 consyderatio
417 1427 97 64 de
465 1427 177 64 omnibus
578 1427 145 64 generi-

210 1475 105 55 bus
270 1475 181 55 causarum
406 1475 105 55 est
466 1475 136 55 vnius
541 1475 181 55 scientiae,

204 1522 104 61 aut
264 1522 179 61 plurium.
398 1522 89 61 Et
442 1522 134 61 utrum
532 1522 104 61 est
576 1522 149 61 scientia

209 1565 229 66 consyderatio
395 1565 86 66 de
438 1565 201 66 principiis
582 1565 143 66 substan-

204 1617 118 57 tiae
278 1617 162 57 tantum,
396 1617 103 57 aut
455 1617 103 57 est
514 1617 133 57 etiam
602 1617 118 57 eius
661 1617 74 57 con

202 1660 166 64 syderare
327 1660 83 64 de
368 1660 208 64 principiis,
534 1660 83 64 ex
576 1660 138 64 quibus
659 1660 69 64 fit

203 1708 236 62 demonstratio
395 1708 222 62 cuiuslibet.
573 1708 118 62 v.g.
632 1708 103 62 vtrum

204 1757 157 62 possit
314 1757 126 62 idem
393 1757 126 62 esse
472 1757 252 62 affirmatiuum
676 1757 79 62 &

198 1804 213 54 negatiuum
361 1804 196 54 insimul,
508 1804 114 54 aut
574 1804 114 54 no,
639 1804 82 54 &
656 1804 65 54 ta

749 155 96 63 lia
804 155 164 63 similia.
927 155 109 63 v.g.
996 155 123 63 vtrum
1078 155 164 63 aequalia
1187 155 96 63 eidem

753 205 107 53 sint
819 205 174 53 aequalia.
953 205 80 53 Et
993 205 134 53 etiam,
1086 205 80 53 si
1113 205 147 53 scientiae

744 252 99 47 est
801 252 227 47 consydetatio
985 252 85 47 de
1028 252 199 47 substatia,
1170 252 99 47 vtrum

739 299 109 55 illa
808 299 150 55 scietia
917 299 96 55 est
972 299 123 55 eadem
1054 299 150 55 omnibus
1150 299 109 55 scien-

740 348 108 54 tus,
807 348 94 54 aut
861 348 148 54 plures.
969 348 94 54 Et,
1022 348 81 54 si
1063 348 148 54 fuerint
1157 348 108 54 plures

738 397 213 53 scientiae,
905 397 137 53 vtrum
997 397 152 53 natura
1104 397 137 53 earum
1180 397 76 53 est

742 441 190 64 consimilis
891 441 81 64 in
932 441 149 64 genere,
1040 441 95 64 aut
1095 441 122 64 debet
1176 441 108 64 quae

745 498 109 40 dam
808 498 125 40 dici
886 498 249 40 Philosophia,
1088 498 78 40 &
1119 498 171 40 quaedam

741 538 155 56 aliud.
849 538 93 56 Et
896 538 124 56 etia
973 538 248 56 persrutandum
1159 538 93 56 est,

753 581 115 61 vtru
824 581 172 61 oporteat
954 581 100 61 nos
1011 581 144 61 dicere
1111 581 115 61 quod
1169 581 86 61 sub-

745 628 167 69 stantiae
870 628 111 69 sunt
940 628 194 69 sensibilia
1092 628 153 69 tantum,
1190 628 69 69 aut

744 676 106 62 sunt
810 676 119 62 aliae
890 676 199 62 substantiae
1049 676 80 62 ab
1089 676 119 62 istis
1155 676 106 62 sensi-

738 724 192 54 bilibus.
882 724 96 54 Et
930 724 144 54 vtrum
1027 724 240 54 substantiae
1203 724 80 54 ha-

745 773 117 61 beat
818 773 117 61 vnum
891 773 160 61 geneus,
1008 773 102 61 aut
1066 773 146 61 plura,
1154 773 102 61 sicut

739 821 200 62 dixerunt
889 821 200 62 ponentes
1039 821 183 62 formas,
1173 821 83 62 &
1189 821 67 62 ma

744 869 202 51 thematica,
902 869 116 51 quae
975 869 116 51 sunt
1047 869 130 51 inter
1133 869 116 51 ista
1206 869 72 51 &

743 917 210 60 sensibilia.
911 917 154 60 oportet
1023 917 112 60 enim
1093 917 98 60 nos
1135 917 126 60 persrum

743 965 118 53 tari
817 965 89 53 de
861 965 162 53 omnibus
979 965 133 53 istis
1068 965 148 53 rebus,
1157 965 103 53 sicut

739 1009 201 57 diximus.
890 1009 100 57 Et
940 1009 151 57 vtrum
1024 1009 234 57 consyderatio

744 1057 102 57 est
803 1057 131 57 tantu
890 1057 87 57 de
933 1057 232 57 substantuis,
1122 1057 102 57 aut
1165 1057 102 57 etiam

739 1104 85 58 de
781 1104 242 58 accidentibus.
981 1104 85 58 Et
1023 1104 100 58 cum
1080 1104 100 58 hoc
1137 1104 156 58 oportet

743 1149 106 58 nos
803 1149 227 58 perscrutari
985 1149 91 58 de
1031 1149 136 58 eodem
1122 1149 76 58 &
1152 1149 91 58 de
1182 1149 76 58 di-

742 1196 147 62 uerso,
845 1196 74 62 &
875 1196 88 62 de
919 1196 192 62 dissimili
1066 1196 74 62 &
1096 1196 162 62 simili,
1214 1196 74 62 &

735 1245 99 53 de
785 1245 232 53 contraris,
967 1245 83 53 &
1000 1245 99 53 de
1050 1245 132 53 ante
1133 1245 83 53 &
1149 1245 116 53 post,

738 1292 79 54 &
770 1292 95 54 de
817 1292 174 54 omnibus
944 1292 142 54 aliis
1039 1292 142 54 rebus
1118 1292 142 54 consimi

746 1337 119 64 libus
825 1337 133 64 istis,
918 1337 80 64 de
958 1337 133 64 quibus
1051 1337 133 64 Logici
1130 1337 133 64 perscrum

740 1386 167 56 tantur,
861 1386 106 56 qui
922 1386 152 56 ponunt
1028 1386 197 56 opiniones
1165 1386 91 56 sua-

742 1429 83 61 de
784 1429 208 61 opinionibus
950 1429 236 61 laudabilibus,
1144 1429 83 61 et
1186 1429 69 61 *
1200 1429 55 61 no

745 1476 175 62 bilibus.
876 1476 87 62 Et
920 1476 87 62 et
964 1476 233 62 perscrutadum
1153 1476 102 62 est
1197 1476 58 62 d.

744 1524 154 58 omnibus
856 1524 238 58 accidentibus,
1053 1524 112 58 quae
1123 1524 168 58 accidunt

742 1572 156 60 omnibus
856 1572 142 60 istis,
955 1572 71 60 &
984 1572 85 60 de
1026 1572 199 60 vnoquoque,
1168 1572 100 60 eorum

743 1620 134 53 quid
827 1620 134 53 sit.
911 1620 84 53 &
944 1620 117 53 non
1011 1620 100 53 de
1061 1620 117 53 hoc
1111 1620 151 53 tantum,

753 1666 112 49 sed
817 1666 145 49 vtrum
914 1666 257 49 contradicant
1122 1666 129 49 sibi
1187 1666 80 49 ad-

748 1721 195 49 inuicem.
894 1721 98 49 Et
943 1721 146 49 vtrum
1040 1721 228 49 principia,
1219 1721 81 49 &

750 1761 189 65 elementa,
896 1761 73 65 &
925 1761 145 65 genera
1026 1761 116 65 sint
1099 1761 102 65 per
1157 1761 102 65 se,
1200 1761 73 65 aut

748 1809 102 65 sint
812 1809 89 65 per
863 1809 192 65 singularia,
1017 1809 77 65 in
1055 1809 102 65 quae
1106 1809 166 65 diuiduntur.
