1475 2066
196 189 115 62 Et,
261 189 99 62 si
311 189 132 62 sint
393 189 165 62 genera
508 189 148 62 vtrum
590 189 132 62 genera

216 236 106 62 quae
282 236 146 62 dicutur
389 236 80 62 de
428 236 199 62 indiuiduis.
588 236 106 62 sint
641 236 80 62 pri-

213 285 90 62 ma
258 285 165 62 genera,
378 285 105 62 aut
438 285 165 62 vltima.
557 285 120 62 v.g.
617 285 105 62 vtrum

211 333 162 62 animal,
329 333 103 62 aut
388 333 118 62 homo
461 333 103 62 est
520 333 132 62 magis
594 333 132 62 primum,

213 380 121 63 quam
289 380 182 63 idiuidua
425 380 228 63 singularia,
608 380 106 63 aut
653 380 76 63 no.

217 428 85 68 Et
259 428 85 68 et
302 428 156 68 oportei
415 428 99 68 nos
472 428 142 68 multum
557 428 156 68 perscruta

210 476 86 62 ri,
259 476 111 62 vtrum
333 476 86 62 sit
382 476 98 62 alia
443 476 111 62 causa
517 476 86 62 per
566 476 86 62 se,
615 476 135 62 praeter

201 529 176 58 materia,
333 529 102 58 aut
392 529 117 58 non.
465 529 88 58 Et
509 529 132 58 vtrum
596 529 117 58 ista
655 529 73 58 cau

212 573 89 64 sa
257 573 177 64 differat
389 573 74 64 a
419 573 177 64 materia,
552 573 103 64 aut
611 573 118 64 non.
670 573 59 64 Et

210 621 117 53 vtru
284 621 117 53 ista
357 621 132 53 causa
445 621 103 53 sit
503 621 103 53 vna
562 621 88 53 in
591 621 132 53 numero,

206 669 97 52 aut
262 669 153 52 plures.
373 669 83 52 Et
414 669 111 52 vtru
483 669 97 52 est
539 669 153 52 aliquid
636 669 97 52 prae-

208 716 98 55 ter
264 716 126 55 totum
347 716 70 55 &
375 716 139 55 dicere
473 716 98 55 est
529 716 126 55 totum
612 716 139 55 illud,

196 761 113 57 per
260 761 129 57 quod
341 761 226 57 disponitur
519 761 194 57 materia)
648 761 81 57 aut

212 805 104 62 non
271 805 104 62 est
331 805 148 62 aliud,
435 805 104 62 aut
494 805 89 62 in
538 805 193 62 quibusdam
672 805 59 62 re

208 852 104 63 bus
268 852 104 63 est
327 852 134 63 aliud
416 852 74 63 a
446 852 134 63 toto,
536 852 74 63 &
565 852 89 63 in
595 852 134 63 quibus-

203 904 111 60 dam
266 904 127 60 non,
346 904 79 60 &
377 904 127 60 quae
456 904 127 60 sunt
535 904 127 60 ista
599 904 127 60 entia,

209 949 86 61 Et
252 949 129 61 vtrum
337 949 186 61 principia
480 949 114 61 sint
537 949 186 61 determinma-

200 997 96 53 ta
248 997 96 53 in
296 997 176 53 numero,
424 997 112 53 aut
489 997 160 53 forma,
601 997 80 53 &
617 997 112 53 loco-

212 1045 92 62 Ec
258 1045 138 62 vtrum
350 1045 199 62 principia
488 1045 245 62 corruptibilium

214 1093 117 53 sint
287 1093 190 53 principia
434 1093 278 53 incorruptibilm,
653 1093 73 53 aut

213 1149 193 53 diuersa.
358 1149 80 53 &
390 1149 129 53 vtru
470 1149 145 53 omnia
550 1149 177 53 principia

213 1197 112 51 non
277 1197 257 51 corrupuntur,
486 1197 112 51 aut
534 1197 193 51 corrumpun-

214 1234 93 48 tur
267 1234 172 48 principia
399 1234 252 48 corruptibilium.
612 1234 80 48 Et
638 1234 93 48 etiam

210 1284 245 62 perscrutadum
409 1284 107 62 est
470 1284 92 62 de
516 1284 215 62 quaestione
670 1284 61 62 ma

198 1330 108 58 Vgis
266 1330 176 58 difficili
402 1330 149 58 omnibus
510 1330 122 58 istis
578 1330 149 58 quaestio-

215 1378 154 56 nibus,
323 1378 139 56 vtrum
415 1378 124 56 vnum
492 1378 77 56 &
523 1378 124 56 idem
601 1378 108 56 est
647 1378 77 56 sub

210 1429 181 60 stantia
341 1429 148 60 omniu
440 1429 181 60 entium,
572 1429 82 60 &
605 1429 115 60 non
655 1429 82 60 est

205 1473 135 63 aliud
295 1473 135 63 sicut
385 1473 180 63 dixerunt
520 1473 240 63 Pythagorici,

210 1532 72 52 &
238 1532 144 52 Plato:
339 1532 101 52 aut
396 1532 115 52 non,
468 1532 101 52 sed
526 1532 101 52 est
583 1532 129 52 aliud
655 1532 72 52 sub

206 1570 160 57 iectum,
323 1570 131 57 sicut
410 1570 131 57 dixit
497 1570 131 57 Empe.
569 1570 160 57 amicitia,

204 1621 85 61 &
238 1621 153 61 alius
340 1621 170 61 ignem,
459 1621 85 61 &
493 1621 153 61 alius
595 1621 170 61 aquam,

211 1676 81 47 &
243 1676 146 47 alius
341 1676 163 47 aerem.
455 1676 98 47 Et
503 1676 146 47 vtrum
585 1676 146 47 princi-

214 1716 97 60 pia
270 1716 111 60 sint
339 1716 223 60 vniuersalia,
520 1716 97 60 aut
576 1716 111 60 sint
632 1716 97 60 sicut

212 1764 225 54 singularia
389 1764 145 54 rerum
469 1764 258 54 particularium.

206 1820 95 38 Et
254 1820 142 38 vtrum
348 1820 126 38 sint
427 1820 205 38 potentia,
584 1820 110 38 vel
632 1820 95 38 actu

211 1860 86 63 Et
254 1860 129 63 vtrum
340 1860 115 63 sint
411 1860 186 63 principia
555 1860 115 63 alio
627 1860 129 63 modo,

742 188 103 63 aut
801 188 117 63 sunt
874 188 191 63 principia
1021 188 103 63 per
1079 188 147 63 motum.
1167 188 103 63 istae

746 237 110 61 enim
815 237 206 61 quaestiones
980 237 110 61 sunt
1048 237 206 61 difficiles,
1213 237 69 61 &

750 285 120 61 valde
830 285 200 61 intricatae.
990 285 80 61 Et
1030 285 93 61 cum
1083 285 93 61 hoc
1137 285 147 61 oportet

741 332 105 62 nos
801 332 241 62 perscrutari,
997 332 136 62 vtrum
1087 332 166 62 numerus
1208 332 75 62 &

745 381 217 61 longitudo,
916 381 78 61 &
947 381 124 61 etia
1025 381 171 61 sigura,
1149 381 78 61 &
1165 381 93 61 pun-

744 427 96 63 cta
799 427 109 63 sint
867 427 218 63 substantiae,
1045 427 96 63 aut
1099 427 109 63 non.
1167 427 96 63 Et,
1208 427 55 63 si

744 475 115 56 sunt
815 475 229 56 substantiae,
1002 475 129 56 vtrum
1088 475 115 56 sint
1145 475 115 56 abstra

746 524 108 62 ctae
813 524 67 62 a
840 524 229 62 sensibilibus,
1029 524 94 62 aut
1083 524 108 62 sint
1150 524 81 62 in
1177 524 81 62 eis.

741 573 219 45 Difficultas
917 573 117 45 enim
990 573 102 45 non
1048 573 146 45 tantum
1150 573 102 45 est
1209 573 88 45 in

743 620 237 58 coprehendere
936 620 192 58 veritatem
1083 620 163 58 istarum
1202 620 89 58 re

738 669 103 55 rum
797 669 147 55 omniu,
900 669 103 55 sed
959 669 103 55 non
1017 669 103 55 est
1076 669 147 55 facile
1164 669 103 55 quae-

737 713 117 50 rere
811 713 88 50 de
854 713 102 50 eis
913 713 176 50 secundum
1030 713 234 50 difficultatem,

748 765 152 45 earum
850 765 203 45 secundum
1002 765 203 45 sermonem
1137 765 119 45 valde

786 817 128 42 vtrum
871 817 242 42 consyderatio,
1071 817 100 42 &c.
1128 817 71 42 &
1142 817 114 42 inten-

744 854 97 52 dit
800 854 97 52 per
855 854 139 52 genera
953 854 167 52 causarum
1078 854 139 52 causas
1162 854 97 52 diuer

744 893 93 44 sas
797 893 199 44 diuersorum.
956 893 132 44 causae
1048 893 106 44 enim
1101 893 159 44 diuersorum

744 933 146 53 generum
850 933 106 53 sunt
916 933 172 53 diuersae.
1049 933 80 53 v.
1089 933 80 53 g.
1115 933 146 53 principia

742 971 130 48 rerum
828 971 217 48 naturalium,
1002 971 72 48 &
1031 971 188 48 principia
1161 971 101 48 rerum

745 1009 290 42 mathematicarum,
989 1009 76 42 &
1020 1009 199 42 principia
1157 1009 107 42 rerum

750 1049 229 41 abstractarum.
938 1049 108 41 D.d.
1005 1049 81 41 Et
1046 1049 121 41 vtrum
1126 1049 94 41 est
1167 1049 94 41 scien

750 1092 100 38 tiae
812 1092 212 38 consyderatio,
987 1092 87 38 &c.
1036 1092 75 38 i.
1074 1092 62 38 &
1099 1092 75 38 si
1124 1092 137 38 consydera

749 1128 100 42 tio
806 1128 86 42 in
849 1128 158 42 omnibus
964 1128 201 42 principiis
1122 1128 100 42 est
1165 1128 100 42 vnius

749 1164 165 52 scientiae,
879 1164 106 52 vtrum
950 1164 95 52 illa
1009 1164 142 52 scientia
1115 1164 106 52 debet
1174 1164 95 52 consy-

749 1205 130 45 derare
840 1205 78 45 in
879 1205 182 45 principiis
1022 1205 208 45 substantiae,
1191 1205 65 45 &
1204 1205 65 45 vni

750 1245 185 37 uersalium
892 1245 142 37 entium
991 1245 156 37 tantum,
1105 1245 99 37 aut
1161 1245 99 37 cum
1204 1245 71 37 hoc

746 1284 131 46 debet
834 1284 218 46 consyderare
1008 1284 87 46 in
1051 1284 203 46 principiis
1196 1284 73 46 co-

749 1319 186 52 gnitionis,
895 1319 107 52 quae
962 1319 107 52 sunt
1028 1319 120 52 prima
1095 1319 173 52 intellecta.

752 1363 86 48 v.
795 1363 86 48 g.
838 1363 216 48 consyderare
1011 1363 86 48 in
1054 1363 159 48 sermone
1155 1363 101 48 dicen

744 1404 99 44 tium
806 1404 161 44 possibile
930 1404 112 44 esse,
1004 1404 74 44 vt
1042 1404 186 44 affirmatiua
1191 1404 62 44 &
1203 1404 62 44 ne-

746 1436 138 49 gatiua
843 1436 152 49 insimul
953 1436 110 49 sunt
1022 1436 138 49 verae,
1118 1436 69 49 &
1146 1436 83 49 in
1173 1436 83 49 ser-

750 1478 103 48 mone
815 1478 168 48 negantium
944 1478 103 48 quod
1008 1478 155 48 aequalia
1124 1478 103 48 sunt
1176 1478 90 48 eidem

745 1516 143 52 aequalia:
855 1516 55 52 &
877 1516 187 52 vniversaliter
1032 1516 66 52 in
1065 1516 121 52 sermone
1142 1516 121 52 negantium

752 1557 169 46 principia.
885 1557 97 46 D.d.
945 1557 72 46 Et
981 1557 121 46 etiam,
1066 1557 72 46 si
1102 1557 157 46 scientiae
1211 1557 48 46 es

752 1590 200 53 consyderatio,
917 1590 82 53 &c.
964 1590 70 53 i.
999 1590 117 53 etiam,
1081 1590 70 53 si
1116 1590 141 53 scientia
1210 1590 59 53 de-

751 1630 96 52 bet
806 1630 206 52 consyderare
971 1630 82 52 de
1012 1630 220 52 substantiis,
1177 1630 96 52 vtrum

754 1669 96 45 illa
814 1669 144 45 scientia
922 1669 84 45 est
970 1669 96 45 vna,
1029 1669 84 45 aut
1077 1669 132 45 plures.
1173 1669 72 45 Si
1197 1669 72 45 enim

756 1708 201 50 substantiae
916 1708 147 50 fuerint
1024 1708 188 50 diuersorum
1158 1708 107 50 primo-

749 1749 100 50 rum
806 1749 244 50 principiorum,
1007 1749 186 50 continget
1136 1749 129 50 consyde

752 1790 96 48 ratio
816 1790 64 48 de
848 1790 74 48 eis
890 1790 64 48 an
922 1790 74 48 sit
965 1790 127 48 pluribus
1060 1790 85 48 quam
1113 1790 74 48 vni
1145 1790 117 48 scientiae

741 1824 88 55 &,
785 1824 88 55 si
829 1824 146 55 fuerit
932 1824 249 55 conuenientium
1122 1824 146 55 primorum

747 1866 271 46 principiorum,
970 1866 143 46 vtrum
1050 1866 223 46 consyderatio
