1475 2066
207 172 108 47 quod
275 172 135 47 passum
370 172 122 47 habet
451 172 108 47 esse
519 172 68 47 a
546 172 162 47 pluribus
654 172 81 47 quae

223 211 94 43 vno
276 211 148 43 motore,
384 211 108 43 tunc
451 211 188 43 perficitur
599 211 108 43 eius
653 211 81 43 esse

227 255 88 48 per
278 255 76 48 se
316 255 88 48 per
366 255 202 48 communitatem
530 255 139 48 illorum
618 255 114 48 motorum

223 288 95 43 in
271 288 127 43 vnum
350 288 158 43 finem.
461 288 79 43 &
492 288 111 43 hoc
556 288 158 43 innuit
651 288 79 43 Deu

225 326 179 52 gloriosus,
366 326 89 52 cum
417 326 128 52 dixit,
506 326 77 52 si
544 326 77 52 in
583 326 89 52 eis
634 326 128 52 essent

232 357 121 56 Dil,
307 357 166 56 praeter
428 357 136 56 Deum,
504 357 226 56 corrumperemur

230 405 125 40 Demum
314 405 139 40 mundus
411 405 98 40 est
467 405 112 40 vnus
537 405 98 40 per
593 405 112 40 vnum
648 405 84 40 prin

229 447 125 36 cipium.
320 447 114 36 aliter
400 447 91 36 enim
457 447 103 36 esset
525 447 91 36 vnus
582 447 80 36 per
616 447 114 36 accidens

221 485 105 45 aut
281 485 195 45 oporteret
431 485 135 45 ipsum
521 485 105 45 non
566 485 90 45 esse

241 521 231 47 VVNiuersaliter
433 521 128 47 igitur
523 521 90 47 res
574 521 77 47 se
613 521 115 47 habet
677 521 51 47 in

301 557 169 38 mundo,
419 557 253 38 quemadmodum
622 557 101 38 in
656 557 68 38 ci

221 589 187 53 ciuitate
362 589 187 53 proborum
502 589 187 53 virorum,
642 589 125 53 quae

232 630 116 51 licet
309 630 128 51 habeat
399 630 128 51 plures
489 630 205 51 principatus,
643 630 90 51 ascen

228 669 116 38 dunt
301 669 131 38 omnes
388 669 87 38 ad
432 669 116 38 vnum
505 669 232 38 principatum,
693 669 73 38 &

230 704 172 42 intendunt
362 704 106 42 vnum
428 704 132 42 finem:
521 704 132 42 aliter
614 704 106 42 enim
667 704 66 42 non

222 743 128 52 esset
307 743 113 52 vna.
378 743 71 52 &
406 743 213 52 quemadmodum
576 743 85 52 ex
619 743 99 52 hac
661 743 71 52 par

222 789 68 41 te
256 789 124 41 ciuitas
346 789 181 41 perpetuatur,
493 789 79 41 ita
538 789 102 41 estam
606 789 79 41 res
651 789 68 41 se
674 789 56 41 ha-

229 820 86 38 bet
278 820 74 38 in
315 820 123 38 mundo.
401 820 98 38 Hinc
462 820 98 38 fit,
523 820 98 38 quod
585 820 110 38 illae
646 820 86 38 ciui-

224 859 128 48 tates,
314 859 77 48 in
352 859 128 48 quibus
441 859 102 48 sunt
505 859 128 48 plures
582 859 153 48 principes,

222 895 146 49 facile
325 895 190 49 incurrunt
471 895 249 49 corruptionem,
662 895 73 49 cum

223 932 168 54 habeant
345 932 183 54 vnitatem
483 932 153 54 quodam
574 932 153 54 accidem-

214 973 117 44 tis
264 973 117 44 modo.

234 1004 64 48 {
260 1004 167 48 Tpostquam
388 1004 103 48 fuit
452 1004 192 48 declaratum,
606 1004 103 48 quid
657 1004 77 48 esse

226 1019 168 73 Phabeant
352 1019 112 73 naec
422 1019 196 73 principia,
575 1019 70 73 &
589 1019 140 73 qualiter

224 1084 212 46 comparentur
393 1084 85 46 ad
436 1084 141 46 mundum
534 1084 212 46 sensibilem,
690 1084 42 46 &

221 1120 132 42 inter
309 1120 205 42 seinuicem,
470 1120 249 42 consyderandum
660 1120 73 42 est

223 1157 80 53 de
263 1157 107 53 his,
329 1157 107 53 quae
396 1157 107 53 sunt
463 1157 107 53 sibi
529 1157 160 53 propria.
649 1157 67 53 &
662 1157 67 53 po-

226 1196 120 46 nemus
306 1196 254 46 consyderationem
519 1196 147 46 nostram
626 1196 80 46 in
653 1196 80 46 hoc,

219 1234 67 48 vt
252 1234 135 48 diximus,
354 1234 67 48 ab
387 1234 79 48 eo,
432 1234 90 48 quod
488 1234 67 48 in
522 1234 135 48 scientia
623 1234 67 48 de
645 1234 79 48 Anima

224 1273 101 47 fuit
288 1273 190 47 declaratum.
440 1273 76 47 Et
478 1273 139 47 dicamus
579 1273 101 47 quod
642 1273 114 47 quod¬

220 1311 127 49 libet
305 1311 127 49 horum
389 1311 226 49 principiorum
559 1311 169 49 intelligit

216 1350 167 45 seipsum.
341 1350 70 45 &
369 1350 97 45 hoc
425 1350 139 45 patet,
522 1350 181 45 propterea
648 1350 84 45 quia

219 1385 158 41 intellectus
345 1385 105 41 noster
418 1385 74 41 ita
460 1385 63 41 se
492 1385 95 41 habet
555 1385 126 41 scilicet
649 1385 84 41 quod
691 1385 42 41 ac

222 1428 95 46 cidit
286 1428 63 46 ei
317 1428 84 46 quod
370 1428 106 46 quando
444 1428 148 46 intelligit
550 1428 179 46 intelligibilia.

215 1466 205 46 conuertitur
379 1466 82 46 ad
420 1466 232 46 intelligendum
598 1466 137 46 seipsum,

216 1501 89 38 cum
267 1501 102 38 eius
331 1501 152 38 essentia
445 1501 89 38 sit
496 1501 152 38 essentia
597 1501 127 38 intelli-

214 1537 164 50 gibilium.
340 1537 76 50 Si
378 1537 126 50 igitur
466 1537 101 50 iste
529 1537 189 50 intellectus
668 1537 63 50 est

214 1572 133 51 ipsum
303 1572 103 51 met
362 1572 236 51 intellectum,
553 1572 133 51 multo
627 1572 103 51 magis

216 1609 90 55 ita
267 1609 77 55 se
306 1609 141 55 habebit
408 1609 90 55 res
460 1609 77 55 in
498 1609 231 55 intelligentiis
678 1609 51 55 se

216 1659 164 33 paratis.
339 1659 96 33 Nam
394 1659 109 33 iste
462 1659 205 33 intellectus
626 1659 96 33 cum
667 1659 55 33 ha

223 1691 109 46 beat
292 1691 137 46 istam:
387 1691 219 46 propiietatem
565 1691 82 46 ex
606 1691 96 46 eo,
647 1691 82 46 quod

218 1732 93 30 non
271 1732 93 30 est
324 1732 146 30 infixus
430 1732 173 30 materiae,
563 1732 120 30 licet
630 1732 106 30 habeat

210 1765 258 37 dependentiam
420 1765 113 37 cum
484 1765 194 37 materia,
613 1765 113 37 tanto

214 1804 134 55 magis
303 1804 179 55 habebunt
437 1804 104 55 hoc
482 1804 253 55 intelligentiae,

751 172 198 48 separatae,
907 172 113 48 quae
978 172 142 48 nullam
1077 172 142 48 habent
1162 172 99 48 depen

757 215 164 41 dentiam
876 215 104 41 cum
936 215 179 41 materia.
1070 215 75 41 &
1100 215 119 41 ideo
1160 215 104 41 intel

750 253 154 37 lectus,
862 253 70 37 &
890 253 210 37 intellectum
1059 253 84 37 in
1101 253 98 37 eis
1143 253 126 37 habebit

748 290 119 50 magis
827 290 80 50 de
867 290 133 50 vnione
960 290 106 50 quae
1026 290 93 50 sit
1079 290 80 50 in
1119 290 133 50 nobis.
1199 290 66 50 nam

749 328 121 46 licet
829 328 202 46 intellectus
991 328 135 46 noster
1085 328 94 46 sit
1125 328 135 46 ipsummet

744 365 250 50 intellectum,
948 365 172 50 aliquam
1073 365 141 50 tamen
1151 365 109 50 habet

741 402 289 48 transmutationem
984 402 91 48 ex
1030 402 106 48 eo,
1091 402 122 48 quod
1152 402 106 48 attri

748 442 143 40 buitur
833 442 157 40 materiae.

762 476 71 54 †E
798 476 153 54 Tpostquam
916 476 83 54 est
963 476 153 54 declaratu
1081 476 94 54 quod
1128 476 130 54 quaelibet

751 516 151 50 Vharum
857 516 302 50 intelligentiarum
1098 516 151 50 intelli-

748 557 96 47 git
803 557 164 47 seipsam,
926 557 205 47 contemplari
1090 557 123 47 decet
1158 557 96 47 vtrum

749 593 188 45 vnaquaeque
896 593 148 45 ipsarum
1004 593 188 45 intelligat
1138 593 121 45 aliquid

755 629 117 49 extra
833 629 91 49 se,
885 629 91 49 aut
936 629 104 49 non.
1001 629 78 49 Et
1040 629 142 49 dicamus
1143 629 104 49 quod
1195 629 65 49 iam

744 669 103 47 fuit
808 669 154 47 ostensum
924 669 77 47 in
963 669 116 47 libro
1040 669 77 47 de
1079 669 103 47 Aima
1143 669 103 47 quod
1195 669 64 47 in-

748 709 186 47 telligibile
896 709 87 47 est
946 709 161 47 perfectio
1057 709 198 47 intelligentis,

754 743 76 43 &
784 743 122 43 eius
861 743 153 43 forma.
967 743 76 43 &
998 743 107 43 cum
1059 743 168 43 dicimus
1166 743 92 43 vnum

753 780 137 53 istorum
852 780 187 53 intelligere
1002 780 125 53 aliud,
1089 780 137 53 dicimus
1189 780 100 53 quod

757 821 144 49 intelligit
870 821 103 49 illud,
942 821 72 49 ita
984 821 83 49 quod
1035 821 144 49 perficitur
1149 821 72 49 per
1180 821 72 49 ipsum

743 857 115 53 illud
820 857 103 53 ergo
884 857 115 53 aliud
961 857 167 53 praecedit
1089 857 128 53 ipsum,
1179 857 64 53 &
1192 857 64 53 est

753 895 119 51 causa,
836 895 71 51 op
872 895 95 51 quam
931 895 83 51 sit
978 895 119 51 illud.
1061 895 59 51 &
1085 895 130 51 itidem,
1180 895 71 51 si
1204 895 59 51 po-

750 933 167 37 snerimus
875 933 111 37 vnum
945 933 125 37 eorum
1028 933 111 37 esse
1097 933 167 37 causarum
1208 933 56 37 ab

742 969 131 51 alio,
830 969 203 51 necessario
989 969 174 51 causatum
1105 969 160 51 comprehen

754 1010 88 40 det
805 1010 100 40 suam
867 1010 138 40 causam:
967 1010 100 40 adeo
1030 1010 100 40 quod
1092 1010 88 40 hae
1142 1010 100 40 duae
1192 1010 63 40 res

751 1047 213 46 conuertuntur,
927 1047 163 46 videlicet
1052 1047 100 46 quod
1103 1047 150 46 quodcunque

750 1085 124 50 horum
833 1085 221 50 principiorum
1013 1085 221 50 comprehendit
1178 1085 83 50 ali-

746 1125 115 49 quod
817 1125 143 49 aliud,
918 1125 129 49 illud
1004 1125 143 49 quidem
1104 1125 129 49 aliud
1176 1125 86 49 erit

757 1161 93 49 eius
816 1161 117 49 causa:
897 1161 58 49 &
921 1161 93 49 quod
979 1161 140 49 quicquid
1084 1161 82 49 est
1131 1161 93 49 eius
1177 1161 82 49 causa

749 1197 56 49 &
771 1197 157 49 concipitur
895 1197 56 49 a
917 1197 135 49 causaro,
1018 1197 168 49 impossibile
1153 1197 79 49 est
1187 1197 67 49 quod

748 1237 179 49 causatum
882 1237 194 49 concipiat
1031 1237 194 49 essentiam
1166 1237 89 49 suam

752 1273 131 45 praeter
848 1273 96 45 hoc,
907 1273 96 45 quod
967 1273 155 45 concipiat
1087 1273 84 45 id,
1134 1273 84 45 quo
1170 1273 84 45 extat

749 1308 81 53 sua
796 1308 151 53 essentia.
912 1308 81 53 sed
958 1308 81 53 iam
1005 1308 93 53 fuit
1063 1308 162 53 declaratum
1190 1308 93 53 quod

747 1349 174 42 quodlibet
881 1349 147 42 ipsorum
988 1349 214 42 comprehendit
1149 1349 107 42 essen-

752 1388 95 49 tiam
812 1388 107 49 suam:
883 1388 95 49 ergo
943 1388 131 49 necesse
1038 1388 83 49 est
1085 1388 95 49 quod
1133 1388 131 49 caunsatum

751 1423 74 43 ab
788 1423 112 43 ipsis
862 1423 161 43 concipiat
986 1423 99 43 suam
1048 1423 136 43 causam.
1147 1423 99 43 Hinc
1197 1423 62 43 ap-

747 1465 115 45 paret
824 1465 102 45 quod
888 1465 128 45 aliqua
978 1465 115 45 eorum
1054 1465 102 45 sunt
1105 1465 154 45 principium

750 1500 185 45 quorundam
892 1500 156 45 aliorum
1005 1500 99 45 per
1062 1500 128 45 modum
1133 1500 128 45 formae,

752 1533 62 38 &
776 1533 198 38 efficientis,
937 1533 62 38 &
962 1533 124 38 finis,
1049 1533 111 38 sicut
1123 1533 99 38 fuit
1172 1533 87 38 osten

747 1574 101 48 sum
804 1574 87 48 de
848 1574 231 48 comparatione
1036 1574 130 48 eorum
1122 1574 87 48 ad
1151 1574 116 48 formam

745 1621 151 42 corporum
858 1621 188 42 coelestium.
1009 1621 88 42 nam
1059 1621 138 42 vtraque
1147 1621 113 42 compara

754 1649 79 41 tio
799 1649 79 41 est
844 1649 112 41 eadem.
922 1649 101 41 Neque
990 1649 79 41 est
1034 1649 67 41 in
1068 1649 79 41 eis
1113 1649 101 41 etiam
1169 1649 90 41 causa-

755 1692 117 44 propter
840 1692 138 44 causatum:
946 1692 85 44 quia
999 1692 159 44 impossibile
1126 1692 74 44 est
1169 1692 85 44 quod
1211 1692 53 44 no-

746 1724 135 52 bilius
841 1724 95 52 sit
895 1724 149 52 propter
1003 1724 203 52 ignobilius.
1165 1724 95 52 Sed
1206 1724 54 52 si

749 1762 154 49 prouenit
865 1762 154 49 causatum
981 1762 77 49 in
1019 1762 90 49 eis
1071 1762 64 49 a
1097 1762 129 49 causa,
1174 1762 90 49 illud

752 1801 147 49 quidem
855 1801 103 49 est
914 1801 118 49 quid
988 1801 162 49 sequens
1091 1801 176 49 perfectio
