1475 2066
170 157 188 55 diuisibile,
321 157 88 55 pro
371 157 75 55 id
408 157 100 55 quod
471 157 175 55 intelligit
608 157 75 55 de
633 157 63 55 se-

183 198 110 52 ipso.
256 198 61 52 &
280 198 98 52 ideo
341 198 85 52 non
390 198 171 52 intelligit
524 198 98 52 nisi
585 198 98 52 vnam
634 198 61 52 rei

179 236 129 49 simplicem
279 236 120 49 scilicet
368 236 80 49 eius
418 236 139 49 essentiam,
528 236 50 49 &
548 236 70 49 non
587 236 100 49 potest
647 236 50 49 in-

184 277 161 37 telligere
308 277 137 37 aliquam
407 277 211 37 pluralitatem,
581 277 112 37 neque
655 277 74 37 in

185 311 148 43 essentia
296 311 99 43 sua,
357 311 111 43 neque
431 311 111 43 extra
506 311 99 43 suam
555 311 148 43 essentiam.

179 349 117 51 Ipsum
257 349 104 51 enim
322 349 91 51 est
374 349 104 51 vnum
439 349 143 51 simplex
542 349 78 51 de
581 349 91 51 se:
620 349 78 51 alia

189 396 107 39 vero
256 396 107 39 sunt
323 396 107 39 vnum
390 396 94 39 per
444 396 134 39 ipsum.
538 396 81 39 Et
578 396 107 39 quia
632 396 67 39 vni

183 427 90 39 tas
235 427 77 39 in
273 427 155 39 quolibet
389 427 142 39 illorum
493 427 193 39 separatorum
635 427 64 39 fit

181 463 113 44 quidem
260 463 79 44 per
305 463 90 44 hoc,
361 463 90 44 quod
417 463 192 44 intelligibile
575 463 68 44 in
609 463 79 44 eis
643 463 56 44 sit

187 500 115 46 vnum,
264 500 64 46 &
289 500 89 46 hoc
340 500 89 46 fit
392 500 153 46 eleuando
506 500 102 46 illa
558 500 140 46 intelligi

184 540 116 38 bilia
262 540 129 38 plura,
352 540 129 38 quibus
443 540 220 38 identificatur
611 540 90 38 vnum-

179 577 146 53 quodque
285 577 146 53 ipsorum
391 577 80 53 ad
431 577 106 53 vnum
484 577 213 53 intelligibile-

186 619 144 49 sequitur
294 619 96 49 ergo
354 619 72 49 de
390 619 180 49 necessitate
535 619 96 49 quod
595 619 96 49 ipsa
643 619 60 49 vni

191 655 90 52 tas
243 655 116 52 vere,
320 655 64 52 &
346 655 116 52 primo
423 655 168 52 reperitur
552 655 77 52 in
591 655 103 52 ipso
643 655 64 52 pri

189 692 97 51 mo,
245 692 138 51 deinde
341 692 83 51 in
383 692 166 51 sequenti
507 692 138 51 ipsum,
590 692 111 51 postea

170 732 77 44 in
209 732 155 44 sequenti
325 732 116 44 illud
402 732 90 44 per
453 732 155 44 ordinem:
569 732 103 44 adeo
621 732 77 44 quod

184 767 105 43 huic
249 767 209 43 intellectui,
419 767 92 43 qui
472 767 92 43 est
524 767 78 43 in
563 767 131 43 nobis,
642 767 52 43 in

189 809 88 49 sit
239 809 113 49 maior
314 809 175 49 pluralitas
451 809 238 49 intelligibilium
639 809 63 49 qua

190 845 71 39 in
226 845 130 39 omnibus
320 845 213 39 intellectibus.
497 845 71 39 Et
533 845 83 39 hoc
580 845 83 39 est
615 845 83 39 illud

184 891 126 41 vnum,
268 891 84 41 de
310 891 98 41 quo
366 891 98 41 non
422 891 196 41 cessauimus
562 891 140 41 quaerere

184 921 80 39 in
224 921 200 39 praecedenti
383 921 173 39 tractatu.
517 921 67 39 &
543 921 93 39 hoc
596 921 93 39 est
636 921 67 39 il-

188 960 93 50 lud
241 960 107 50 vnum
308 960 93 50 per
361 960 93 50 se,
414 960 93 50 quo
468 960 160 50 reliquae
575 960 133 50 substan-

187 997 116 49 tiae
260 997 233 49 acquifierunt
449 997 116 49 suam
507 997 160 49 vnitatem.

201 1045 190 43 Tpostquam
348 1045 205 43 declaratum
509 1045 102 43 est
567 1045 102 43 id,
611 1045 88 43 quod

193 1073 78 49 A,
232 1073 195 49 attribuitur
388 1073 104 49 ipsi
454 1073 117 49 primo
532 1073 182 49 principio,
662 1073 39 49 &

194 1116 160 38 vnicuique
316 1116 123 38 entium
402 1116 110 38 horum
476 1116 196 38 separatorum,
623 1116 74 38 con-

191 1157 131 37 ueniens
287 1157 84 37 est
334 1157 179 37 consyderare
478 1157 131 37 quomodo
562 1157 143 37 ordinantur

193 1188 71 50 a
221 1188 128 50 primo
307 1188 199 50 principio,
463 1188 128 50 donec
548 1188 157 50 desinat
648 1188 57 50 or

195 1229 81 55 do
236 1229 81 55 ad
277 1229 189 55 ignobilius
425 1229 81 55 in
466 1229 122 55 gradu
547 1229 95 55 quo
601 1229 81 55 ad
628 1229 81 55 esse

190 1265 173 42 sensibiie,
326 1265 99 42 quae
387 1265 124 42 quidem
474 1265 99 42 sunt
536 1265 99 42 ipsa
585 1265 124 42 elementa

191 1302 215 54 simplicia,
360 1302 77 54 &
391 1302 108 54 mam
452 1302 154 54 prima.
560 1302 92 54 Et
590 1302 108 54 dicam

190 1348 93 46 quod
248 1348 81 46 iam
295 1348 70 46 ex
330 1348 174 46 praecedenti
469 1348 128 46 sermone
562 1348 139 46 ostensum
655 1348 46 46 es

186 1380 112 47 quod
256 1380 155 47 nobilor
369 1380 127 47 horum
453 1380 155 47 motorum
565 1380 98 47 est
608 1380 98 47 motor

183 1428 103 39 orbis
251 1428 161 39 stellarum,
378 1428 57 39 &
401 1428 92 39 quod
458 1428 92 39 ipse
515 1428 80 39 est
561 1428 103 39 illis
619 1428 80 39 prima

184 1455 123 51 causa.
270 1455 61 51 &
294 1455 86 51 hoc
344 1455 86 51 est
393 1455 111 51 totum
466 1455 123 51 illud,
552 1455 98 51 quod
602 1455 98 51 decla-

185 1497 115 41 ratum
262 1497 103 41 fuit
326 1497 90 41 iam
377 1497 77 41 ex
416 1497 90 41 hoc
467 1497 167 41 tractatu.
595 1497 90 41 Nos
634 1497 64 41 ant

181 1534 78 43 si
220 1534 220 43 comparationem
401 1534 155 43 faciamus
518 1534 117 43 inter
595 1534 104 43 illa
647 1534 52 43 ar

185 1580 159 45 tributa,
304 1580 146 45 propria
410 1580 106 45 illi
476 1580 132 45 primo,
555 1580 146 45 videlicet

189 1608 74 51 ex
226 1608 74 51 eo
263 1608 98 51 quod
324 1608 86 51 est
373 1608 98 51 vnum
435 1608 148 51 simplex,
545 1608 98 51 quod
607 1608 86 51 non
644 1608 49 51 in

184 1654 157 36 telligit
301 1654 78 36 de
341 1654 157 36 essentia
458 1654 91 36 sua
510 1654 144 36 aliquam
602 1654 91 36 plura

175 1685 153 46 litatem,
290 1685 64 46 &
316 1685 115 46 inter
392 1685 153 46 actionem
507 1685 115 46 huius
571 1685 128 46 motoris,

183 1726 181 44 inueniemus
325 1726 103 44 quod
390 1726 90 44 non
442 1726 233 44 correspodebunt
622 1726 78 44 sibi

180 1765 102 45 illa
244 1765 179 45 attributa.
385 1765 77 45 Ab
423 1765 102 45 ipso
487 1765 102 45 enim
551 1765 128 45 motore
628 1765 77 45 ops-

183 1805 73 53 de
219 1805 181 53 necessitate
364 1805 109 53 quod,
437 1805 145 53 procedat
546 1805 145 53 plusquam
643 1805 60 53 vna

719 161 132 41 forma:
811 161 106 41 quia
878 161 146 41 ipsemet
983 161 106 41 est,
1050 161 93 41 qui
1102 161 93 41 dat
1142 161 106 41 formam

723 197 111 45 coelo
797 197 160 45 stellato,
920 197 62 45 &
945 197 99 45 esse
1007 197 99 45 ipsi
1068 197 123 45 motori
1142 197 99 45 orbis,

723 235 89 46 qui
774 235 89 46 est
825 235 102 46 post
889 235 115 46 ipsum
965 235 76 46 in
1004 235 127 46 gradn,
1093 235 89 46 seu
1144 235 76 46 in
1169 235 64 46 ord

719 276 88 38 ne.
770 276 75 38 Ab
807 276 88 38 vno
857 276 113 38 tamen
932 276 163 38 simplici,
1058 276 163 38 inquantum
1170 276 63 38 est

721 316 151 47 simplex,
835 316 138 47 pruenit
935 316 113 47 vnum,
1011 316 138 47 quomodo
1111 316 113 47 ergo,
1174 316 63 47 pue

716 352 91 46 nit
768 352 78 46 ab
807 352 78 46 eo
846 352 182 46 multitudo,
990 352 91 46 cum
1042 352 104 46 vnum
1094 352 143 46 praeexcel

721 391 93 35 lat
774 391 120 35 aliud
854 391 146 35 inuices
960 391 93 35 Nam
1013 391 120 35 motor
1093 391 93 35 est
1146 391 80 35 de
1173 391 53 35 ne

721 427 156 50 cessitate
841 427 156 50 nobilior,
961 427 96 50 quam
1021 427 120 50 coelum
1105 427 96 50 (vel
1153 427 84 50 forma

727 465 130 41 coeli:)
822 465 59 41 &
846 465 95 41 illa
905 465 154 41 essentia,
1024 465 59 41 a
1047 465 95 41 qua,
1095 465 154 41 proueniunt,

724 504 101 50 haec
787 504 88 50 duo
838 504 113 50 esse,
913 504 113 50 habet
989 504 76 50 de
1027 504 189 50 necessitate
1165 504 76 50 par-

722 540 92 53 tes,
780 540 69 53 in
815 540 115 53 quibus
896 540 81 53 vna
942 540 81 53 est
988 540 139 53 nobilior
1092 540 104 53 alia.
1161 540 69 53 &,
1184 540 58 53 si-

723 579 86 39 haec
777 579 129 39 essentia
874 579 76 39 ita
917 579 65 39 se
950 579 97 39 habet
1014 579 129 39 scilicet
1112 579 97 39 motor
1165 579 76 39 coeli

722 621 168 37 stellarum,
854 621 168 37 necessario
986 621 96 37 ergo
1045 621 108 37 erunt
1117 621 132 37 cansta,
1213 621 60 37 &

724 657 109 41 habebit
803 657 109 41 causam,
883 657 79 41 quae
932 657 99 41 quidem
1002 657 69 41 est
1042 657 89 41 causa
1101 657 60 41 vt
1131 657 79 41 sit.
1180 657 69 41 sed
1210 657 30 41 i

719 695 102 43 ipso
783 695 166 43 principio
911 695 102 43 bene
975 695 179 43 conveniunt
1116 695 115 43 illae
1180 695 51 43 at

727 731 185 48 tributiones
875 731 210 48 praecedentes,
1048 731 62 48 &
1072 731 160 48 aequantur
1183 731 62 48 in-

719 769 120 53 ipso,
799 769 67 53 &
826 769 120 53 illud
906 769 94 53 est
959 769 107 53 ipse
1026 769 107 53 Veus
1080 769 160 53 sgloriosus

719 813 71 42 &
747 813 184 42 excelsus.
889 813 99 42 Nam
946 813 142 42 ponere
1045 813 128 42 aliud
1116 813 128 42 princi-

721 845 97 51 pium
782 845 109 51 prius
854 845 109 51 isto,
927 845 109 51 esset
1000 845 73 51 de
1037 845 182 51 necessitate
1170 845 73 51 sup-

722 885 138 53 fiuum:
819 885 69 53 &
846 885 138 53 natura
943 885 97 53 non
998 885 124 53 habet
1067 885 180 53 superfluum.

764 924 85 47 Sed
813 924 134 47 quomodo
910 924 171 47 ordinentur
1045 924 110 47 insta
1106 924 134 47 principia

721 961 75 42 ab
759 961 100 42 isto
822 961 125 42 primo.
909 961 75 42 Vt
947 961 100 42 quod
1009 961 213 42 convenientius
1172 961 75 42 est,

729 1006 69 36 vt
763 1006 115 36 illud,
843 1006 92 36 quod
900 1006 80 36 est
946 1006 92 36 sibi
1003 1006 183 36 propinquius,
1152 1006 80 36 sit
1198 1006 69 36 in

723 1039 192 48 telligibile
877 1039 180 48 simplicius
1018 1039 64 48 &
1044 1039 167 48 nobilius.
1172 1039 103 48 Sed,

718 1077 104 46 quia
783 1077 91 46 non
835 1077 142 46 apparet
938 1077 142 46 aliquis
1042 1077 117 46 motor
1120 1077 155 46 nobilior

720 1117 144 43 motore
820 1117 187 43 vniuersi,
964 1117 115 43 ideo
1036 1117 172 43 oportuit
1151 1117 86 43 quod

727 1155 98 50 ipse
788 1155 86 50 sit
837 1155 111 50 illud
911 1155 135 50 primum,
1009 1155 74 50 ia
1046 1155 86 50 quo
1083 1155 160 50 proceditur,

725 1189 69 49 de
759 1189 114 49 ordine
839 1189 103 49 tamen
907 1189 114 49 illius
988 1189 91 49 quid
1045 1189 137 49 sequitur
1148 1189 91 49 post
1193 1189 46 49 ip

723 1227 90 51 sum
774 1227 90 51 est
826 1227 231 51 consyderandum,
1018 1227 141 51 quoniam
1108 1227 128 51 consente

722 1264 105 42 neum
787 1264 92 42 est
840 1264 92 42 (vt
892 1264 157 42 diximus,
1010 1264 105 42 immo
1062 1264 183 42 necessarium,

723 1305 172 49 preponere
855 1305 172 49 nobilius.
988 1305 172 49 Nobilitas
1121 1305 119 49 autem
1187 1305 53 49 in

722 1345 92 50 his
775 1345 79 50 vt
814 1345 105 50 esse
880 1345 92 50 ex.
933 1345 92 50 vna
985 1345 145 50 quatuor
1091 1345 132 50 rerum,
1170 1345 79 50 Vide

717 1384 124 42 licet
800 1384 83 42 ex
841 1384 193 42 velocitate
993 1384 138 42 motus:
1089 1384 96 42 Aut
1145 1384 83 42 ex
1172 1384 69 42 ma-

718 1420 196 51 gnitudine
869 1420 151 51 corpis
974 1420 166 51 mobilis
1079 1420 166 51 maiorique

719 1458 166 48 ambitu:
840 1458 106 48 Aut
900 1458 226 48 magnitudine
1066 1458 181 48 stellarum,

718 1500 121 50 siue
793 1500 227 50 multitudine
975 1500 151 50 earum:
1081 1500 151 50 Quarta
1171 1500 76 50 ex-

719 1538 183 45 pluralitate
865 1538 134 45 motuum,
963 1538 122 45 quibus
1049 1538 171 45 perficitur
1171 1538 61 45 mot

724 1572 152 45 stellae,
838 1572 63 45 &
864 1572 164 45 paucitate
990 1572 127 45 eorum.
1079 1572 89 45 Num
1117 1572 127 45 quilibet

716 1620 138 42 motor,
813 1620 97 42 qui
868 1620 180 42 indigeead
1006 1620 166 42 motionem
1117 1620 124 42 stella-

719 1649 152 49 pluribus
834 1649 178 49 motoribus,
973 1649 102 49 est,
1037 1649 191 49 proculdubio
1177 1649 64 49 si-

722 1684 65 53 bi
755 1684 119 53 quaedam
841 1684 162 53 imperfectio
971 1684 130 53 respectu
1069 1684 119 53 illius,
1155 1684 76 53 qui
1188 1684 54 53 mil

723 1732 136 46 noribus
822 1732 149 46 indixet.
933 1732 87 46 Est
983 1732 87 46 ant
1032 1732 173 46 manifestum
1169 1732 99 46 quod

718 1757 118 59 motor
796 1757 196 59 orpostellax
953 1757 118 59 habet
1032 1757 183 59 dignitatem
1163 1757 78 59 his,

718 1802 110 56 modis
791 1802 146 56 scilicet
900 1802 97 56 quia
961 1802 97 56 eius
1022 1802 110 56 motus
1095 1802 85 56 est
1132 1802 110 56 velocio
