1475 2066
193 172 138 47 facit,
290 172 110 47 quia
359 172 124 47 habet
442 172 124 47 ipsum
525 172 83 47 in
566 172 97 47 se.
608 172 110 47 Aristo

209 221 136 37 teles
299 221 136 37 autem
390 221 106 37 non
450 221 136 37 ponit
541 221 91 37 in
571 221 151 37 scientia

207 256 181 45 Naturali
343 256 212 45 principium
509 256 166 45 aliquod
615 256 106 45 sepa-

212 292 126 39 ratum,
301 292 101 39 quod
364 292 88 39 sit
414 292 202 39 intellectus,
578 292 101 39 nisi
641 292 76 39 in
667 292 50 39 in

204 328 189 50 tellectu
346 328 174 50 humano,
473 328 79 50 &
504 328 95 50 in
551 328 126 50 motu
615 328 110 50 corpo

204 368 117 42 rum
271 368 251 42 coelestium.
472 368 100 42 In
522 368 167 42 humano
623 368 100 42 qui-

207 406 104 36 dem
267 406 208 36 intellectu
430 406 104 36 cum
490 406 223 36 intellectus
653 406 60 36 ma

211 445 158 37 terialis
329 445 92 37 non
382 445 92 37 sit
435 445 145 37 mixtus,
540 445 119 37 neque
620 445 92 37 est
659 445 66 37 ibi

211 491 187 39 materia,
352 491 109 39 ita
414 491 125 39 quod
492 491 187 39 oporteat
616 491 109 39 ipsum

209 521 229 41 transmutari
392 521 92 41 ab
438 521 153 41 aliquo
545 521 183 41 corpore:
667 521 61 41 in

212 565 200 41 corporibus
369 565 114 41 vero
440 565 229 41 coelestibus,
612 565 114 41 propte

203 596 108 51 rea
264 596 124 51 quia
342 596 201 51 perdurant
497 596 93 51 in
528 596 170 51 infinitum

238 636 81 46 Et
279 636 81 46 si
320 636 95 46 ita
374 636 108 46 est,
441 636 81 46 vt
482 636 203 46 narrauimus,
630 636 95 46 sermo

210 684 105 43 ergo
276 684 79 43 in
315 684 158 43 scientia
433 684 105 43 illa
499 684 118 43 cogit
578 684 92 43 nos
617 684 92 43 ponem

211 714 89 49 re
256 714 208 49 principium
419 714 223 49 extrinsecum
598 714 89 49 ad
628 714 89 49 esse

208 754 218 46 plantarum
376 754 84 46 &
409 754 234 46 animalium.
576 754 151 46 quoniam

210 789 105 47 nos
270 789 165 47 videmus
390 789 120 47 ipsa
465 789 150 47 habere
554 789 165 47 potentias

209 829 120 42 quae
284 829 150 42 habent
389 829 225 42 operationes
555 829 165 42 determina

207 866 117 53 tas,
281 866 147 53 quibus
383 866 132 53 agunt
471 866 88 53 ad
516 866 161 53 aliquem
618 866 103 53 finem

212 909 86 45 vt
255 909 129 45 anima
340 909 200 45 nutritiua.
497 909 71 45 &
526 909 114 45 ideo
597 909 100 45 non
640 909 86 45 pos-

210 945 113 37 sunt
280 945 169 37 attribui
407 945 197 37 elementis.
562 945 127 37 Neque
632 945 85 37 pos-

210 981 107 38 sunt
276 981 120 38 etiam
356 981 160 38 attribui
476 981 80 38 in
516 981 107 38 esse
583 981 93 38 suo
636 981 80 38 ad
676 981 80 38 in

201 1021 196 51 diuiduum
348 1021 261 51 generatiuum,
560 1021 114 51 cum
609 1021 114 51 indi-

210 1060 158 50 uiduum
321 1060 189 50 praestat
463 1060 237 50 huiuscemodi
636 1060 79 50 res

214 1101 184 37 videlicet
356 1101 99 37 vel
412 1101 170 37 materiam
526 1101 184 37 recipientem

206 1140 98 44 vel
262 1140 168 44 organum,
388 1140 84 44 vt
430 1140 98 44 res
487 1140 84 44 se
529 1140 126 44 habet
613 1140 84 44 de
641 1140 84 44 sper

198 1174 133 54 mate
281 1174 83 54 &
314 1174 199 54 sanguine
464 1174 216 54 menstruo.
630 1174 83 54 &
646 1174 83 54 hoc

206 1219 130 32 totum
292 1219 101 32 iam
350 1219 87 32 in
394 1219 174 32 scientia
524 1219 174 32 Naturali
640 1219 87 32 fuit

206 1253 210 37 declaratum.
374 1253 112 37 Sed,
444 1253 84 37 si
486 1253 98 37 res
528 1253 196 37 consyderetur

205 1290 81 41 in
246 1290 95 41 hac
300 1290 176 41 scientia,
436 1290 149 41 videtur
545 1290 109 41 quod
612 1290 95 41 id,
653 1290 68 41 quo

211 1324 94 46 hae
264 1324 94 46 res
318 1324 107 46 sunt
385 1324 214 46 intellectae,
546 1324 174 46 impossibile

196 1366 109 53 est
259 1366 125 53 quod
337 1366 203 53 generetur
493 1366 94 53 ex
539 1366 140 53 forma
617 1366 94 53 mate

203 1413 125 29 riali
286 1413 222 29 indiuiduali,
467 1413 181 29 inquantum
606 1413 97 29 est
661 1413 83 29 in

206 1444 220 38 diuidualis.
382 1444 117 38 Nam,
455 1444 88 38 si
499 1444 88 38 de
543 1444 146 38 natura
631 1444 88 38 for-

206 1480 102 53 mae
265 1480 204 53 materialis
425 1480 131 53 esset
513 1480 175 53 generare
629 1480 88 53 for-

204 1520 109 43 mam
267 1520 93 43 in
313 1520 171 43 materia
438 1520 202 43 inquantum
594 1520 109 43 est
640 1520 78 43 ma-

212 1561 168 50 terialis,
341 1561 103 50 ergo
406 1561 90 50 non
457 1561 129 50 posset
547 1561 116 50 illud
612 1561 103 50 attri-

205 1597 105 54 bui
265 1597 150 54 formae
370 1597 210 54 separatae:
534 1597 105 54 sed
594 1597 105 54 iam
639 1597 90 54 fuit

204 1644 181 40 ostensum
340 1644 121 40 quod
416 1644 151 40 formae
521 1644 197 40 separatae
658 1644 60 40 ge

205 1685 147 43 nerant
308 1685 147 43 formas
411 1685 88 43 in
455 1685 176 43 materia:
588 1685 118 43 ergo
646 1685 74 43 ne-

196 1713 140 53 cesse
290 1713 109 53 est
352 1713 124 53 quod
430 1713 109 53 non
492 1713 187 53 generent
616 1713 109 53 ipsas

197 1752 147 43 formae
300 1752 221 43 materiales.
477 1752 147 43 Itidem
581 1752 133 43 etiam
654 1752 74 43 est

195 1791 232 52 necessarium,
384 1791 87 52 eo
428 1791 116 52 quia
500 1791 102 52 res
544 1791 174 52 materialis

205 1829 237 54 indiuidualis
398 1829 163 54 generat
516 1829 104 54 rem
561 1829 163 54 indiuidua

738 173 92 45 lem
791 173 119 45 sicut
870 173 92 45 est
923 173 119 45 ipsa:
1002 173 92 45 sed
1055 173 119 45 forma
1121 173 132 45 intelli-

737 212 150 54 gibilis
847 212 164 54 generata
970 212 96 54 non
1025 212 150 54 videtur
1134 212 109 54 esse
1189 212 68 54 res

743 252 246 47 indiuidualis:
945 252 203 47 quapropter
1105 252 159 47 oportet
1206 252 58 47 vt

741 288 210 42 intellectus
909 288 126 42 agens
993 288 98 42 sit
1049 288 126 42 dator
1119 288 140 42 formarum

741 332 192 46 corporum
885 332 240 46 simplicium,
1077 332 80 46 &
1093 332 160 46 aliorum.

741 365 160 53 generans
861 365 134 53 igitur
954 365 93 53 per
1008 365 80 53 se
1048 365 134 53 ipsius
1128 365 120 53 indiui-

736 404 105 46 qui
796 404 105 46 est
856 404 209 46 indiuiduum
1020 404 134 46 sicut
1110 404 149 46 ipsum.
1214 404 75 46 &

737 440 115 42 ideo
808 440 129 42 dicit
894 440 186 42 Aristote.
1038 440 115 42 quod
1110 440 100 42 Sol
1167 440 72 42 &
1181 440 72 42 ho-

732 485 99 37 mo
781 485 197 37 generant
929 485 197 37 hominem.
1060 485 197 37 Indiuiduum

744 517 136 54 autem
834 517 196 54 generatur
985 517 105 54 per
1045 517 105 54 se.
1105 517 105 54 sed
1151 517 105 54 forma

743 555 189 50 generatur
889 555 102 50 per
947 555 189 50 accidens.
1092 555 73 50 &
1121 555 116 50 ideo
1179 555 73 50 ap-

741 597 132 45 paret
830 597 118 45 quod
903 597 118 45 eius
977 597 176 45 generans
1109 597 103 45 est
1153 597 103 45 aliud

739 636 94 51 ab
786 636 220 51 indiuiduo.
959 636 220 51 indiuiduum
1132 636 126 51 ergo
1195 636 63 51 ho

735 671 145 54 minis,
837 671 116 54 quod
910 671 189 54 generatur
1055 671 102 54 per
1113 671 102 54 se,
1157 671 87 54 gene

740 711 132 35 ratur
828 711 73 35 a
858 711 117 35 Sole
931 711 205 35 indiuiduo,
1092 711 73 35 &
1121 711 88 35 ab
1150 711 103 35 homi-

734 749 85 50 ne
776 749 198 50 indiuiduo.
932 749 127 50 illud
1017 749 127 50 vero,
1101 749 113 50 quod
1158 749 99 50 gene-

735 789 128 45 ratur
820 789 99 45 per
877 789 184 45 accidens,
1018 789 71 45 &
1047 789 99 45 est
1103 789 113 45 ipsa
1160 789 99 45 huma-

743 822 143 44 nitas,
843 822 186 44 generatur
986 822 86 44 ab
1029 822 115 44 ipsa
1086 822 172 44 humanitate

741 862 204 44 expoliata
898 862 78 44 a
930 862 188 44 materia.
1071 862 126 44 Iste
1134 862 126 44 inquam

745 907 96 31 est
800 907 124 31 sermo
883 907 124 31 inter
965 907 110 31 viam
1033 907 165 31 Aristot.
1157 907 69 31 &
1171 907 82 31 viam

741 939 167 47 Platonis
867 939 84 47 de
908 939 112 47 hoc,
978 939 181 47 scilicet,
1118 939 112 47 quod
1173 939 84 47 for-

742 978 82 52 ma
783 978 96 52 sit
838 978 137 52 agens.
934 978 69 52 &
962 978 137 52 retine
1057 978 137 52 ipsum,
1140 978 123 52 quoniam

739 1014 91 44 hoc
791 1014 104 44 modo
856 1014 169 44 tollentur
986 1014 156 44 reliquae
1091 1014 156 44 falsitates

781 1054 83 42 Si
823 1054 110 42 ergo
891 1054 96 42 ita
946 1054 110 42 est,
1015 1054 83 42 vt
1056 1054 206 42 narrauimus,
1208 1054 41 42 &

741 1093 164 38 ostensum
864 1093 109 38 fuit
933 1093 109 38 quod
1001 1093 150 38 corpora
1097 1093 150 38 coelestis

741 1131 110 41 sunt
810 1131 138 41 causa,
907 1131 83 41 vt
948 1131 165 41 elementa
1072 1131 152 41 habeant
1168 1131 83 41 esse

737 1168 74 52 &
767 1168 118 52 quot
840 1168 132 52 modis
928 1168 118 52 sint
1002 1168 132 52 eorum
1090 1168 162 52 causae:
1193 1168 59 52 se

745 1206 142 57 quitur
844 1206 114 57 ergo
916 1206 114 57 quod
987 1206 142 57 formae
1072 1206 185 57 elementorum

741 1247 116 42 sunt
814 1247 131 42 causa
901 1247 189 42 propinqua
1047 1247 87 42 vt
1090 1247 102 42 sit
1134 1247 131 42 materia

742 1284 144 46 prima,
842 1284 115 46 quae
914 1284 101 46 est
972 1284 172 46 communis
1101 1284 115 46 eis.
1173 1284 72 46 &
1187 1284 72 46 hoc

738 1321 97 51 per
794 1321 125 51 modum
877 1321 139 51 formae
974 1321 69 51 &
1002 1321 125 51 finis
1085 1321 153 51 tantum:
1183 1321 69 51 nam

741 1361 227 41 impossibile
923 1361 106 41 est
983 1361 258 41 comprehendere
1180 1361 76 41 de-

739 1401 134 41 causis
832 1401 160 41 materiae
953 1401 134 41 primae
1046 1401 107 41 nisi
1113 1401 120 41 istas
1180 1401 80 41 duas

743 1437 128 50 causas
833 1437 141 50 tantum.
935 1437 141 50 quoniam
1037 1437 115 50 agens
1114 1437 102 50 ideo
1165 1437 90 50 effi-

738 1466 98 63 cit
794 1466 169 63 aliquid,
921 1466 112 63 quia
991 1466 169 63 praestat
1103 1466 155 63 essentiam

740 1516 129 38 suam,
826 1516 115 38 quae
897 1516 158 38 videtur
1012 1516 115 38 esse
1084 1516 115 38 eius
1141 1516 115 38 forma.

736 1560 69 34 &
764 1560 153 34 materia
875 1560 125 34 prima
958 1560 97 34 non
1013 1560 97 34 est
1069 1560 166 34 essentia
1180 1560 83 34 for-

738 1591 112 51 mae,
808 1591 112 51 quod
879 1591 141 51 habeat
977 1591 141 51 agens.
1075 1591 127 51 Neque
1146 1591 112 51 potest

742 1637 206 40 comprehendi
907 1637 124 40 etiam
990 1637 83 40 in
1031 1637 83 40 ea
1072 1637 110 40 alia
1127 1637 124 40 materia

750 1677 102 37 quia
814 1677 102 37 ipsa
877 1677 89 37 est
928 1677 127 37 prima.
1017 1677 102 37 Pont
1081 1677 114 37 adhuc
1145 1677 114 37 materia

740 1709 84 45 ali
788 1709 84 45 ter
836 1709 180 45 comprehendi
980 1709 96 45 quod
1040 1709 84 45 sit
1088 1709 120 45 causa,
1160 1709 96 45 videli

746 1749 90 50 cet
798 1749 103 50 quia
862 1749 90 50 cum
913 1749 142 50 materia
1016 1749 142 50 dicatur
1119 1749 77 50 de
1158 1749 103 50 ipsa
1222 1749 64 50 &

743 1788 96 46 de
791 1788 191 46 materi:s
934 1788 191 46 corporum
1062 1788 191 46 celestium,

738 1829 182 48 secundum
874 1829 167 48 quendam
995 1829 136 48 modum
1086 1829 197 48 analogia,
