1475 2066
196 165 175 55 scilicet
328 165 175 55 secundum
459 165 131 55 prius
547 165 73 55 &
561 165 161 55 posterius

203 205 64 54 &
229 205 77 54 in
267 205 102 54 his,
331 205 102 54 quae
395 205 90 54 ita
446 205 77 54 se
485 205 141 54 habent,
587 205 115 54 illud
651 205 64 54 pri

211 244 92 54 est
264 244 119 54 causa
343 244 79 54 vt
382 244 92 54 sit
435 244 185 54 posterius:
580 244 92 54 sic
620 244 105 54 igitur

198 287 177 36 materia
326 287 193 36 corporum
471 287 225 36 coelestium
632 287 96 36 erit

202 321 131 41 causa
290 321 87 41 vt
333 321 116 41 ista
406 321 160 41 materia
522 321 116 41 sit,
594 321 73 41 &
609 321 116 41 formae

206 365 195 38 corporum
352 365 228 38 coelestium
532 365 163 38 tantum
629 365 98 38 sunt

207 397 144 49 causa,
307 397 86 49 vt
351 397 173 49 materiae
480 397 158 49 ipsorum
595 397 130 49 sint.
667 397 58 49 Et

202 444 207 30 necessitas
365 444 133 30 huius
453 444 162 30 ordinis
571 444 133 30 eorum
660 444 89 30 in

207 472 194 42 telligitur
359 472 97 42 hoc
415 472 125 42 modo,
498 472 180 42 scilicet,
636 472 111 42 quod

209 516 97 37 cum
265 516 111 37 illa
334 516 111 37 sint
404 516 194 37 abstracta,
556 516 153 37 oportet
654 516 69 37 om-

212 550 104 51 nino
277 550 143 51 ratione
381 550 91 51 sui
433 550 104 51 esse
499 550 156 51 perfecti
616 550 78 51 vt
642 550 78 51 pro-

217 588 137 38 cedant
313 588 82 38 ab
355 588 96 38 eis
409 588 110 38 alia
478 588 137 38 entia.
574 588 69 38 &
602 588 96 38 cum
643 588 82 38 for-

203 624 122 42 mae
272 624 227 42 aliquorum
447 624 157 42 horum
552 624 175 42 entium
657 624 70 42 im

215 666 173 47 possibile
348 666 93 47 est
401 666 106 47 quin
467 666 146 47 habeant
574 666 120 47 subie
640 666 80 47 ctum

208 700 108 38 ideo
276 700 108 38 fuit
344 700 149 38 necesse
452 700 81 38 vt
492 700 189 38 reperiatur
627 700 95 38 subie

213 737 130 41 ctum.
299 737 130 41 Istae
386 737 130 41 autem
473 737 145 41 formae
574 737 145 41 habent
661 737 58 41 ma

211 774 138 53 teriam
308 774 152 53 propter
418 774 234 53 necessitatem.
611 774 96 53 sed
652 774 69 53 es-

213 812 74 55 se
250 812 112 55 earum
324 812 74 55 in
362 812 137 55 seipsis
461 812 87 55 est
510 812 186 55 nobilitatis
647 812 62 55 gra

206 852 110 50 tia,
275 852 137 50 idest,
371 852 110 50 quod
440 852 192 50 necessario
577 852 137 50 estsmeli

213 888 126 42 quod
292 888 158 42 animae
403 888 190 42 corporum
529 888 190 42 sphaerico-

212 926 111 44 rum
276 926 127 44 sint
355 926 127 44 quam
435 926 127 44 quod
514 926 111 44 non
578 926 143 44 sint.
657 926 64 44 Et

208 965 95 51 per
263 965 95 51 hoc
317 965 163 51 soluitur
439 965 136 51 illud,
534 965 109 51 quod
602 965 122 51 solet
670 965 54 51 du

210 1004 156 38 pitari
319 1004 93 38 de
366 1004 125 38 esse
444 1004 171 38 istarum
553 1004 156 38 formarum

207 1045 112 37 quae
277 1045 112 37 sunt
348 1045 112 37 hic.
418 1045 141 37 Potest
516 1045 141 37 nanque
601 1045 127 37 aliquis

213 1081 166 41 dicere,
334 1081 106 41 cum
394 1081 166 41 habeant
515 1081 121 41 esse
590 1081 91 41 in
620 1081 106 41 rebus

211 1117 195 46 separatis
361 1117 180 46 secundum
495 1117 120 46 esse
555 1117 165 46 nobilius,

208 1155 100 51 cur
265 1155 144 51 igitur
366 1155 215 51 inueniuntur
538 1155 115 51 post
610 1155 100 51 hoc
653 1155 57 51 se

210 1194 152 52 cundum
316 1194 227 52 ignobilius.
498 1194 106 52 Sed
558 1194 136 52 dicet
634 1194 91 52 ali-

213 1232 110 46 quis
282 1232 110 46 quod
351 1232 124 46 finis
433 1232 165 46 intentus
556 1232 110 46 fuit
611 1232 110 46 ratio-

207 1271 81 43 ne
247 1271 175 43 materiae,
382 1271 67 43 &
408 1271 94 43 sic
462 1271 108 43 erit
530 1271 162 43 nobilius
637 1271 81 43 pro-

204 1307 127 46 pter
283 1307 206 46 ignobile.
441 1307 111 46 Nos
505 1307 142 46 autem
584 1307 142 46 dicamus

212 1346 128 49 quod
292 1346 240 49 huiuscemodi
483 1346 128 49 esse
563 1346 144 49 earum
643 1346 80 49 est

211 1385 74 41 ex
248 1385 148 41 necessit
359 1385 86 41 ate
408 1385 124 41 ipsius
495 1385 99 41 esse
556 1385 148 41 secundi.
655 1385 62 41 es-

203 1422 94 55 se
250 1422 156 55 nanque
360 1422 188 55 nobilius
500 1422 109 55 est
563 1422 125 55 quam
641 1422 109 55 non

212 1464 120 48 esse.
291 1464 66 48 &
318 1464 106 48 ideo
385 1464 133 48 habent
478 1464 106 48 esse
531 1464 186 48 imperfectius

213 1500 76 50 &
243 1500 136 50 earum
334 1500 136 50 esse:
425 1500 227 50 imperfectum
606 1500 106 50 est
652 1500 61 50 no

216 1538 155 40 bilioris
332 1538 90 40 rei
384 1538 129 40 gratia
474 1538 155 40 respectu
577 1538 142 40 priuatio-

206 1576 106 42 nis
267 1576 152 42 earum.
373 1576 121 42 Sunt
449 1576 137 42 autem
525 1576 197 42 imperfectae

209 1615 189 43 secundum
351 1615 142 43 esse,
445 1615 79 43 &
477 1615 157 43 formae
587 1615 94 43 in
619 1615 94 43 mate

213 1661 114 41 rijs
284 1661 157 41 propter
399 1661 243 41 necessitatem:
599 1661 114 41 quia
656 1661 57 41 im

215 1701 179 37 possibile
353 1701 96 37 est
408 1701 110 37 quod
477 1701 207 37 reperiantur
628 1701 83 37 per-

213 1730 211 40 fectiori
372 1730 158 40 modo.
477 1730 88 40 &
495 1730 229 40 quemadmodum

212 1765 107 46 est
273 1765 137 46 nobis
364 1765 183 46 nobilius
501 1765 107 46 cum
547 1765 167 46 perueneri

213 1812 104 38 mus
273 1812 89 38 ad
317 1812 164 38 vltimam
436 1812 253 38 perfectionem,
630 1812 89 38 quod

740 165 150 53 iuuemus
850 165 123 53 alios
932 165 82 53 de
973 165 109 53 illa
1041 165 205 53 perfectione
1191 165 82 53 quam

737 209 94 41 tum
790 209 94 41 est
844 209 188 41 possibile,
991 209 94 41 sic
1045 209 80 41 se
1085 209 134 41 habent
1165 209 94 41 prin-

738 253 125 45 cipia
822 253 167 45 separata
947 253 84 45 ad
989 253 111 45 esse
1058 253 167 45 corporum
1170 253 84 45 coe-

742 284 166 38 lestium
863 284 91 38 ab
908 284 151 38 ipsis.
1014 284 106 38 Sed
1074 284 151 38 formae
1164 284 91 38 qua-

734 325 123 45 tuor
810 325 199 45 corporum,
964 325 138 45 idest
1040 325 215 45 elementorum,

737 358 122 44 sunt
813 358 153 44 quidem
920 358 168 44 propter
1027 358 230 44 necessitatem,

735 403 171 45 scilicet
863 403 157 45 propter
977 403 114 45 esse
1048 403 142 45 formae
1133 403 114 45 corpo-

741 437 106 37 rum
802 437 258 37 sphaericorum.
1014 437 121 37 sunt
1090 437 152 37 quoque
1196 437 91 37 in

736 473 145 41 materia
841 473 211 41 necessitatis
1012 473 145 41 gratia,
1117 473 79 41 ac
1157 473 79 41 si
1183 473 66 41 con

742 510 167 51 iungatur
868 510 84 51 in
909 510 98 51 eis
965 510 195 51 necessitas
1119 510 139 51 duobus
1202 510 56 51 mo

736 549 113 37 dis:
807 549 99 37 vno
863 549 127 37 modo,
948 549 85 37 ex
990 549 85 37 eo
1033 549 113 37 quod
1104 549 127 37 sunt:
1174 549 71 37 se-

743 589 135 37 cundo
833 589 90 37 ex
878 589 90 37 eo
923 589 120 37 quod
998 589 120 37 sunt
1073 589 90 37 in
1103 589 150 37 materia.

742 622 100 40 Et
792 622 149 40 causa
892 622 149 40 horum
991 622 166 40 duorum
1091 622 166 40 necessa-

740 662 135 48 riorum
834 662 81 48 in
874 662 94 48 eis
928 662 94 48 est
982 662 108 48 esse
1050 662 162 48 corporum
1158 662 94 48 sphae

741 701 185 37 ricorum.
879 701 108 37 Nam
941 701 231 37 necessitas,
1126 701 108 37 que
1172 701 77 37 fa-

735 737 90 42 cit
787 737 116 42 ipsas
864 737 116 42 esse,
941 737 90 42 est
992 737 103 42 esse
1056 737 154 42 corporum
1159 737 90 42 sphae

737 779 162 44 ricorum:
858 779 67 44 &
885 779 121 44 ipsas
966 779 108 44 esse
1033 779 81 44 in
1074 779 162 44 materijs
1182 779 67 44 est

734 818 115 44 esse
806 818 173 44 corporum
936 818 245 44 spliaericorum
1138 818 87 44 in
1166 818 87 44 sub-

729 852 169 38 iecto.
847 852 169 38 Formae
965 852 135 38 vero
1033 852 219 38 aduenientes

737 890 137 48 post
822 890 205 48 mxtionem
976 890 274 48 elementorum,
1199 890 86 48 &

741 933 134 37 eorum
831 933 299 37 contemperaturam,
1085 933 134 37 sicut
1159 933 90 37 sunt

740 965 154 45 formae
847 965 261 45 vegetabilium:
1063 965 77 45 &
1093 965 138 45 forma
1170 965 77 45 ho-

733 1013 147 39 minis,
836 1013 147 39 habent
939 1013 117 39 suum
1012 1013 117 39 esse
1086 1013 88 39 in
1130 1013 88 39 se
1159 1013 88 39 pro-

740 1052 129 38 pter
820 1052 161 38 animam
933 1052 241 38 rationalem:
1126 1052 80 38 &
1142 1052 113 38 anima

742 1079 182 52 rationalis
885 1079 143 52 propter
989 1079 169 52 nobilius,
1119 1079 117 52 sicut
1184 1079 65 52 res

734 1124 85 42 se
776 1124 127 42 habet
861 1124 85 42 in
903 1124 197 42 corporibus
1044 1124 197 42 coelestibus,

755 1160 95 43 Et
803 1160 127 43 ideo
882 1160 175 43 videtur
1009 1160 127 43 quod
1088 1160 143 43 horum
1168 1160 79 43 en-

741 1197 116 46 tium,
819 1197 155 46 scilicet
935 1197 194 46 inferiorum,
1090 1197 129 46 illud,
1167 1197 78 46 quod

737 1233 99 41 est
793 1233 212 41 propinquius
963 1233 85 41 in
1006 1233 184 41 dignitate
1147 1233 85 41 ad
1175 1233 71 41 con

747 1268 107 50 pora
814 1268 187 50 coelestia,
961 1268 94 50 est
1014 1268 121 50 homo.
1095 1268 94 50 nam
1148 1268 94 50 est
1188 1268 54 50 ve

738 1308 115 38 luti
809 1308 143 38 medium
909 1308 129 38 inter
995 1308 115 38 esse
1067 1308 186 38 aeternum,
1210 1308 72 38 &

733 1348 234 50 generabile
917 1348 284 50 corruptibile.
1135 1348 117 50 Anima

739 1397 130 41 quoque
830 1397 182 41 rationalis
973 1397 91 41 est
1025 1397 78 41 in
1064 1397 156 41 materia,
1168 1397 78 41 pro-

746 1422 111 42 pter
816 1422 236 42 necessitatem.
1010 1422 69 42 &
1038 1422 181 42 proportio
1163 1422 83 42 ani-

746 1469 91 37 mae
798 1469 181 37 rationalis
940 1469 91 37 hic
992 1469 78 37 ad
1031 1469 91 37 id,
1083 1469 104 37 quod
1147 1469 91 37 est
1186 1469 65 37 de-

734 1501 136 37 formis
830 1501 96 37 sub
884 1501 123 37 ipsa,
966 1501 96 37 est
1021 1501 177 37 proportio
1144 1501 109 37 ipsius

735 1539 206 40 rationalis
897 1539 88 40 ad
941 1539 221 40 intellectum
1103 1539 147 40 adeptum.

743 1574 72 41 &
771 1574 187 41 proportio
916 1574 202 41 sensitiuae
1074 1574 86 41 ad
1103 1574 144 41 rationa-

735 1617 101 46 lem
792 1617 101 46 est
850 1617 187 46 proportio
994 1617 187 46 materiae.
1138 1617 72 46 &
1152 1617 101 46 simi-

740 1653 120 37 liter
820 1653 173 37 proportio
953 1653 187 37 nutritiuae
1099 1653 80 37 ad
1126 1653 120 37 sensiti

742 1692 125 38 uam,
820 1692 78 38 &
851 1692 203 38 proportio
1007 1692 218 38 similarium
1163 1692 78 38 par

744 1730 123 40 tium
821 1730 92 40 ad
867 1730 216 40 nutritiuam
1036 1730 108 40 est
1083 1730 169 40 proportio

744 1764 171 46 materiae
872 1764 128 46 etiam
958 1764 86 46 ad
1000 1764 214 46 nutritiuam,
1171 1764 71 46 &
1186 1764 71 46 est

729 1804 189 46 scilicet
871 1804 189 46 eademmet
1013 1804 205 46 proportio
1155 1804 95 46 for
