1475 2066
203 167 160 42 liquum,
320 167 102 42 non
378 167 160 42 faceret
494 167 174 42 diuersas
610 167 116 42 opera-

220 205 128 45 tiones
310 205 77 45 in
348 205 154 45 diuersis
463 205 192 45 temporibus,
617 205 64 45 &
642 205 64 45 ,
655 205 77 45 pro-

214 237 140 51 pterea
312 237 182 51 calefiunt
452 237 140 51 noctes
551 237 154 51 tempore
649 237 84 51 fri-

209 285 147 41 goris,
312 285 74 41 &
342 285 250 41 infrigidantur
548 285 88 41 in
577 285 147 41 tempore.

213 313 182 51 caloris.
349 313 137 51 Causa
441 313 152 51 autem,
547 313 91 51 ob
592 313 121 51 quam
653 313 76 51 ca-

210 349 149 45 lefiunt
319 349 81 45 in
360 349 149 45 tempore
468 349 163 45 frigoris
590 349 109 45 est,
645 349 81 45 quia

217 389 103 45 eius
281 389 115 45 situs
358 389 77 45 ad
397 389 103 45 nos,
461 389 103 45 tunc
525 389 90 45 est
576 389 115 45 sicut
640 389 90 45 situs

219 428 113 49 Solis
295 428 75 49 in
332 428 138 49 tempore
433 428 150 49 caloris,
545 428 88 49 cum
596 428 100 49 sit,
646 428 75 49 pro-

213 468 159 46 pinquior
332 468 79 46 ad
371 468 119 46 xenit
451 468 145 46 capitis
556 468 145 46 nostri,
649 468 79 46 quia

215 504 107 49 eius
282 504 161 49 circulus
402 504 94 49 est
456 504 121 49 magis
536 504 174 49 obliquus.
657 504 67 49 sec

211 542 88 50 in
255 542 161 50 tempore
372 542 161 50 caloris
489 542 102 50 res
548 542 175 50 opposito
665 542 58 50 mo

213 581 87 37 do
257 581 87 37 se
301 581 145 37 habet,
402 581 189 37 videlicet
548 581 116 37 quod
620 581 116 37 eius
678 581 44 37 o

217 628 166 44 cultatio,
345 628 64 44 &
371 628 102 44 eius
435 628 166 44 apparitio
563 628 102 44 erit
626 628 77 44 ex
652 628 64 44 la-

216 655 113 52 tere
286 655 183 52 meridiei,
428 655 113 52 quia
498 655 113 52 ipsa
569 655 141 52 semper
653 655 71 52 ap-

221 694 117 46 paret
299 694 78 46 in
338 694 117 46 parte
416 694 156 46 opposita
534 694 117 46 Soli.
612 694 65 46 &
638 694 78 46 si
664 694 65 46 Sor

214 739 140 45 fuerit
312 739 84 45 in
354 739 168 45 meridie,
480 739 112 45 ipsa
549 739 182 45 apparebit
675 739 56 45 in

215 772 229 38 septentione,
401 772 72 38 &
430 772 229 38 occultabitur
616 772 86 38 in
645 772 86 38 meri

210 809 115 41 die.
282 809 72 41 &
310 809 101 41 cum
368 809 101 41 Sol
425 809 101 41 est
483 809 86 41 in
512 809 201 41 septentrione

220 847 89 43 res
271 847 166 43 econuerso
399 847 77 43 se
437 847 128 43 habet,
527 847 166 43 videlicet
641 847 77 43 quo-

221 885 186 45 apparebit
364 885 115 45 ipsa
436 885 86 45 in
479 885 172 45 meridie,
607 885 72 45 &
622 885 100 45 occul

216 925 157 50 tabitur
330 925 85 50 in
372 925 242 50 septentrione.
571 925 71 50 &
600 925 114 50 ideo
657 925 71 50 in-

220 961 170 54 frigidat
347 961 128 54 tunc,
432 961 99 54 cum
489 961 85 54 ea
532 961 113 54 hora
588 961 142 54 recipiat

214 1000 140 42 radios
312 1000 154 42 solares
424 1000 84 42 in
466 1000 126 42 parte
549 1000 182 42 meridiei.
675 1000 56 42 Et

218 1040 179 42 similiter
356 1040 124 42 etiam
438 1040 96 42 id,
493 1040 110 42 quod
562 1040 151 42 apparet
658 1040 69 42 de-

215 1077 117 52 suis
288 1077 277 52 peragrationibus
522 1077 204 52 aequalibus
668 1077 58 52 in

214 1117 196 37 distantiis
368 1117 224 37 determinatis
549 1117 70 37 a
577 1117 126 37 Sole,
661 1117 98 37 non

219 1158 145 49 debemus
324 1158 171 49 arbitrari
456 1158 105 49 quod
522 1158 92 49 sit
574 1158 145 49 praeter
666 1158 53 49 cu

215 1197 99 48 ram
271 1197 85 48 de
314 1197 141 48 rebus,
412 1197 113 48 quae
483 1197 113 48 sunt
553 1197 113 48 hic.
623 1197 70 48 &
637 1197 85 48 quem

213 1236 181 38 admodum
344 1236 181 38 diximus
476 1236 99 38 de
525 1236 148 38 Sole,
624 1236 82 38 &
641 1236 82 38 Lu-

218 1268 86 46 na
261 1268 144 46 itidem
361 1268 158 46 debemus
477 1268 158 46 credere
592 1268 86 46 de
620 1268 101 46 reli-

205 1309 116 48 quis
277 1309 188 48 planetis,
421 1309 72 48 &
450 1309 87 48 de
494 1309 130 48 eorum
566 1309 159 48 circulis,

218 1352 75 49 &
248 1352 90 49 de
293 1352 284 49 peragrationibus
532 1352 135 49 eorum
607 1352 120 49 aequa-

217 1388 121 39 libus
297 1388 81 39 in
337 1388 188 39 distantiis
485 1388 215 39 determinatis
660 1388 67 39 a
673 1388 54 39 So

214 1423 99 43 le.
270 1423 85 43 Et
313 1423 113 43 ideo
383 1423 127 43 dicit
468 1423 169 43 Aristot.
595 1423 113 43 quod
651 1423 71 43 eo-

216 1463 97 51 rum
272 1463 194 51 peragratio
424 1463 97 51 est
480 1463 83 51 in
507 1463 222 51 peragrationem,

218 1501 164 52 Solis.
332 1501 131 52 Quod
414 1501 164 52 quidem
529 1501 131 52 ideo
594 1501 131 52 dixit,

219 1549 130 36 quia
300 1549 178 36 apparet
429 1549 130 36 quod
510 1549 211 36 sequuntur
656 1549 65 36 mo

210 1581 102 38 tum
269 1581 131 38 eius,
356 1581 73 38 &
385 1581 175 38 conantur
516 1581 175 38 similari
633 1581 87 38 sibi

221 1621 109 39 Nos
283 1621 155 39 autem,
391 1621 140 39 licet
484 1621 109 39 non
531 1621 202 39 percipiamus

212 1657 145 52 sensu
309 1657 145 52 multa
406 1657 194 52 prodigia
551 1657 97 52 ex
584 1657 145 52 motibus

215 1696 131 42 eorum
302 1696 131 42 exitu
389 1696 145 42 centri
490 1696 145 42 eorum,
592 1696 73 42 &
606 1696 116 42 recti-

209 1733 147 51 tudine
312 1733 265 51 reuersioneque,
518 1733 206 51 sententiamus

217 1773 132 53 tamen
305 1773 117 53 vera
379 1773 264 53 determinatione
599 1773 117 53 quod
658 1773 73 53 hoc

747 163 167 47 prouenit
873 163 84 47 ex
914 163 126 47 cura,
998 163 112 47 quae
1068 163 153 47 habetur
1179 163 84 47 de
1221 163 84 47 re

746 201 118 34 bus,
820 201 118 34 quae
894 201 118 34 sunt
968 201 118 34 hic.
1042 201 177 34 Nancisci
1160 201 103 34 tamen

742 232 99 51 hoc
798 232 99 51 est
855 232 113 51 quid
925 232 198 51 difficile,
1081 232 99 51 cum
1123 232 141 51 indigeat

744 271 138 43 longo
836 271 245 43 experimento,
1035 271 184 43 respectu
1158 271 107 43 cuius

745 311 151 36 nostra
851 311 121 36 vita
926 311 151 36 humana
1032 311 106 36 est
1093 311 166 36 breuis.
1199 311 60 36 Et

743 349 192 50 propterea
891 349 162 50 oportet
1009 349 103 50 nos
1067 349 177 50 recipere
1185 349 74 50 hoc

742 385 89 52 ab
787 385 221 52 Astronomis,
964 385 177 52 scilicet
1082 385 177 52 peregrina-

745 423 151 43 tiones
851 423 136 43 eorum
941 423 76 43 &
972 423 151 43 situm.
1078 423 76 43 &
1108 423 106 43 hoc
1153 423 106 43 iuxta

745 461 95 53 id,
800 461 108 53 quod
867 461 135 53 potest
962 461 135 53 haberi
1056 461 81 53 ab
1097 461 122 53 ipsis
1178 461 81 53 de
1205 461 54 53 va

741 505 213 41 rietatibus
908 505 137 41 horum
999 505 198 41 astrorum,
1136 505 122 41 idest,

744 541 144 37 illud,
844 541 86 37 de
887 541 101 37 quo
945 541 144 37 potest
1045 541 144 37 haberi
1132 541 129 37 notitia

741 575 103 54 per
800 575 148 54 longum
904 575 192 54 aspectum.
1051 575 89 54 Et
1081 575 177 54 possibile-

746 614 102 42 est
805 614 131 42 etiam
892 614 117 42 quod
965 614 146 42 sydera
1067 614 160 42 faciant
1169 614 88 42 hoc,

743 659 112 45 sed
807 659 96 45 ob
855 659 240 45 nobilitatem
1047 659 144 45 horum
1127 659 128 45 corpo-

742 694 97 44 rum
797 694 207 44 coelestium,
963 694 83 44 vt
1005 694 152 44 diximus
1101 694 152 44 saepissi-

744 730 114 48 me,
809 730 114 48 non
874 730 178 48 videtur
1003 730 146 48 nobis
1101 730 130 48 quod
1166 730 97 48 cura

743 770 81 50 de
784 770 217 50 inferioribus
961 770 109 50 sibi
1028 770 95 50 sit
1083 770 81 50 ex
1123 770 122 50 prima
1191 770 68 50 in-

743 807 176 50 tentione.
879 807 136 50 Aliter
974 807 109 50 enim
1042 807 190 50 sequeretur
1178 807 81 50 quod

744 845 91 38 res
796 845 156 38 aeternae
913 845 130 38 essent
1004 845 234 38 corruptibilium
1185 845 78 38 gra-

739 874 114 60 tia,
810 874 71 60 &
839 874 143 60 nobile
939 874 157 60 propter
1053 874 186 60 ignobile.
1182 874 71 60 Ve-

746 922 202 40 runtamen,
902 922 124 40 quia
979 922 155 40 curant
1088 922 93 40 de
1135 922 109 40 his
1181 922 78 40 hoc

742 957 150 45 modo,
842 957 133 45 ideo
926 957 117 45 non
992 957 200 45 possumus
1126 957 133 45 dicere

742 1000 110 50 quod
811 1000 165 50 ignorent
935 1000 96 50 ea,
990 1000 110 50 quae
1059 1000 110 50 sunt
1128 1000 110 50 hic:
1183 1000 69 50 cum

742 1038 229 53 operationes
925 1038 244 53 cognoscentis
1124 1038 168 53 inquan

745 1076 103 50 tum
804 1076 103 50 est
863 1076 220 50 cognoscens,
1039 1076 117 50 sint
1097 1076 147 50 cognitae

741 1112 135 43 tamen
831 1112 135 43 eorum
921 1112 180 43 scientia
1056 1112 105 43 est
1116 1112 90 43 eo
1146 1112 105 43 modo,

748 1153 102 49 quo
807 1153 248 49 declarauimus.
1011 1153 88 49 Et
1055 1153 117 49 quia
1113 1153 146 49 rectitu-

745 1189 152 37 dinem:
851 1189 106 37 vel
912 1189 198 37 iustitiam
1064 1189 152 37 motuum
1156 1189 106 37 ipso-

741 1236 105 38 rum
801 1236 240 38 acquisierunt
996 1236 105 38 per
1057 1236 105 38 id,
1117 1236 120 38 quod
1177 1236 75 38 in-

749 1269 202 37 tellexerunt
910 1269 81 37 de
950 1269 161 37 essentia
1071 1269 134 37 suorum
1152 1269 94 37 prin-

742 1309 203 38 cipiorum:
899 1309 141 38 eorum
992 1309 141 38 autem
1071 1309 188 38 principia.

748 1347 241 47 acquisiuerunt
946 1347 128 47 illud
1031 1347 71 47 a
1060 1347 128 47 primo
1130 1347 128 47 princi-

751 1381 115 52 pio,
822 1381 115 52 quod
894 1381 100 52 est
952 1381 115 52 Deus
1023 1381 187 52 gloriosus
1167 1381 72 52 &
1181 1381 72 52 ex-

742 1420 150 52 celsus:
851 1420 109 52 ergo
919 1420 122 52 prima
1001 1420 109 52 cura
1069 1420 82 52 de
1109 1420 122 52 nobis
1191 1420 95 52 est

746 1460 70 51 a
774 1460 98 51 Deo
830 1460 181 51 glorioso.
969 1460 70 51 &
997 1460 112 51 ipse
1067 1460 98 51 est
1109 1460 139 51 causalo-

748 1501 83 39 ci
790 1501 208 39 habitabilis
956 1501 125 39 super
1039 1501 152 39 terram.
1150 1501 69 39 &
1164 1501 83 39 quic

750 1538 114 49 quid
821 1538 185 49 inuenitur
963 1538 100 49 hic
1020 1538 85 49 de
1063 1538 100 49 eo,
1120 1538 114 49 quod
1177 1538 71 49 est

741 1572 140 53 bonum
834 1572 217 53 perfectum,
1004 1572 186 53 prouenit
1128 1572 124 53 quidem

741 1613 76 37 a
771 1613 198 37 voluntate
923 1613 76 37 &
954 1613 213 37 intentione
1121 1613 122 37 sua:
1182 1613 76 37 sed

748 1655 215 42 proueniunt
917 1655 123 42 mala
994 1655 169 42 propter
1101 1655 154 42 necessi-

741 1693 134 45 tatem
830 1693 193 45 materiae,
979 1693 134 45 sicut
1068 1693 208 45 corruptio,
1216 1693 45 45 &

746 1727 174 43 debilitas
880 1727 94 43 scu
933 1727 134 43 tabes,
1027 1727 67 43 &
1054 1727 147 43 caetera
1147 1727 94 43 alia.

751 1764 127 55 Quod
830 1764 158 55 quidem
941 1764 127 55 ideo
1020 1764 143 55 fuit,
1115 1764 127 55 quia
1179 1764 79 55 cum
