1475 2066
202 172 109 46 cur
265 172 109 46 nam
327 172 124 46 ipsa
404 172 171 46 natura,
528 172 171 46 totaque
637 172 93 46 vni-

219 213 123 46 uersi
301 213 191 46 substantia
451 213 82 46 in
492 213 191 46 contrarijs
629 213 109 46 consi-

214 253 122 44 stat:
296 253 122 44 idque
377 253 108 44 quid
444 253 81 44 de
485 253 135 44 terius
579 253 108 44 est,
633 253 95 44 aequa

211 300 100 49 les
268 300 142 49 sermem
367 300 100 49 cum
424 300 100 49 opt
481 300 100 49 imo
538 300 142 49 partes
623 300 114 49 habeat

208 334 133 44 immo
291 334 133 44 vero
374 334 149 44 estam
474 334 133 44 loge
540 334 199 44 numerosius

212 375 131 59 sit.
293 375 229 59 Quapropter
473 375 98 59 in
522 375 213 59 vniuersum
670 375 65 59 di

212 429 103 42 cere
277 429 168 42 vniversal
406 429 181 42 Furipides,
548 429 103 42 quod
599 429 142 42 nequeunt,

214 461 112 45 bona
284 461 112 45 esse
354 461 182 45 separata.
494 461 126 45 Talis
578 461 126 45 autem
648 461 84 45 ser-

210 500 94 54 mo
257 500 141 54 parum
352 500 141 54 abest
446 500 126 54 quin
524 500 157 54 dicat,
618 500 110 54 neque

215 542 123 52 bona,
297 542 123 52 neque
379 542 150 52 similia
489 542 109 52 esse
557 542 137 52 omnia:
639 542 96 52 atque

218 582 112 52 quod
288 582 84 52 de
330 582 154 52 omnibus
442 582 126 52 ipsum
526 582 112 52 esse
582 582 140 52 dicimus,

213 624 151 50 porrom
318 624 136 50 nulla
409 624 166 50 inuicem
529 624 120 50 esse
589 624 136 50 similia

223 664 80 50 vt
263 664 106 50 quae
329 664 120 50 alba,
409 664 66 50 &
435 664 120 50 nigra
515 664 106 50 sunt
582 664 80 50 in
608 664 133 50 seipsis.

215 708 101 50 Est
272 708 130 50 etiam
359 708 115 50 quod
431 708 158 50 praeter
546 708 187 50 opinionem
675 708 58 50 ma

220 747 95 52 gis
275 747 109 52 esse
343 747 95 52 vt,
397 747 122 52 fieri
478 747 95 52 non
532 747 136 52 posse,
627 747 81 52 vt
655 747 81 52 quid

217 788 105 46 est
277 788 149 46 absque
381 788 209 46 contrarijs
546 788 179 46 existat.
665 788 75 46 Non

217 831 151 43 nulli
318 831 134 43 vero
401 831 151 43 adhuc
502 831 151 43 magis
585 831 151 43 inopina

220 870 103 46 bili
284 870 154 46 vtentes,
400 870 90 46 id,
452 870 103 46 quod
516 870 116 46 neque
593 870 103 46 est,
645 870 90 46 neque

210 912 146 42 fuit,
307 912 146 42 neque
405 912 179 42 futurum
535 912 130 42 est,
616 912 98 42 in
649 912 81 42 vni

210 956 156 39 uersi
314 956 191 39 naturam
453 956 261 39 adnumerant.
644 956 87 39 sed

208 996 128 48 haec
288 996 160 48 quidem
400 996 128 48 est,
480 996 160 48 veluti
575 996 160 48 excedens

213 1036 193 55 quaedam
336 1036 210 55 sapientia.

214 1092 78 50 De
253 1092 117 50 varus
331 1092 143 50 sciendi
435 1092 130 50 modis:
527 1092 169 50 quibusque
644 1092 91 50 vnum-

238 1130 135 55 quodque
336 1130 147 55 persequi
447 1130 135 55 deceat.
545 1130 135 55 Quoitem
631 1130 86 55 pacto

297 1170 108 50 circa
369 1170 156 50 principia
489 1170 156 50 speculari
597 1170 60 50 de-

340 1205 198 50 beamus.
484 1205 144 50 Cap.
556 1205 54 50 8

316 1245 114 54 Tens
387 1245 114 54 quod
459 1245 143 54 multis
559 1245 157 54 dicatur
673 1245 86 54 mo

307 1287 140 51 dis,
394 1287 262 51 manifestum.
586 1287 140 51 etenim

320 1326 184 52 differentias
469 1326 115 52 sensus
549 1326 172 52 speculatur,
676 1326 57 52 cau

210 1373 141 38 sasque
309 1373 184 38 inquirit.
450 1373 99 38 Sed
507 1373 170 38 forsitan
620 1373 113 38 verius

213 1414 143 52 fuerit
313 1414 157 52 dicere,
427 1414 114 52 quod
498 1414 143 52 eorum,
598 1414 114 52 quae
656 1414 71 52 co-

213 1452 190 52 gitatione
359 1452 219 52 excellentia
535 1452 131 52 sunt,
608 1452 131 52 quaedam

210 1493 158 53 quidem
321 1493 236 53 simpliciter
510 1493 189 53 quaerit,
636 1493 95 53 quae

214 1535 125 43 dam
285 1535 143 43 vero
375 1535 285 43 dubitationem
588 1535 143 43 facien

206 1578 124 52 do:
277 1578 142 52 quam
366 1578 195 52 tametsi
489 1578 248 52 transcendere

218 1621 106 38 non
279 1621 152 38 valet,
385 1621 137 38 lucem
476 1621 137 38 tamen
568 1621 167 38 aliquam
674 1621 61 38 in

215 1659 200 49 tenebris
365 1659 133 49 plus
448 1659 183 49 aliquid
565 1659 166 49 indagare

220 1701 202 49 volentium
376 1701 202 49 ostendit.
531 1701 155 49 ltaque
624 1701 109 49 ipsum

225 1740 109 46 scire
298 1740 85 46 non
346 1740 97 46 sine
407 1740 194 46 differentia,
565 1740 134 46 quandam
650 1740 85 46 erit.

215 1780 166 55 Etenim,
336 1780 91 55 si
381 1780 136 55 inter
472 1780 91 55 se
517 1780 166 55 diuersa
623 1780 106 55 sint.

211 1821 192 45 differentia
365 1821 141 45 quaedam
467 1821 141 45 inerit.
569 1821 115 45 Atque
646 1821 77 45 in
671 1821 64 45 vni

753 173 244 44 uersalibus,
948 173 114 44 cum
1013 173 114 44 sub
1078 173 114 44 eis
1127 173 146 44 plurima

745 214 134 44 sint,
835 214 194 44 discrimen
984 214 179 44 inueniri
1118 214 104 44 est
1163 214 104 44 neces

748 253 83 46 se,
796 253 95 46 siue
855 253 95 46 haec
914 253 178 46 vniversalia
1057 253 119 46 genera
1140 253 107 46 sint,
1200 253 71 46 siue

746 296 179 43 species.
880 296 134 43 Omnis
970 296 134 43 autem
1059 296 179 43 scientia
1179 296 89 43 fere

751 336 207 49 propriorum
914 336 118 49 est.
988 336 207 49 substantia
1151 336 148 49 namque

748 381 72 48 &
776 381 172 48 quiditas
905 381 172 48 secundum
1034 381 215 48 vnunquodque
1191 381 72 48 pro

756 421 132 47 prium
845 421 176 47 existit.
977 421 88 47 Et
1021 421 118 47 quae
1095 421 88 47 in
1124 421 147 47 specula-

753 468 140 38 tionem
851 468 154 38 veniunt
963 468 168 38 secundum
1089 468 98 38 se,
1145 468 98 38 non
1187 468 84 38 per-

752 501 192 53 accidens,
900 501 162 53 aliquid
1018 501 148 53 vtique
1121 501 89 53 de
1151 501 118 53 aliquo

742 547 151 48 sunt.
843 547 168 48 Omnino
961 547 151 48 autem
1061 547 101 48 in
1095 547 168 48 pluribus

747 588 108 38 idem
814 588 202 38 conspicere,
976 588 94 38 aut
1030 588 189 38 vniversale
1165 588 94 38 commu

745 624 184 42 niterque,
887 624 99 42 aut
943 624 170 42 secundum
1071 624 170 42 quodque,
1184 624 85 42 modo

748 669 158 53 quodam
859 669 174 53 proprie
985 669 127 53 esse
1064 669 206 53 scientiae
1207 669 63 53 di

745 717 165 38 cimus:
860 717 99 38 vt
909 717 181 38 numero,
1041 717 181 38 lineis,
1156 717 115 38 anima

748 749 143 45 libus,
848 749 171 45 plantis.
976 749 129 45 Finis
1062 749 129 45 autem
1148 749 86 45 ex
1176 749 86 45 ambo

747 789 117 45 bus,
820 789 117 45 Sunt
894 789 132 45 etiam
981 789 175 45 nonnulla
1098 789 161 45 vniuersa-

751 831 127 43 lium
831 831 159 43 finis.
942 831 95 43 in
989 831 95 43 eo
1037 831 127 43 enim
1116 831 159 43 causa.
1212 831 64 43 At

754 871 131 43 horum
842 871 102 43 id,
900 871 117 43 quod
973 871 88 43 in
1017 871 131 43 parte
1105 871 117 43 est,
1163 871 102 43 quate

754 912 103 50 nus
813 912 147 50 sectio
916 912 88 50 in
960 912 191 50 indiuidua
1107 912 118 50 fit,
1166 912 103 50 quem-

749 953 183 49 admodum
882 953 83 49 &
916 953 100 49 in
966 953 283 49 factibilibus,
1182 953 83 49 nam

749 996 101 46 ad
800 996 135 46 hunc
884 996 152 46 modum
986 996 101 46 se
1036 996 152 46 habet
1121 996 152 46 ipsorum

750 1036 152 46 actio.
856 1036 197 46 Praeterea
1008 1036 121 46 idem
1069 1036 197 46 substantia,

747 1079 180 51 numero,
877 1079 180 51 specie,
1008 1079 180 51 genere,
1122 1079 147 51 propor-

753 1125 173 37 tioneque
882 1125 159 37 scimus:
998 1125 72 37 &
1027 1125 87 37 si
1070 1125 130 37 quae,
1142 1125 130 37 praeter

754 1165 136 38 haec,
845 1165 212 38 diuisiones
1011 1165 212 38 habeantur.
1178 1165 91 38 at
1208 1165 61 38 vt

749 1205 173 49 plurimum
879 1205 101 49 per
936 1205 202 49 analogiam,
1096 1205 159 49 tanquam
1197 1205 72 49 plu

752 1245 138 55 rimum
844 1245 107 55 eam
905 1245 245 55 recipientes,
1104 1245 138 55 atque
1181 1245 92 55 ali-

752 1284 108 54 qua
813 1284 154 54 quidem
921 1284 108 54 per
983 1284 247 54 nosmetipsos,
1168 1284 93 54 ali-

751 1332 113 45 qua
816 1332 130 45 vero
897 1332 113 45 per
961 1332 113 45 rem
1026 1332 227 45 subiectam,
1188 1332 81 45 non

741 1370 150 40 nulla
842 1370 150 40 autem
942 1370 117 40 per
1008 1370 217 40 vtrunque.
1176 1370 117 40 Sed

753 1409 107 54 cum
814 1409 261 54 multipliciter
1029 1409 138 54 scire
1121 1409 123 54 sit,
1182 1409 77 54 qui

754 1462 137 36 pacto
845 1462 229 36 vnunquodque
1028 1462 183 36 persequi
1150 1462 107 36 decet

754 1497 137 41 Nempe
845 1497 122 41 suus
921 1497 182 41 cuiusque
1058 1497 152 41 modus,
1149 1497 106 41 prin-

745 1540 167 42 cipium
862 1540 134 42 est,
946 1540 100 42 ac
996 1540 201 42 maximum.
1147 1540 100 42 vt
1180 1540 84 42 pri

748 1580 109 42 ma,
810 1580 78 42 &
841 1580 295 42 intelligibilia,
1089 1580 78 42 &
1104 1580 155 42 mobilia,

751 1616 79 42 &
783 1616 126 42 quae
862 1616 110 42 sub
925 1616 158 42 natura
1035 1616 142 42 sunt,
1129 1616 142 42 atque
1208 1616 63 42 ex

749 1654 96 52 his
804 1654 136 52 ipsis,
899 1654 109 52 quae
968 1654 82 52 in
1009 1654 191 52 principio,
1145 1654 123 52 quaeque

748 1701 193 48 sequuntur
897 1701 134 48 vsque
986 1701 89 48 ad
1031 1701 193 48 animalia,
1165 1701 104 48 plan-

751 1741 133 43 tas,
834 1741 83 43 &
868 1741 166 43 vltima
984 1741 166 43 animae
1083 1741 183 43 expertia.

743 1781 128 56 Nam
816 1781 110 56 in
871 1781 238 56 vnoquoque
1054 1781 183 56 genere
1163 1781 110 56 pro-

742 1826 144 45 prium
838 1826 112 45 est
902 1826 192 45 aliquid,
1045 1826 240 45 quemadmodum
1221 1826 48 45 &
