1475 2066
181 149 100 45 in
231 149 282 45 mathematicis.
464 149 133 45 Ipsa
547 149 166 45 nanque
647 149 66 45 ma

198 192 199 42 themata,
348 192 183 42 quamuis
481 192 149 42 vnius
580 192 166 42 quodam

198 232 115 44 modo
270 232 115 44 sint
342 232 173 44 generis,
472 232 159 44 fortita
587 232 115 44 sunt
645 232 72 44 dif

199 277 179 45 ferentiam.
340 277 102 45 Sunt
404 277 115 45 autem
480 277 128 45 diuisa
557 277 153 45 sufficien-

204 317 102 56 ter.
268 317 77 56 At
306 317 77 56 si
345 317 140 56 quaedam
447 317 115 56 nota,
523 317 77 56 eo
562 317 102 56 quod
613 317 102 56 ignota

193 357 131 45 sint
275 357 262 45 (quemadmodum
488 357 197 45 inquiunt
619 357 82 45 non

204 405 153 38 nulli)
311 405 184 38 proprius
449 405 123 38 sane
525 405 153 38 inerit
632 405 107 38 mo¬

198 437 110 45 dus.
267 437 151 45 Indiget
377 437 124 45 autem
460 437 138 45 quadam
542 437 165 45 diuisione.

199 485 95 37 Sed
254 485 177 37 fortassis
390 485 82 37 in
431 485 136 37 quibus
526 485 123 37 fieri
594 485 109 37 potest

200 533 238 41 proportione
390 533 174 41 aliquid
517 533 143 41 sciri
596 533 111 41 magis

194 563 148 49 proprium
304 563 123 49 fuerit
390 563 135 49 dicere,
489 563 98 49 quam
550 563 86 49 per
599 563 86 49 id,
636 563 74 49 quod

192 605 179 53 ignotum
322 605 130 53 est.
403 605 244 53 quemadmodum
583 605 130 53 siquis

193 644 103 52 per
252 644 206 52 inuisibile
414 644 221 52 inuisibile.
576 644 132 52 Tentan-

205 687 103 51 dum
264 687 103 51 est
323 687 148 51 igitur
427 687 177 51 diuidere
559 687 118 51 quot
618 687 89 51 modi

196 726 145 45 sint,
292 726 96 45 et
341 726 177 45 quoties
469 726 145 45 ipsum
549 726 161 45 cognosce

197 774 78 44 re
236 774 156 44 dicatur.
353 774 78 44 ad
392 774 104 44 haec
458 774 117 44 autem
536 774 104 44 ipsa
588 774 117 44 princi-

200 811 129 46 pium.
286 811 129 46 Atque
372 811 144 46 primum
473 811 129 46 ipsum
559 811 129 46 scire
631 811 72 46 de-

201 850 130 48 finire
292 850 195 48 difficilius
448 850 182 48 videbitur.
592 850 91 48 Nam
631 850 78 48 fie-

203 893 66 56 ri
236 893 121 56 nequit,
324 893 66 56 vt
358 893 166 56 vniversale,
490 893 155 56 communeque
601 893 110 56 quippiam

194 940 86 38 in
237 940 100 38 his
294 940 185 38 capiamus,
436 940 114 38 quae
507 940 143 38 multas
593 940 114 38 dicun-

193 973 104 53 tur
252 973 148 53 modis.
356 973 133 53 Atque
445 973 104 53 tum
504 973 192 53 quatenus,
637 973 74 53 tum

194 1017 91 48 de
239 1017 152 48 quibus
346 1017 152 48 causas
452 1017 228 48 inuestigare
619 1017 91 48 pari

194 1058 82 40 in
235 1058 233 40 sensibilibus,
428 1058 82 40 et
455 1058 247 40 intelligibilibus

201 1101 154 53 ratione
313 1101 154 53 deceat,
425 1101 98 53 aut
481 1101 140 53 dubium
579 1101 112 53 hoc,
635 1101 70 53 aut

197 1141 138 53 dictu
289 1141 108 53 non
350 1141 154 53 facile
458 1141 185 53 existit.
581 1141 123 53 Quippe

198 1188 94 49 cum
251 1188 94 49 via
305 1188 81 49 in
346 1188 175 49 infinitum
480 1188 81 49 in
521 1188 162 49 vtrisque
628 1188 81 49 alie

197 1220 79 55 na
236 1220 105 55 sit,
302 1220 184 55 perimatque
447 1220 197 55 sapientiam.
592 1220 118 55 vtraque

198 1260 123 46 autem
280 1260 191 46 quodammodo
431 1260 205 46 principium.
595 1260 96 46 Sed
636 1260 68 46 for

184 1309 81 36 te
225 1309 95 36 hoc
279 1309 163 36 nostrum,
402 1309 95 36 hoc
456 1309 109 36 vero
510 1309 190 36 simpliciter.

201 1356 101 30 aut
258 1356 101 30 hoc
316 1356 144 30 quidem
417 1356 144 30 finis,
518 1356 101 30 hoc
575 1356 115 30 vero
633 1356 72 30 no-

197 1389 134 54 strum
286 1389 163 54 quoddam
405 1389 223 54 principium.
568 1389 134 54 Aliqua-

199 1428 117 54 tenus
277 1428 130 54 igitur
368 1428 91 54 per
420 1428 130 54 causam
510 1428 169 54 speculari
627 1428 78 54 pos-

198 1470 140 44 sumus
291 1470 217 44 principia,
461 1470 78 44 a
492 1470 186 44 sensibus
616 1470 93 44 inci

203 1514 185 48 pientes.
341 1514 108 48 Sed
403 1514 108 48 cum
464 1514 92 48 ad
510 1514 123 48 ipsa
572 1514 123 48 summa,

196 1564 166 39 primaque
321 1564 180 39 transimus
459 1564 125 39 (siue
542 1564 111 39 quod
597 1564 111 39 causam

195 1597 111 45 non
258 1597 190 45 habemus,
401 1597 126 45 siue
480 1597 95 45 ob
527 1597 174 45 nostram
638 1597 63 45 im

203 1636 240 46 becillitatem)
400 1636 141 46 sicuti
485 1636 211 46 desyderatissi

197 1682 96 53 ma
245 1682 175 53 intueri
372 1682 112 53 non
436 1682 175 53 amplius
548 1682 143 53 valemus

201 1719 131 43 Forte
289 1719 131 43 autem
376 1719 174 43 veritati
506 1719 131 43 magis
579 1719 116 43 conso-

201 1762 100 41 num
258 1762 128 41 illud
343 1762 171 41 existit,
472 1762 171 41 palpante
600 1762 86 41 ac
629 1762 71 41 ve-

196 1805 120 53 luti
271 1805 210 53 attingente
436 1805 135 53 mente
525 1805 135 53 fieri
600 1805 120 53 specu

726 149 221 59 lationem.
896 149 221 59 Quamobrem
1066 149 153 59 clrca
1151 149 102 59 ipsa

727 191 140 44 nulla
821 191 202 44 contingit
976 191 265 44 hallucinatio.
1179 191 62 44 At

727 239 199 35 difficilis
883 239 100 35 est
940 239 128 35 circa
1026 239 157 35 idipsum
1125 239 114 35 intel-

728 277 139 52 lectus,
829 277 114 52 atque
905 277 126 52 fides.
993 277 88 52 Cum
1044 277 114 52 autem
1119 277 76 52 et
1145 277 88 52 alio-

729 317 102 46 qui
788 317 145 46 magnum
889 317 174 46 quippiam
1020 317 116 46 sit,
1093 317 87 46 et
1136 317 87 46 ad
1165 317 73 46 sin

727 361 162 47 gulares
845 361 236 47 tractationes
1022 361 207 47 necessarium,

729 405 86 38 et
772 405 202 38 potissimum
930 405 173 38 maximas,
1060 405 144 38 facere
1147 405 86 38 con-

725 438 137 44 uenit
816 438 258 44 definitionem,
1028 438 106 44 tum
1089 438 91 44 de
1120 438 121 44 natura

729 485 119 38 ipsa,
808 485 93 38 tum
861 485 119 38 circa
940 485 93 38 ea,
993 485 106 38 quae
1059 485 119 38 adhuc
1125 485 106 38 priora

726 525 98 37 sunt.
791 525 130 37 Siquidem
889 525 76 37 qui
933 525 65 37 de
965 525 120 37 omnibus
1052 525 130 37 rationem
1139 525 98 37 quaeri-

731 565 105 46 tant,
802 565 105 46 simul
872 565 82 46 cum
919 565 129 46 ratione
1012 565 152 46 scientiam
1118 565 117 46 tollunt,

718 605 127 47 immo
798 605 159 47 verius
909 605 127 47 erit
988 605 159 47 dicere
1100 605 111 47 eos
1147 605 80 47 ra-

730 650 129 49 tionem
820 650 129 49 petere
911 650 129 49 eorum,
1001 650 129 49 quorum
1091 650 116 49 neque
1156 650 77 49 est,

723 685 133 59 neque
812 685 133 59 fuit,
900 685 191 59 quicunque
1047 685 133 59 celum
1121 685 103 59 ipsum

720 733 162 39 aeternum
842 733 203 39 existimant.
1005 733 162 39 lationes
1113 733 108 39 autem,

716 769 277 50 magnitudines,
943 769 195 50 siguras,
1074 769 146 50 distan-

717 813 178 45 tiasque,
850 813 74 45 &
880 813 133 45 alia,
969 813 148 45 quorum
1057 813 178 45 Astrologia

722 861 232 33 demonstrationem
917 861 122 33 facit,
1002 861 61 33 &
1027 861 110 33 ipsa,
1100 861 98 33 quae
1149 861 85 33 prima

727 901 155 37 mouent,
839 901 84 37 et
882 901 127 37 cuius
966 901 141 37 gerera
1064 901 141 37 dicere
1149 901 84 37 omit

721 933 129 57 tunt:
806 933 157 57 quaenam
921 933 100 57 ita
978 933 172 57 cuiusque
1092 933 129 57 natura,

730 972 100 51 quis
792 972 137 51 inuicem
892 972 125 51 situs,
979 972 100 51 quae
1042 972 125 51 ipsius
1117 972 112 51 vniuer-

726 1015 80 44 si
766 1015 199 44 substantia,
925 1015 80 44 ad
965 1015 120 44 alias
1045 1015 93 44 quo
1098 1015 106 44 quid
1151 1015 80 44 sin-

722 1061 149 48 gulares
831 1061 163 48 species,
953 1061 81 48 ad
994 1061 149 48 cicures
1102 1061 122 48 vsque
1170 1061 68 48 ani

726 1100 133 54 mantes,
823 1100 145 54 plantas:
931 1100 97 54 quod
992 1100 193 54 descendendo.
1136 1100 97 54 ltaque

716 1141 162 46 siquid
829 1141 211 46 coadiuuat
991 1141 243 46 Astrologus,
1169 1141 65 46 in

731 1180 94 55 his,
790 1180 94 55 quae
849 1180 106 55 prima
919 1180 94 55 sunt
978 1180 71 55 in
1013 1180 129 55 natura,
1107 1180 82 55 non
1143 1180 82 55 erit.

728 1226 115 40 Alia
799 1226 115 40 enim
871 1226 158 40 maxime,
986 1226 158 40 propria
1100 1226 129 40 sunt,
1172 1226 57 40 ac

723 1271 162 43 priora.
841 1271 147 43 quippe
944 1271 103 43 cum
1003 1271 132 43 modus
1091 1271 103 43 (vt
1135 1271 88 43 qui-

728 1305 101 41 dam
785 1305 159 41 putant)
901 1305 188 41 naturalis
1045 1305 101 41 non
1103 1305 116 41 sit,
1161 1305 72 41 aut

720 1348 141 54 saltem
819 1348 99 54 non
875 1348 141 54 omnis.
973 1348 127 54 Atqui
1058 1348 141 54 moueri
1142 1348 85 54 sim-

723 1397 180 40 pliciter
858 1397 180 40 naturae,
992 1397 180 40 coeloque
1112 1397 120 40 maxime

720 1432 208 49 peculiare
880 1432 192 49 existit.
1024 1432 144 49 quare
1120 1432 80 49 &
1136 1432 96 49 sub-

728 1470 164 52 stantiae
852 1470 164 52 cuiusque
975 1470 96 52 rei
1030 1470 137 52 actio,
1125 1470 68 52 &
1153 1470 110 52 quod

730 1517 130 45 secundum
827 1517 173 45 vnumquodque,
968 1517 76 45 dum
1011 1517 65 45 in
1043 1517 97 45 opere
1108 1517 86 45 est,
1151 1517 76 45 atque

729 1557 130 44 motu,
815 1557 87 44 vt
859 1557 87 44 in
902 1557 217 44 animalibus,
1076 1557 72 44 &
1090 1557 145 44 plantis.

719 1597 116 55 Sin
786 1597 132 55 vero
868 1597 165 55 minus,
984 1597 215 55 aequiuoca
1133 1597 99 55 unt.

723 1637 157 55 qamuis
833 1637 205 55 videlicet
991 1637 94 55 in
1022 1637 205 55 reuolutione

727 1676 119 46 coelum
811 1676 83 46 sit
858 1676 143 46 secundum
966 1676 179 46 substantiam
1097 1676 131 46 separatum

723 1725 134 37 tamen
813 1725 75 37 &
842 1725 164 37 quietem
962 1725 149 37 agens,
1051 1725 179 37 aequiuocum

711 1757 174 44 esset.
832 1757 122 44 Nam
902 1757 156 44 velut
1006 1757 191 44 quaedam
1128 1757 104 44 vita

720 1802 110 49 est
783 1802 236 49 circunlatio
956 1802 173 49 vniuersi.
