1475 2066
166 125 116 52 Aut
233 125 216 52 praecipue
399 125 133 52 Deus
482 125 166 52 habet.
582 125 116 52 Caete

180 170 96 59 rae
235 170 136 59 itaque
330 170 123 59 omnes
412 170 123 59 magis
494 170 82 59 ea
522 170 177 59 necessariae

178 216 142 50 sunt,
273 216 142 50 nulla
368 216 126 50 uero
447 216 174 50 melior.
557 216 142 50 Oportet

180 261 138 45 autem
272 261 153 45 quodam
379 261 122 45 modo
455 261 122 45 eius
532 261 168 45 ordinem
639 261 61 45 in

177 300 227 47 contrarium
355 300 146 47 nobis
436 300 259 47 inquisitionum,

170 341 117 45 quae
244 341 73 45 a
273 341 190 45 principio
419 341 161 45 fiebat,
521 341 176 45 constitui.

180 389 186 37 incipiunt
323 389 143 37 etenim
423 389 143 37 omnes,
523 389 86 37 vt
552 389 143 37 diximus,

182 429 91 47 ab
227 429 244 47 admiratione,
426 429 91 47 an
471 429 107 47 sic
532 429 91 47 se
563 429 137 47 habeat.

177 469 114 61 sicut
253 469 76 61 de
291 469 227 61 praestigiosis,
480 469 101 61 quae
544 469 88 61 per
594 469 76 61 se
619 469 76 61 ipsa

171 518 172 47 mouent,
296 518 140 47 illi,
390 518 109 47 qui
452 518 156 47 nondum
546 518 156 47 specula-

179 564 87 38 ti
222 564 116 38 sunt
294 564 159 38 causam,
410 564 101 38 aut
468 564 87 38 de
497 564 202 38 solstitijis,

168 603 121 39 aut
237 603 104 39 de
289 603 207 39 diametri
427 603 276 39 incommensurabi

177 641 163 41 litate.
296 641 208 41 admirabile
459 641 119 41 enim
534 641 163 41 omnibus
638 641 59 41 ui

178 686 144 48 detur,
279 686 159 48 siquid,
394 686 101 48 cum
452 686 101 48 non
509 686 101 48 sit
553 686 144 48 minimum,

173 725 96 45 non
228 725 206 45 mensuretur.
393 725 124 45 decet
475 725 124 45 autem
558 725 82 45 in
585 725 110 45 contra

178 770 118 40 rium,
257 770 66 40 &
283 770 79 40 in
322 770 144 40 melius,
427 770 144 40 secudum
519 770 170 40 prouerbium,

176 810 244 48 consumare.
367 810 262 48 quemadmodum
577 810 105 48 in
612 810 87 48 his

165 852 127 43 fit,
245 852 111 43 cum
308 852 191 43 discant,
451 852 111 43 nil
515 852 127 43 enim
579 852 111 43 magis

176 894 98 52 vit
232 894 210 52 Geometricus
400 894 224 52 admiraretur,
583 894 112 52 quam
639 894 56 52 si

168 936 188 50 diameter
309 936 298 50 commensurabilis
560 936 172 50 fieret.

172 981 175 55 Quaenam
299 981 159 55 igitur
410 981 159 55 natura
521 981 127 55 eius
585 981 111 55 scien

177 1021 126 51 tiae,
261 1021 112 51 quae
331 1021 168 51 quaerit,
457 1021 70 51 &
485 1021 112 51 quae
541 1021 154 51 intentio,

179 1061 122 46 quam
255 1061 138 46 debet
347 1061 199 46 quaestio,
500 1061 77 46 &
531 1061 138 46 totus
607 1061 92 46 tra-

169 1109 164 53 ctatus
283 1109 213 53 consequi,
447 1109 164 53 dictum
545 1109 98 53 est.

238 1189 245 38 SVMMA
374 1189 245 38 SECVNDA

185 1221 184 45 Antiquorum
330 1221 171 45 opiniones
461 1221 79 45 de
501 1221 118 45 rerum
567 1221 118 45 causis,

339 1254 73 44 ac
363 1254 158 44 principiis.

181 1301 163 53 Causarum
304 1301 81 53 in
344 1301 122 53 modos
426 1301 163 53 diuisio:
534 1301 163 53 Veterumque

250 1344 160 46 opiniones
373 1344 74 46 de
410 1344 111 46 causa
472 1344 148 46 materiali.

364 1389 159 45 Cap.
444 1389 60 45 2

332 1437 111 53 vm
387 1437 166 53 autem
479 1437 222 53 manifestum

330 1482 114 57 sit,
401 1482 114 57 quod
472 1482 170 57 primarum
585 1482 114 57 causa-

333 1529 118 50 rum
401 1529 185 50 oportet
519 1529 185 50 scientiam

327 1573 182 46 accipere
463 1573 121 46 (tum
539 1573 121 46 enim
599 1573 106 46 scire

170 1612 245 55 vnunquodque
366 1612 196 55 dicimus,
512 1612 114 55 cum
561 1612 131 55 primam

164 1653 161 45 causam
277 1653 113 45 nos
341 1653 161 45 nosse:
454 1653 97 45 et
486 1653 209 45 arbitramur)

175 1697 144 43 causae
275 1697 115 43 vero
347 1697 245 43 quandrifariam
535 1697 158 43 dicantur,

174 1729 162 64 quarum
287 1729 130 64 Vnam
368 1729 162 64 quidem
482 1729 162 64 causam
579 1729 114 64 dici-

167 1781 124 45 mus
238 1781 142 45 esse
327 1781 284 45 substantiam,
557 1781 89 45 &
575 1781 124 45 ipsum

169 1830 131 36 quid
251 1830 131 36 erat
333 1830 148 36 esse:
431 1830 115 36 nam
497 1830 148 36 ipsum
579 1830 115 36 quare

712 117 148 62 primum
816 117 148 62 refert
919 117 89 62 ad
963 117 177 62 rationem
1081 117 148 62 vltimam,

712 172 147 54 causa
810 172 147 54 autem
908 172 82 54 &
940 172 245 54 principium,
1120 172 114 54 ipsum

719 222 162 44 guare
827 222 198 44 primum:
971 222 144 44 Vnam
1061 222 144 44 vero
1133 222 108 44 mate

709 268 135 41 riam,
799 268 75 41 &
829 268 210 41 subiectum:
995 268 165 41 Tertiam
1115 268 150 41 autem,

711 306 135 49 vnde
796 306 237 49 principium
982 306 169 49 motus:
1084 306 152 49 Quartam

713 344 124 60 vero
791 344 202 60 oppositam
946 344 93 60 ei
993 344 171 60 causam,
1117 344 78 60 &
1132 344 109 60 cuius

717 388 180 51 gratia,
847 388 82 51 &
880 388 164 51 bonum.
995 388 114 51 hoc
1060 388 131 51 enim
1126 388 114 51 finis

721 432 162 42 totius
834 432 162 42 motus,
948 432 81 42 &
980 432 259 42 generationis
1174 432 65 42 e.

718 469 83 45 de
760 469 96 45 his
815 469 124 45 autem
897 469 151 45 omnibus
1007 469 69 45 &
1035 469 83 45 si
1076 469 124 45 satis
1158 469 83 45 in
1186 469 55 45 de

719 510 227 52 Naturalibus
900 510 212 52 speculatum
1067 510 121 52 sit,
1127 510 106 52 nihi-

714 557 158 45 lominus
829 557 129 45 tamen
915 557 129 45 illos
1001 557 158 45 quoque,
1116 557 101 45 qui
1159 557 86 45 ante

709 597 108 45 nos
770 597 93 45 ad
817 597 155 45 entium
925 597 294 45 perscrutationem
1158 597 77 45 ve-

712 639 171 51 nerunt,
837 639 78 51 &
868 639 93 51 de
915 639 187 51 veritate
1039 639 202 51 philosophia

710 684 81 48 ti
751 684 122 48 sunt,
832 684 203 48 asciscamus,
995 684 122 48 patet
1076 684 122 48 enim,
1144 684 81 48 quod

716 725 108 53 illi
784 725 122 53 etiam
865 725 176 53 principia
1001 725 149 53 aliqua,
1109 725 68 53 &
1123 725 108 53 causas

714 765 171 45 dicunt.
839 765 187 45 Proderit
979 765 156 45 itaque
1072 765 156 45 profecto

714 805 112 45 huic
784 805 196 45 tranctatui
938 805 126 45 nunc,
1023 805 84 45 si
1065 805 112 45 illa
1121 805 112 45 breui-

718 852 103 44 ter
777 852 205 44 repetemus,
938 852 103 44 aut
997 852 117 44 enim
1070 852 132 44 aliud
1143 852 88 44 cau-

706 901 108 37 sae
767 901 124 37 gens
845 901 232 37 inueniemus,
1030 901 108 37 aut
1092 901 139 37 certe
1169 901 62 37 ma

715 938 106 50 gis
776 938 137 50 illis
867 938 197 50 credemus,
1018 938 121 50 quae
1094 938 121 50 nunc
1155 938 76 50 di-

720 981 110 45 ctae
789 981 124 45 sunt.
872 981 151 45 Plurimi
982 981 138 45 igitur
1078 981 138 45 eorum,
1160 981 69 45 qui

713 1024 150 46 primo
813 1024 267 46 philosophati
1030 1024 150 46 sunt,
1113 1024 117 46 solas

713 1068 130 38 illas
799 1068 231 38 existimarunt
987 1068 145 38 omnium
1088 1068 116 38 esse
1146 1068 87 38 prin

716 1109 146 57 cipia,
818 1109 102 57 qua
877 1109 87 57 in
920 1109 175 57 materiae
1052 1109 146 57 specie
1139 1109 102 57 sunt.

709 1151 97 51 ex
757 1151 113 51 quo
822 1151 130 51 enim
903 1151 146 51 omnia
1000 1151 146 51 entia
1097 1151 146 51 sunt,
1194 1151 81 51 &

706 1191 107 58 ex
760 1191 125 58 quo
831 1191 160 58 primo
938 1191 178 58 fiunt,
1062 1191 89 58 &
1098 1191 107 58 ad
1133 1191 107 58 quod

714 1237 175 38 vltimum
841 1237 270 38 corrumpuntur,
1048 1237 191 38 substantia

714 1276 170 47 quidem
833 1276 255 47 permanente,
1037 1276 170 47 mutata
1139 1276 102 47 vero

717 1323 267 47 passionibus,
934 1323 117 47 hoc
1001 1323 234 47 elementum,
1185 1323 84 47 &

710 1359 108 51 hoc
771 1359 154 51 omnium
879 1359 154 51 entium
987 1359 123 51 esse
1048 1359 185 51 principium

714 1400 149 50 aiunt.
818 1400 74 50 &
848 1400 89 50 ob
892 1400 104 50 hoc
952 1400 134 50 nihil
1041 1400 149 50 fieri,
1130 1400 104 50 neque

712 1448 185 42 corrumpi
851 1448 216 42 opinantur,
1021 1448 170 42 tanquam
1129 1448 108 42 huius

712 1487 159 42 cemodi
823 1487 159 42 natura
935 1487 159 42 semper
1030 1487 207 42 comseruata.

722 1531 224 47 quemandmodum
904 1531 126 47 neque
988 1531 182 47 Socratem,
1114 1531 126 47 quandom

709 1566 205 51 formosus,
867 1566 110 51 aut
930 1566 174 51 musicus
1041 1566 189 51 efficitur,

718 1610 206 48 simpliciter
883 1610 124 48 fieri
966 1610 165 48 dicimus,
1090 1610 138 48 neque,
1172 1610 69 48 cum

712 1654 143 54 istos
808 1654 175 54 habitus
935 1654 191 54 amittat,
1062 1654 175 54 corrumpi:

708 1693 97 45 eo
756 1693 129 45 quod
837 1693 210 45 subiectum
998 1693 145 45 ipsum
1079 1693 161 45 Socrates

704 1742 210 43 permanet.
865 1742 113 43 ita
930 1742 81 43 &
962 1742 226 43 caeterorum
1123 1742 113 43 nihil

712 1789 177 37 oportet
840 1789 129 37 enim
921 1789 177 37 aliquam
1049 1789 177 37 naturam
1162 1789 80 37 aut

713 1829 116 37 vnam,
790 1829 90 37 aut
842 1829 129 37 plures
932 1829 116 37 esse,
1009 1829 77 37 et
1047 1829 129 37 quibus
1124 1829 116 37 caetera
