1475 2066
147 165 323 53 MAEC
349 165 323 53 ANro
510 165 202 53 Nri

273 228 206 46 S
314 228 289 46 2MAMA

204 284 246 46 Solutiones
380 284 299 46 Contradictionum

296 326 85 52 in
338 326 141 52 dictis
423 326 197 52 Aristotelis,

354 366 81 44 &
370 366 178 44 Auerrois,

198 421 159 61 Super
304 421 159 61 primo
393 421 300 61 Metaphysieorum.

404 500 183 46 Cgrediamur
547 500 104 46 nunc
600 500 117 46 obsecro

400 536 110 30 dicta
473 536 147 30 Aristor.
583 536 61 30 &
608 536 110 30 Auer.
669 536 49 30 in

401 566 215 37 Metaphysicis.
579 566 101 37 Ari.
629 566 89 37 dicit

399 596 167 34 animalia
524 596 167 34 habentia
636 596 83 34 memo

409 626 86 41 riam
463 626 86 41 esse
516 626 150 41 prudentia.
634 626 75 41 sed
666 626 54 41 cum

409 657 75 33 ex
446 657 112 33 libro
520 657 75 33 de
558 657 137 33 memoria
645 657 75 33 illa

398 689 184 33 animalia
535 689 153 33 habent
627 689 92 33 memo

198 718 97 37 riam,
263 718 86 37 quae
317 718 108 37 tempus
392 718 162 37 percipiunt,
522 718 86 37 quia
576 718 76 37 est
608 718 108 37 respectu

195 748 137 37 praeteriti,
304 748 109 37 sequitur
386 748 73 37 quod
432 748 73 37 alia
478 748 55 37 ab
505 748 91 37 homine
569 748 109 37 sentiunt
642 748 82 37 tepoes,

202 785 79 33 Sed
247 785 101 33 huius
314 785 146 33 oppositum
427 785 124 33 habetur
517 785 79 33 ex.
562 785 56 33 A
584 785 90 33 phy.
640 785 79 33 te.
674 785 45 33 c.

205 813 94 38 rii.
264 813 94 38 quia
322 813 117 38 tempus
404 813 82 38 cum
451 813 82 38 sit
498 813 129 38 numerus
591 813 117 38 motus,
662 813 58 38 nul

205 840 73 34 lum
246 840 104 34 animal
319 840 125 34 percipit
413 840 115 34 tepoes.
497 840 73 34 sed
539 840 104 34 nullum
612 840 104 34 animal
674 840 42 34 no

199 871 79 35 uit
244 871 147 35 numerare,
357 871 90 35 nisi
414 871 90 35 homo
470 871 79 35 qui
515 871 102 35 habet
572 871 147 35 intellectum

198 901 94 37 quia
257 901 142 37 numerare
363 901 118 37 solius
446 901 177 37 intellectus
587 901 94 37 est,
646 901 71 37 vt
670 901 59 37 ibi

211 933 121 37 dicitur.
302 933 81 37 Nisi
353 933 91 37 esset
413 933 81 37 quod
464 933 152 37 differentia
585 933 71 37 est
626 933 91 37 inter
676 933 51 37 ho-

198 965 108 38 minem
270 965 60 38 &
294 965 120 38 bruta,
378 965 84 38 nam
426 965 96 38 homo
485 965 108 38 solus
557 965 84 38 per
605 965 72 38 se
629 965 96 38 sensum

207 997 120 29 temporis
297 997 90 29 habet
356 997 110 29 propter
436 997 139 29 praedictam
546 997 110 29 causam:
625 997 80 29 alia
665 997 60 29 vero

202 1023 142 41 animalia
309 1023 71 41 ex
344 1023 166 41 accidenti,
475 1023 83 41 pro
522 1023 119 41 quanto
594 1023 130 41 agnoscunt

209 1061 157 36 motionem,
329 1061 60 36 &
354 1061 169 36 passionem,
486 1061 96 36 quam
546 1061 120 36 aliquo
619 1061 108 36 tempore

211 1092 156 31 atceperunt,
335 1092 52 31 &
356 1092 83 31 ista
408 1092 73 31 est
449 1092 93 31 smnia
511 1092 93 31 Them.
573 1092 73 31 in.
615 1092 62 31 i.
646 1092 62 31 de
667 1092 62 31 ani-

213 1117 63 36 ma
245 1117 63 36 in
277 1117 85 36 cap.
330 1117 85 36 &Aa.
382 1117 95 36 Forma
446 1117 106 36 igitur
520 1117 127 36 temporis
615 1117 53 36 a
636 1117 85 36 solo
678 1117 53 36 ho-

207 1148 109 34 mine,
279 1148 109 34 nedum
352 1148 133 34 materia
448 1148 193 34 cognoscitur,
605 1148 85 34 sed
642 1148 85 34 haben

210 1181 88 37 tia
261 1181 151 37 memoriam
374 1181 138 37 praeter
474 1181 126 37 homine
562 1181 163 37 agnoscunt
675 1181 50 37 ma

207 1209 106 41 teriam
282 1209 116 41 tantum:
366 1209 127 41 Amplius,
461 1209 64 41 vt
493 1209 64 41 d.
525 1209 95 41 Them.
588 1209 64 41 in
620 1209 74 41 com
652 1209 74 41 super

210 1239 99 35 libs.
276 1239 66 35 de
309 1239 121 35 memoria
397 1239 55 35 &
419 1239 187 35 reminiscentia
573 1239 88 35 lib.
628 1239 66 35 i.
650 1239 77 35 capre

214 1269 73 37 8.
250 1269 109 37 Pruta
323 1269 85 37 hoc
371 1269 109 37 solum
444 1269 170 37 cognoscunt
578 1269 73 37 se
614 1269 97 37 modo
662 1269 61 37 con

206 1303 106 31 ruere,
281 1303 74 31 aut
323 1303 85 31 olim
376 1303 149 31 corruisse,
493 1303 74 31 sed
536 1303 96 31 tamen
589 1303 138 31 praeteritum

210 1332 114 32 tempus
289 1332 57 32 a
312 1332 114 32 futuro
392 1332 80 32 non
437 1332 171 32 discernunt.
574 1332 91 32 item
631 1332 91 32 homo
676 1332 46 32 re

214 1364 116 39 cordari
298 1364 63 39 se
329 1364 137 39 percipit:
434 1364 74 39 sed
476 1364 74 39 hoc
518 1364 105 39 brutis
592 1364 74 39 est
623 1364 105 39 negatum,

243 1393 122 33 Secunda
331 1393 144 33 contradi.
442 1393 77 33 est
486 1393 100 33 etiam
553 1393 66 33 in
586 1393 111 33 proce.
653 1393 77 33 primi

216 1422 99 42 meta.
282 1422 110 42 Arist.
360 1422 66 42 in
393 1422 110 42 proce.
470 1422 110 42 primae
547 1422 177 42 philosophiae
680 1422 44 42 di

218 1457 74 33 cit
261 1457 85 33 quod
314 1457 160 33 vniuersalia
442 1457 138 33 hominibus
548 1457 85 33 sunt
591 1457 138 33 difficilli-

210 1485 78 32 ma
249 1485 78 32 ad
288 1485 221 32 cognoscendum.
470 1485 91 32 Sed
522 1485 117 32 huius
587 1485 143 32 oppositum

217 1515 129 35 legimus
311 1515 71 35 in
347 1515 106 35 primo
417 1515 141 35 physicae
523 1515 212 35 auscultationis
688 1515 47 35 in

218 1549 71 36 te.
258 1549 81 36 com.
309 1549 60 36 A.
339 1549 71 36 vbi
379 1549 131 36 ostendens
480 1549 111 36 ordinem
561 1549 141 36 doctrinae,
661 1549 71 36 inque

210 1577 70 33 ab
245 1577 199 33 vniuersalibus
410 1577 70 33 ad
445 1577 188 33 particularia
597 1577 94 33 esse
644 1577 82 33 proce

217 1612 125 29 dendum,
308 1612 91 29 quia
364 1612 170 29 vniuersalia
501 1612 91 29 sunt
558 1612 102 29 magis
626 1612 91 29 nota
671 1612 57 29 non

217 1638 90 34 bis.
273 1638 146 34 Alexander
385 1638 101 34 autem
453 1638 67 34 in
487 1638 146 34 praesenti
599 1638 90 34 loco
644 1638 90 34 volens

211 1672 102 36 istam
279 1672 114 36 sedare
358 1672 216 36 contradictionem
540 1672 125 36 asserit
631 1672 91 36 quod
676 1672 57 36 non

217 1701 80 38 est
262 1701 91 38 idem
319 1701 114 38 primum
398 1701 91 38 quod
455 1701 170 38 vniuersale.
592 1701 102 38 Prima
648 1701 80 38 Phile

210 1732 123 34 sophia,
299 1732 78 34 cum
344 1732 78 34 sit
389 1732 168 34 scientiarum
523 1732 168 34 certissima,
646 1732 89 34 scien-

209 1762 115 32 tiarum
289 1762 103 32 autem
358 1762 172 32 certissimae
495 1762 115 32 maxime
576 1762 126 32 priorum
656 1762 69 32 sunt

213 1793 185 33 Metaphysica
360 1793 86 33 est
410 1793 74 33 de
447 1793 172 33 prioribus,
582 1793 99 33 quae
631 1793 99 33 quidem

212 1826 142 32 hominibus
322 1826 88 32 sunt
376 1826 186 32 difficillima.
530 1826 164 32 vniuersalia
650 1826 77 32 autem

215 1857 89 41 quae
270 1857 67 41 in
304 1857 133 41 physicis
404 1857 133 41 asseruit
504 1857 89 41 esse
559 1857 100 41 nobis
626 1857 133 41 notiora,

731 173 76 38 non
774 173 87 38 sunt
829 173 97 38 eadem
893 173 76 38 cum
937 173 119 38 primis,
1023 173 76 38 sed
1066 173 87 38 sunt
1120 173 141 38 communia,
1218 173 43 38 vt

738 206 125 35 genera,
828 206 91 35 quae
885 206 113 35 quidem
964 206 125 35 solutio
1055 206 91 35 nisi
1112 206 102 35 recte
1168 206 91 35 inuel-

732 235 129 31 ligatur
826 235 129 31 obscura
919 235 93 31 est,
978 235 58 31 &
1001 235 82 31 non
1048 235 129 31 videtur
1130 235 129 31 satisface

732 265 82 35 re,
779 265 94 35 quia
838 265 118 35 Arist.
921 265 71 35 in
956 265 118 35 proce.
1038 265 153 35 enumerans
1144 265 118 35 conditio

736 297 79 33 nes
781 297 146 33 sapientis
893 297 101 33 inter
961 297 101 33 alias
1028 297 169 33 conditiones
1152 297 112 33 asseruit

736 326 107 32 istam,
811 326 139 32 videlicet
918 326 85 32 quod
971 326 139 32 sapientis
1078 326 75 32 est
1120 326 96 32 omnia
1174 326 85 32 cogno-

735 356 100 32 scere,
805 356 60 32 vt
835 356 130 32 possibile
935 356 80 32 est,
985 356 60 32 i.
1015 356 60 32 in
1045 356 150 32 vniuersali.
1165 356 70 32 vnd
1195 356 70 32 scri-

735 388 93 30 bit.
793 388 104 30 Horum
863 388 104 30 autem
933 388 81 30 hoc
979 388 116 30 quidem
1060 388 104 30 omnia
1130 388 104 30 scire
1188 388 81 30 vni-

738 416 139 34 uersalem
842 416 150 34 scientiam
958 416 115 34 maxime
1039 416 127 34 habenti
1131 416 115 34 inesse
1200 416 58 34 ne-

732 452 107 33 cesse
803 452 95 33 est:
863 452 83 33 hic
910 452 95 33 enim
970 452 107 33 nouit
1041 452 107 33 omnia
1101 452 166 33 aliqualiter.

734 478 148 30 subiecta.
848 478 57 30 &
870 478 114 30 postea
950 478 148 30 sequitur.
1064 478 91 30 Fere
1121 478 103 30 autem
1189 478 57 30 &
1201 478 68 30 dif-

737 505 169 37 ficillima
867 505 104 37 sunt
932 505 169 37 hominibus
1061 505 78 37 ad
1087 505 182 37 cognoscendum

739 536 97 33 quae
799 536 121 33 maxime
884 536 182 33 yniuersalia
1030 536 109 33 sunt.
1102 536 85 33 nam
1151 536 61 33 a
1163 536 97 33 senfi-

734 567 92 34 bus
787 567 105 34 sunt
852 567 211 34 remotissima.
1024 567 145 34 Amplius
1129 567 119 34 prima
1195 567 66 34 phi

737 597 139 42 losophia
842 597 81 42 est
888 597 69 42 de
923 597 162 42 communibus
1050 597 58 42 &
1073 597 151 42 generibus
1177 597 93 42 saltem

733 630 157 31 analogice
854 630 133 31 dictis,
951 630 97 31 quia
1011 630 85 31 ens
1059 630 60 31 &
1084 630 97 31 vnum
1144 630 97 31 sunt
1192 630 73 31 con-

740 661 175 29 munissima
874 661 148 29 omnibus
982 661 94 29 per
1036 661 189 29 analogiam.
1184 661 67 29 &
1198 661 67 29 sic

737 687 203 35 contradictio
902 687 114 35 adhuc
978 687 177 35 perseuerat
1117 687 76 35 in
1155 687 89 35 suo
1193 687 76 35 robo

739 719 73 35 re.
780 719 84 35 Nisi
833 719 94 35 esset
895 719 84 35 quod
948 719 104 35 duplex
1021 719 73 35 est
1062 719 157 35 vniuersale,
1188 719 63 35 vt
1209 719 52 35 in-

741 750 99 32 nuit
802 750 111 32 etiam
876 750 135 32 Auerro.
975 750 74 32 in
1012 750 99 32 com.
1073 750 111 32 magno
1147 750 111 32 primo
1209 750 49 32 po

739 780 122 31 sterio.
828 780 78 31 con
872 780 89 31 enim
927 780 122 31 quoddam
1016 780 89 31 enim
1072 780 78 31 est
1116 780 89 31 vnum
1160 780 100 31 nunmere

744 809 135 33 secundum
845 809 157 33 essentiam,
969 809 79 33 sed
1014 809 79 33 est
1059 809 157 33 vniuersale
1171 809 90 33 causa-

741 842 127 37 litate,
834 842 104 37 sicut
903 842 81 37 est
949 842 115 37 primum
1030 842 150 37 efficiens
1146 842 58 37 &
1169 842 104 37 prima
1226 842 35 37 i

747 875 102 34 teria.
818 875 112 34 quoddam
899 875 81 34 vero
950 875 71 34 est
991 875 112 34 commune
1072 875 122 34 pluribus
1163 875 71 34 per
1194 875 71 34 prae-

744 901 183 38 dicationem,
890 901 73 38 vt
927 901 98 38 sunt
988 901 122 38 genera
1073 901 61 38 &
1097 901 146 38 species.
1195 901 73 38 Tunc

746 940 115 28 igitur
826 940 115 28 dictum
906 940 138 28 Aristot.
1009 940 161 28 asferentis
1124 940 149 28 vniuersalia

748 962 101 32 esse
811 962 164 32 hominibus
938 962 202 32 difficillima
1101 962 76 32 ad
1127 962 151 32 cognoscen-

748 994 96 33 dum,
808 994 96 33 quia
868 994 60 33 a
892 994 132 33 sensili
988 994 96 33 sunt
1047 994 192 33 remotissima,
1191 994 84 33 habet

741 1023 104 37 locum
811 1023 69 37 de
845 1023 196 37 vniuersalibus
1006 1023 138 37 secundum
1098 1023 173 37 causalitatem,

743 1055 64 31 &
769 1055 115 31 talia
846 1055 102 31 sunt
910 1055 115 31 prima
986 1055 90 31 seu
1038 1055 166 31 principia
1153 1055 115 31 omnium.

745 1086 101 40 idem
809 1086 101 40 enim
872 1086 140 40 dicitur
974 1086 140 40 ptimum,
1075 1086 101 40 quod
1126 1086 152 40 principium

752 1124 76 30 ex.
796 1124 65 30 s.
828 1124 109 30 primae
905 1124 186 30 philosophiae.
1058 1124 55 30 &
1079 1124 76 30 hoc
1123 1124 109 30 voluit
1189 1124 76 30 dicet

750 1154 78 33 re.
794 1154 100 33 Alex.
861 1154 89 33 quod
917 1154 111 33 refert
995 1154 111 33 dicere
1073 1154 122 33 aliquid
1162 1154 89 33 esse
1206 1154 67 33 pri-

747 1178 75 42 mum
790 1178 53 42 &
811 1178 149 42 vniuersale
928 1178 128 42 scilicet
1024 1178 149 42 vniuersale
1141 1178 75 42 per
1173 1178 96 42 praedi-

748 1207 151 35 cationem,
865 1207 70 35 de
900 1207 81 35 quo
946 1207 163 35 loquebatur
1074 1207 70 35 in
1109 1207 151 35 Physicis.
1214 1207 58 35 sed

745 1239 123 38 primum
831 1239 62 38 &
856 1239 173 38 vniuersale
991 1239 185 38 causalitate
1139 1239 86 38 non
1176 1239 99 38 distin

753 1269 142 39 guuntur.
860 1269 59 39 &
884 1269 83 39 sic
931 1269 190 39 intelligitur
1085 1269 130 39 solutio
1168 1269 107 39 Alexan-

749 1301 103 41 Quod
814 1301 116 41 autem
891 1301 193 41 asferebatur
1046 1301 116 41 etiam
1123 1301 129 41 primam
1201 1301 64 41 Phi

743 1332 175 30 losophiam
877 1332 202 30 consyderare
1039 1332 81 30 de
1066 1332 202 30 communissimis

748 1365 80 34 per
793 1365 216 34 praedicationem,
975 1365 102 34 sicut
1043 1365 80 34 est
1089 1365 80 34 ens
1134 1365 57 34 &
1157 1365 102 34 vnum:
1214 1365 57 34 Te-

752 1396 148 30 spondetur
866 1396 91 30 quod
923 1396 80 30 hoc
968 1396 160 30 verissimum
1094 1396 91 30 est,
1151 1396 103 30 tamen
1208 1396 57 30 ta-

750 1422 80 36 lia
795 1422 103 36 licet
864 1422 69 36 in
899 1422 103 36 prima
967 1422 161 36 cognitione
1094 1422 161 36 incomplexa
1208 1422 69 36 sint

748 1456 208 35 notissima:nam
919 1456 147 35 secundum
1029 1456 110 35 Auic.
1103 1456 86 35 ens
1152 1456 61 35 &
1176 1456 86 35 res
1213 1456 61 35 pri

747 1486 71 40 ma
783 1486 178 40 impressione
925 1486 178 40 imprimuntur
1067 1486 71 40 in
1103 1486 119 40 anima:
1186 1486 107 40 quan

753 1513 85 35 tum
801 1513 73 35 ad
838 1513 194 35 scientificam
995 1513 181 35 cognitionem
1128 1513 145 35 naturalium

755 1551 204 34 proprietatum,
923 1551 96 34 quae
983 1551 84 34 per
1031 1551 228 34 demonstrationem
1211 1551 60 34 ac-

751 1581 148 29 quiritur,
865 1581 137 29 cognitio
967 1581 103 29 eorum
1036 1581 80 29 est
1081 1581 194 29 difficillima.
1241 1581 57 29 &

751 1608 77 34 sic
795 1608 98 34 patet
850 1608 98 34 solutio

782 1636 116 38 Tertia
864 1636 151 38 contradi.
980 1636 82 38 est
1027 1636 70 38 in
1062 1636 82 38 com
1108 1636 116 38 primo.
1178 1636 105 38 Inquit,

746 1672 105 38 Auer,
817 1672 94 38 quod
875 1672 129 38 materia
969 1672 82 38 non
1015 1672 94 38 vere
1074 1672 164 38 generatur,
1191 1672 82 38 neque

753 1704 208 35 corrumpitur.
922 1704 117 35 Huius
1000 1704 117 35 autem
1079 1704 169 35 oppositum
1196 1704 78 35 memi

751 1732 102 32 nimus
818 1732 79 32 nos
864 1732 124 32 legisse
954 1732 102 32 super
1022 1732 102 32 primo
1089 1732 113 32 physi.
1168 1732 90 32 cum.
1214 1732 56 32 do.

746 1764 151 31 Soluitur.
862 1764 128 31 materia
955 1764 93 31 vere
1013 1764 151 31 generatur
1129 1764 58 31 &
1152 1764 93 31 vere
1198 1764 70 31 cor-

755 1792 147 34 rumpitur
865 1792 184 34 subiectiue:
1012 1792 110 34 motus
1086 1792 98 34 enim
1147 1792 86 34 est
1196 1792 74 34 in
1221 1792 49 34 mo

752 1822 74 37 to
789 1822 62 37 &
813 1822 86 37 non
863 1822 74 37 in
900 1822 136 37 motore.
998 1822 62 37 &
1023 1822 99 37 quia
1085 1822 160 37 subiectum
1196 1822 74 37 gene

747 1861 144 29 rationis
855 1861 60 29 &
879 1861 192 29 corruptionis
1034 1861 84 29 est
1082 1861 144 29 materia,
1178 1861 96 29 propte
