1475 2066
193 165 120 37 modo.
273 165 93 37 Nos
326 165 120 37 autem
406 165 80 37 in
446 165 93 37 hac
500 165 147 37 materia
593 165 120 37 median-

193 197 76 37 do
231 197 139 37 dicimus
333 197 228 37 compositionem,
523 197 63 37 &
536 197 177 37 resolutionem

197 229 165 33 dupliciter
327 229 95 33 heri
386 229 118 33 posse,
469 229 83 33 vno
516 229 95 33 modo
575 229 142 33 secundum
670 229 47 33 ra

193 263 142 29 tionem,
296 263 65 29 &
322 263 103 29 alio
387 263 103 29 modo
452 263 155 29 secundum
568 263 155 29 naturam.
684 263 65 29 &

194 289 89 34 tunc
249 289 122 34 dicimus
338 289 89 34 quod
393 289 155 34 resolutio,
515 289 89 34 quae
571 289 78 34 sit
604 289 111 34 secundum

191 320 170 35 rantionem,
324 320 146 35 procedit
434 320 61 35 a
458 320 109 35 causa
531 320 109 35 super
592 320 121 35 effectum

201 355 95 38 Vnde
260 355 142 38 Themist.
367 355 71 38 i.
402 355 118 38 Poste.
485 355 165 38 analyticor
615 355 95 38 cap.
662 355 59 38 28.

192 381 121 37 inquit
277 381 157 37 resoluere
398 381 145 37 appello,
506 381 97 37 vera
555 381 157 37 conclusione

189 412 125 39 posita,
280 412 125 39 causas,
371 412 68 39 ex
405 412 114 39 quibus
484 412 137 39 confecta
587 412 80 39 est
621 412 91 39 conclu

192 450 100 34 sio,
255 450 175 34 exquirere.
393 450 75 34 Et
430 450 113 34 illud
505 450 125 34 maximo
580 450 138 34 argumento

194 477 96 32 est.
254 477 84 32 nam
302 477 108 32 liber
374 477 192 32 Posteriorum,
529 477 192 32 resolutorius
673 477 48 32 ap

193 508 113 38 paret:
272 508 68 38 eo
306 508 90 38 quia
362 508 68 38 de
396 508 158 38 postetiori
521 508 170 38 resolutione
645 508 68 38 agit

188 542 70 29 in
223 542 82 29 eo,
270 542 94 29 quae
329 542 82 29 est
376 542 105 29 penes
446 542 140 29 materiam
539 542 176 29 necessariams,

190 568 96 34 talis
255 568 96 34 autem
319 568 139 34 resolutio
426 568 75 34 est
469 568 96 34 circa
522 568 193 34 demonstrationem,

194 601 95 36 quae
254 601 84 36 est
301 601 84 36 ibi
349 601 167 36 subiectum.
480 601 191 36 demonstratio
624 601 84 36 autem

196 628 67 42 de
229 628 79 42 qua
274 628 112 42 agitur
353 628 79 42 ibi
398 628 202 42 principaliter,
566 628 79 42 est
600 628 123 42 demonstra

192 661 83 29 tio
239 661 189 29 simpliciter,
393 661 95 29 qnae
452 661 59 29 a
476 661 106 29 causa
547 661 106 29 super
606 661 118 29 effectum

193 690 146 38 procedit,
305 690 90 38 quia
361 690 79 38 per
406 690 101 38 illam
474 690 157 38 acquiritur
597 690 101 38 scire
654 690 67 38 sim-

191 724 141 34 plicitei
297 724 153 34 definitum
415 724 71 34 in
450 724 94 34 illo
509 724 118 34 libro:
591 724 82 34 non
638 724 106 34 autem

192 757 83 37 per
240 757 225 37 demonstrationem
429 757 107 37 quia,
500 757 95 37 quia
559 757 95 37 illa
618 757 83 37 non
654 757 59 37 fa-

193 781 81 37 cit
240 781 104 37 scire
309 781 184 37 simpliciter,
458 781 81 37 sed
504 781 138 37 secundum
608 781 104 37 quid,
665 781 58 37 nam

192 813 107 32 scire
263 813 178 32 simpliciter
406 813 83 32 est
454 813 83 32 rem
501 813 83 32 per
549 813 119 32 causam
620 813 95 32 cogno-

197 843 89 38 scere,
259 843 45 38 &
277 843 98 38 quoniam
349 843 89 38 illius
411 843 62 38 est
447 843 89 38 causa,
509 843 45 38 &
527 843 71 38 quod
571 843 134 38 impossibile
678 843 62 38 est

195 876 105 37 aliter
268 876 63 37 se
299 876 115 37 habere.
383 876 84 37 Quia
436 876 105 37 igitur
509 876 136 37 resolutio
614 876 94 37 illa,
667 876 52 37 qua

194 906 141 32 secundum
300 906 141 32 rationis
406 906 165 32 discursum,
535 906 106 32 penes
606 906 118 32 causas
676 906 47 32 at

189 937 140 40 tenditur
294 937 105 40 supra
365 937 152 40 effectus,
481 937 140 40 sequitur
587 937 93 40 ergo
633 937 82 40 Pius-

192 965 98 37 quam
253 965 122 37 commen
338 965 134 37 rectius
436 965 134 37 sentire
534 965 73 37 in
570 965 86 37 hoc
619 965 86 37 qua
656 965 61 37 Mo-

196 996 110 33 derni.
273 996 99 33 Scire
339 996 88 33 enim
394 996 165 33 resolutorie
525 996 121 33 aliquem
602 996 110 33 effectum

194 1028 62 31 &
218 1028 185 31 intelligere
366 1028 99 31 est.
428 1028 86 31 cum
477 1028 197 31 cognouerimus
625 1028 99 31 causas

193 1061 88 37 eius
248 1061 154 37 simplices,
369 1061 55 37 &
391 1061 143 37 principia
502 1061 99 37 prima
568 1061 99 37 vsque
634 1061 66 37 ad
656 1061 66 37 ele-

193 1091 103 31 menta,
265 1091 62 31 vt
296 1091 123 31 dicitur.
388 1091 62 31 i.
419 1091 82 31 phy.
470 1091 82 31 tex.
522 1091 82 31 com.
573 1091 103 31 primi.
645 1091 62 31 Et
666 1091 51 31 hoc

197 1122 111 32 etiam
270 1122 135 32 Auerro.
369 1122 160 32 confirmat
492 1122 74 32 in
528 1122 160 32 praesenti
639 1122 86 32 locos

196 1157 100 32 quando
266 1157 90 32 dixit
326 1157 90 32 quod,
385 1157 60 32 si
415 1157 129 32 postremum
515 1157 70 32 non
555 1157 110 32 fuerit,
634 1157 50 32 &
644 1157 70 32 prius

196 1180 78 37 sit,
245 1180 69 37 non
284 1180 98 37 potest
353 1180 88 37 fieri
412 1180 69 37 sua
451 1180 137 37 definitio,
559 1180 78 37 quae
608 1180 69 37 per
638 1180 78 37 disso-

194 1213 141 32 lutionem
300 1213 141 32 habetur.
405 1213 70 32 Et
441 1213 188 32 confirmatur.
593 1213 82 32 nam
628 1213 94 32 clarum

193 1244 81 42 est
240 1244 92 42 quod
297 1244 69 42 in
332 1244 184 42 Mathematicis
481 1244 150 42 scientiis
596 1244 81 42 est
631 1244 92 42 maxima

193 1272 148 40 certitudo
306 1272 80 40 per
352 1272 205 40 resolutioneni.
523 1272 102 40 patet
591 1272 102 40 autem
648 1272 68 40 quod

194 1301 84 38 ibi
242 1301 84 38 non
290 1301 84 38 fit
338 1301 192 38 demonstratio
493 1301 108 38 quia,
565 1301 60 38 &
589 1301 84 38 per
625 1301 84 38 conse

197 1336 103 35 quens
265 1336 149 35 resolutio
380 1336 138 35 secundum
483 1336 138 35 rationem
587 1336 80 35 non
633 1336 80 35 sit
667 1336 46 35 ab

195 1364 138 38 effectu
296 1364 75 38 ad
333 1364 138 38 causam,
434 1364 88 38 sed
484 1364 125 38 potius
572 1364 150 38 econtra.
684 1364 63 38 &

194 1399 112 35 istud
268 1399 99 35 apud
330 1399 74 35 me
367 1399 87 35 non
417 1399 87 35 est
466 1399 136 35 dubium,
565 1399 124 35 dicant
640 1399 74 35 ali-

202 1426 134 47 quidquid
302 1426 123 47 velint.
391 1426 89 47 Alia
447 1426 78 47 est
492 1426 156 47 resolutio,
615 1426 89 47 quae
659 1426 56 47 fit

193 1457 143 33 secundum
300 1457 143 33 naturam:
407 1457 60 33 &
431 1457 107 33 talis
503 1457 83 33 sit
550 1457 71 33 ab
586 1457 131 33 effectu
669 1457 48 33 ad

193 1492 101 38 causa
260 1492 67 38 m.
293 1492 112 38 natura
372 1492 89 38 enim
427 1492 134 38 resoluit
528 1492 101 38 mixta
595 1492 67 38 in
617 1492 101 38 quatuor

193 1520 167 34 elementa,
322 1520 64 34 &
348 1520 154 34 elementa
463 1520 77 34 in
502 1520 154 34 mareriam
618 1520 64 34 &
631 1520 77 34 for-

195 1551 98 40 mam.
256 1551 73 40 de
292 1551 98 40 ista
353 1551 183 40 resolutione
500 1551 146 40 loquitur
597 1551 110 40 Comen.-

195 1588 98 30 meta.
260 1588 87 30 con.
315 1588 76 30 ii.
358 1588 87 30 quia
413 1588 76 30 ibi
457 1588 131 30 loquitur
555 1588 65 30 de
576 1588 131 30 dissolutio

191 1615 80 39 ne,
236 1615 92 39 quae
294 1615 80 39 sit
339 1615 160 39 attendendo
465 1615 103 39 penes
534 1615 114 39 illud,
614 1615 92 39 quod
660 1615 57 39 est

196 1643 52 36 a
216 1643 114 36 natura,
299 1643 72 36 non
341 1643 93 36 autem
403 1643 52 36 a
423 1643 124 36 ratione.
516 1643 62 36 Et
547 1643 93 36 istus
610 1643 93 36 etiam
661 1643 52 36 sen

200 1676 117 31 tentiae
286 1676 75 31 est
328 1676 96 31 beats
392 1676 107 31 Doctor
467 1676 75 31 in.
509 1676 64 31 i.
541 1676 96 31 meta.
605 1676 64 31 in
627 1676 85 31 exponi

197 1707 86 32 sedi
251 1707 119 32 textus,
337 1707 76 32 sit
381 1707 65 32 ut
413 1707 108 32 videre
488 1707 97 32 potes
553 1707 76 32 ibi
586 1707 129 32 euidenter.

229 1739 93 34 ertia
291 1739 155 34 contradict.
415 1739 72 34 est
456 1739 62 34 in
487 1739 83 34 com.
539 1739 72 34 no.
580 1739 114 34 Dicitur
653 1739 62 34 quod

187 1767 201 32 Mathematicae
350 1767 238 32 demonstrationes
551 1767 100 32 sunt
614 1767 75 32 in
639 1767 75 32 pri-

190 1801 74 41 mo
227 1801 123 41 ordine
313 1801 209 41 certitudinis,
485 1801 62 41 &
510 1801 160 41 Naturales
621 1801 98 41 sequum

189 1829 78 35 tur
233 1829 78 35 eas
278 1829 67 35 in
311 1829 89 35 hoc.
367 1829 100 35 Huius
434 1829 145 35 oppositum
545 1829 134 35 dicitur.
645 1829 67 35 i.
667 1829 45 35 de

190 1860 51 46 A
210 1860 72 46 ia.
251 1860 82 46 tex.
303 1860 72 46 con
344 1860 103 46 primi,
415 1860 72 46 vbi
457 1860 113 46 dicitur
539 1860 82 46 quod
590 1860 123 46 scientia
672 1860 41 46 de

741 172 100 30 anima
807 172 122 30 excedit
896 172 100 30 omnes
963 172 100 30 alias
1029 172 144 30 scientias
1129 172 133 30 nobilitate

740 202 150 34 subiecti,
856 202 58 34 &
879 202 174 34 certitudine
1018 202 220 34 demonstrationis
1192 202 69 34 prae

736 233 81 33 ter
783 233 140 33 Diuinam.
888 233 151 33 Soluitur.
1004 233 116 33 multae
1085 233 105 33 sunt,
1155 233 58 33 &
1167 233 93 33 variae

743 260 166 37 expositiones
877 260 104 37 illius
950 260 93 37 loci.
1012 260 93 37 sicut
1074 260 104 37 nosti.
1147 260 73 37 sed
1178 260 83 37 illud,

731 290 100 42 quod
794 290 113 42 nobis
869 290 138 42 videtur
970 290 100 42 esse
1032 290 150 42 dicendum
1145 290 88 42 pro
1183 290 75 42 nunc

737 324 78 30 est
781 324 111 30 istud,
859 324 89 30 quod
914 324 100 30 notat
981 324 78 30 hic
1025 324 111 30 Commen
1103 324 67 30 in
1136 324 89 30 com.
1180 324 78 30 isto-

739 353 95 33 Dicit
803 353 85 33 enim
856 353 85 33 quod
909 353 64 33 in
941 353 95 33 eadem
1004 353 138 33 scientia,
1110 353 64 33 si
1131 353 127 33 diuersatur

736 388 161 31 certindo
856 388 161 31 secundum
977 388 121 31 magis
1057 388 67 31 &
1084 388 134 31 minus,
1164 388 94 31 multo

733 419 105 32 magis
803 419 163 32 diuersatur
931 419 70 32 in
966 419 140 32 diuersis
1071 419 151 32 scientiis
1176 419 93 32 secun-

734 449 84 34 dum
782 449 131 34 geneus.
877 449 84 34 Pro
925 449 84 34 quo
973 449 108 34 debes
1045 449 120 34 scire,
1129 449 72 34 vt
1152 449 108 34 scribit

738 475 98 42 Commen
807 475 59 42 i.
836 475 88 42 coeli
895 475 78 42 com.
943 475 68 42 ii.
982 475 98 42 Qoniam
1051 475 88 42 autem
1109 475 98 42 quando
1168 475 88 42 differe

741 508 86 30 tes
790 508 98 30 sunt
851 508 246 30 demonstrationes,
1060 508 123 30 quarum
1146 508 123 30 alteri
1220 508 49 30 at

739 540 141 30 testatur
845 540 130 30 sensus,
939 540 59 30 &
963 540 118 30 alieri
1045 540 94 30 non,
1104 540 82 30 aut
1151 540 94 30 quia
1210 540 82 30 non

733 573 78 29 est
777 573 111 29 innata
855 573 133 29 sentiri,
955 573 78 29 aut
999 573 89 29 quia
1054 573 78 29 non
1099 573 78 29 est
1132 573 133 29 possibilis

736 605 73 29 vt
772 605 171 29 sentiatur,
907 605 110 29 fides
981 605 122 29 primae
1054 605 208 29 demonstrationis

741 629 91 35 erit
798 629 102 35 magis
866 629 148 35 perfecta.
980 629 91 35 Vnde
1036 629 68 35 ex
1071 629 80 35 hoc
1116 629 125 35 colligo
1196 629 68 35 quod

737 661 243 29 demonstrationes
942 661 179 29 Naturales,
1083 661 128 29 quibus
1160 661 102 29 plures

735 689 114 33 sensis
815 689 183 33 artestantur,
963 689 92 33 sunt
1021 689 126 33 maioris
1101 689 160 33 certitudinis

732 719 93 35 quam
790 719 232 35 demonstrationes,
987 719 116 35 quibus
1068 719 151 35 pauciores
1172 719 93 35 sensus

733 750 181 37 attestantur
878 750 84 37 Et,
926 750 72 37 si
962 750 157 37 certitudo
1071 750 193 37 Mathematicarum

731 788 195 25 scientiarum
887 788 208 25 comparatetur
1056 788 195 25 certitudini
1199 788 65 25 de-

735 813 222 33 monstrationum
918 813 183 33 Naturalium
1062 813 118 33 penes
1140 813 105 33 hoc,
1193 813 65 33 di-

737 841 69 33 co
772 841 92 33 quod
830 841 138 33 caeteris
933 841 127 33 paribus
1025 841 115 33 semper
1094 841 173 33 demonstratio-

732 877 88 30 nes
783 877 164 30 Naturales
909 877 126 30 essent
998 877 164 30 certiores
1111 877 152 30 demonstra-

731 909 149 29 tionibus
842 909 210 29 Mathematicis,
1015 909 99 29 quia
1077 909 161 29 naturales
1189 909 74 29 cau-

740 932 77 37 sae
784 932 88 37 sunt
839 932 99 37 magis
905 932 143 37 sensatae,
1014 932 77 37 qua
1058 932 110 37 causae
1124 932 143 37 mathemanti-

738 969 83 34 cae:
790 969 125 34 Naturaus
884 969 83 34 enim
936 969 125 34 versatur
1030 969 94 34 circa
1092 969 146 34 sensibilia
1196 969 63 34 prae

738 996 111 35 pria,
811 996 61 35 &
836 996 197 35 Mathematicus
996 996 111 35 circa
1069 996 172 35 sensibilia
1192 996 74 35 com-

740 1026 127 33 munia.
829 1026 76 33 Si
867 1026 102 33 vero
931 1026 165 33 certitudo
1045 1026 216 33 demonstrationis

735 1058 180 36 attendatur
877 1058 116 36 penes
954 1058 219 36 abstractionem
1134 1058 64 36 &
1147 1058 116 36 simpli-

736 1085 129 39 citatem
830 1085 153 39 subiecti,
948 1085 82 39 sic
995 1085 153 39 Mathemati
1112 1085 82 39 cae
1148 1085 118 39 excedunt

738 1117 140 37 Naturales
846 1117 151 37 scientias,
964 1117 86 37 quia
1018 1117 65 37 vt
1050 1117 129 37 dicitur.
1147 1117 65 37 i.
1179 1117 65 37 de
1201 1117 65 37 ani-

737 1148 74 30 ma,
780 1148 63 30 &.
811 1148 63 30 i.
843 1148 105 30 coeli.
916 1148 63 30 &.
948 1148 63 30 i.
980 1148 105 30 physi.
1053 1148 137 30 naturalia
1159 1148 63 30 se
1180 1148 84 30 habent

736 1177 92 40 per
788 1177 184 40 additionem
933 1177 79 40 ad
972 1177 210 40 Mathematica.
1143 1177 105 40 vnde
1195 1177 66 40 sie

739 1209 178 39 Arithmetica
881 1209 130 39 certior
976 1209 83 39 est
1024 1209 166 39 Geometria,
1154 1209 95 39 quia
1202 1209 59 39 est

741 1241 62 33 de
772 1241 166 33 paucioribus,
907 1241 62 33 vt
938 1241 124 33 dicitur.
1031 1241 62 33 i.
1062 1241 114 33 pester.
1145 1241 83 33 cap.
1186 1241 73 33 illo-

739 1270 124 36 Certior
829 1270 102 36 autem
897 1270 79 36 est
942 1270 135 36 scientia
1043 1270 113 36 altera
1122 1270 124 36 altera.
1201 1270 68 36 Ista

738 1303 106 36 autem
809 1303 165 36 propositio
938 1303 82 36 sic
985 1303 165 36 intellecta
1115 1303 106 36 habet
1174 1303 82 36 veri-

739 1332 102 34 tatem
807 1332 68 34 vt
840 1332 68 34 in
874 1332 147 34 pluribus:
988 1332 113 34 fallit
1067 1332 102 34 autem
1135 1332 124 34 quantum
1214 1332 45 34 ad

739 1363 114 38 librum
819 1363 69 38 de
853 1363 114 38 anima,
933 1363 148 38 praecipue
1047 1363 80 38 quo
1093 1363 69 38 ad
1127 1363 126 38 tertium
1207 1363 57 38 li-

746 1395 98 31 orum,
812 1395 65 31 in
844 1395 76 31 quo
888 1395 109 31 agitur
964 1395 65 31 de
997 1395 164 31 intellectu,
1128 1395 76 31 qui
1172 1395 76 31 est
1204 1395 55 31 ens

735 1428 116 30 magis
813 1428 181 30 abstractum
955 1428 90 30 qua
1007 1428 168 30 quodlibet
1123 1428 142 30 mathemati

741 1460 93 30 cum.
800 1460 117 30 Qunque
882 1460 105 30 autem
952 1460 152 30 certitudo
1068 1460 164 30 attenditur
1185 1460 82 30 penes

731 1487 152 35 iudicium
845 1487 165 35 potentiae
972 1487 63 35 t
997 1487 228 35 apprehendentis
1174 1487 89 35 talem

733 1517 191 37 certitudinem,
890 1517 56 37 &
913 1517 101 37 penes
980 1517 90 37 hoc,
1037 1517 90 37 quod
1093 1517 135 37 scientia
1183 1517 79 37 osten

735 1551 80 35 dit
780 1551 114 35 illud,
860 1551 57 35 a
883 1551 80 35 quo
928 1551 80 35 est
974 1551 102 35 fons,
1042 1551 57 35 &
1065 1551 102 35 origo
1121 1551 137 35 cogitatio-

738 1582 72 36 nis
779 1582 103 36 omnis,
851 1582 51 36 &
871 1582 144 36 principior
984 1582 103 36 omnium
1056 1582 62 36 in
1087 1582 92 36 aliis
1138 1582 123 36 scientiis,

737 1612 53 30 &
759 1612 63 30 in
790 1612 137 30 qualibent
895 1612 137 30 scientia.
1001 1612 63 30 Et
1032 1612 74 30 sic
1074 1612 126 30 scientia
1169 1612 63 30 de
1190 1612 74 30 anima

740 1643 78 37 cum
785 1643 123 37 tractet
874 1643 67 37 de
908 1643 157 37 intellectu
1031 1643 123 37 agente,
1121 1643 56 37 &
1132 1643 123 37 possibili

738 1675 78 32 qui
783 1675 168 32 dissinguit,
917 1675 56 32 &
939 1675 123 32 iudicat
1028 1675 145 32 quamlibet
1129 1675 134 32 veritatem,

734 1706 71 32 in
770 1706 143 32 qualibet
877 1706 155 32 scientia,
996 1706 167 32 certissima
1127 1706 83 32 est
1163 1706 95 32 omnium

737 1733 168 37 scientiarum
871 1733 123 37 praeter
961 1733 135 37 Diuinam.
1062 1733 56 37 &
1085 1733 90 37 ista
1141 1733 90 37 fuit
1185 1733 79 37 menst

740 1765 132 37 Phemisuj
839 1765 88 37 ibi,
894 1765 55 37 &
916 1765 99 37 Auer.
982 1765 66 37 in
1014 1765 88 37 com.
1069 1765 66 37 i.
1102 1765 99 37 primi
1168 1765 66 37 de
1190 1765 77 37 anima

730 1796 70 39 ad
765 1796 117 39 calcem
847 1796 93 39 com.
905 1796 70 39 si
940 1796 93 39 bene
999 1796 140 39 aduertis
1103 1796 82 39 Sed
1150 1796 105 39 dices
1208 1796 47 39 re

742 1835 136 34 plicando
844 1835 102 34 quod,
912 1835 68 34 si
946 1835 91 34 isto
1002 1835 91 34 modo
1059 1835 136 34 scientia
1161 1835 68 34 de
1184 1835 79 34 Anima

740 1861 93 30 esset
802 1861 114 30 certior
884 1861 93 30 aliis
946 1861 134 30 scientijs
1049 1861 145 30 nobilitate
1153 1861 103 30 subiecti
