1475 2066
204 166 135 28 repugnat
305 166 168 28 intellectui
439 166 67 28 vt
473 166 168 28 intellectus
608 166 79 28 est
641 166 90 28 secun-

213 193 92 36 dum
265 193 210 36 Philosophos,
436 193 92 36 non
489 193 171 36 inquantum
607 193 118 36 singula

217 221 74 33 re,
259 221 74 33 sed
301 221 137 33 inquantum
406 221 147 33 materiale.
521 221 63 33 Et
553 221 74 33 sil
595 221 63 33 in
616 221 116 33 tellectui

206 250 108 34 nostro
282 250 129 34 cognitio
379 250 151 34 singularis
497 250 173 34 attribuitur,
638 250 76 34 hoc
670 250 54 34 est

214 280 75 35 vt
251 280 113 35 habet
326 280 163 35 respectum
451 280 75 35 ad
489 280 150 35 materiam
601 280 63 35 &
626 280 75 35 ad
651 280 75 35 sen-

211 317 80 29 sum
256 317 69 29 ex
291 317 80 29 sui
336 317 206 29 imperfectione,
508 317 80 29 cum
554 317 80 29 sit
599 317 126 29 vltimis
679 317 46 29 in

213 348 106 32 genere
288 348 159 32 abstractor.
415 348 64 32 i.
447 348 64 32 de
478 348 106 32 anima.
552 348 85 32 com.
605 348 74 32 is.
648 348 53 32 &
658 348 64 32 idec

211 372 116 33 &Comen
293 372 105 33 super
363 372 93 33 com.
421 372 105 33 libri
490 372 70 33 de
525 372 174 33 Diuinatione
653 372 70 33 dice

216 404 74 30 bat
259 404 95 30 quod,
322 404 63 30 si
354 404 158 30 substantiae
480 404 148 30 abstractae
596 404 137 30 singular:
691 404 42 30 ma

217 436 129 30 gtriale
311 436 199 30 cognoscerent,
475 436 176 30 contingeret
616 436 105 30 illas
674 436 47 30 ma

210 465 129 33 teriales
307 465 97 33 esse.
371 465 64 33 Et
404 465 86 33 ideo
457 465 161 33 intellectus
586 465 107 33 noster
651 465 75 33 piimo

213 500 129 31 aspectu
307 500 165 31 vniuersale
437 500 165 31 cognoscit,
566 500 94 31 quia
625 500 82 31 hoc
660 500 71 31 con-

209 525 95 41 petit
273 525 84 41 sibi
325 525 127 41 ratione,
420 525 74 41 qua
462 525 158 41 intellectus
589 525 84 41 est,
642 525 74 41 cum
673 525 53 41 sit

213 557 176 31 abstractus
352 557 63 31 a
377 557 151 31 materia,
490 557 63 31 &
515 557 126 31 habeat
590 557 138 31 oppositum

207 595 203 32 receptionis
370 595 122 32 modum
451 595 122 32 modo,
532 595 95 32 quo
586 595 149 32 materia
681 595 54 32 re

218 620 110 31 cipit.
295 620 77 31 nam
339 620 121 31 materia
427 620 187 31 singulariter,
581 620 55 31 &
592 620 132 31 intellectu

218 651 138 31 vniversaliter
332 651 41 31 &
348 651 106 31 abstracte
430 651 98 31 recipit.
503 651 57 31 sic
536 651 65 31 ergo
576 651 90 31 directe
633 651 98 31 vniversale

204 677 179 37 cognoscitur
347 677 71 37 ab
383 677 179 37 intellectu.
526 677 155 37 singulare
645 677 107 37 autem

208 716 85 30 cum
256 716 85 30 non
305 716 182 30 cognoscatur
451 716 73 30 ab
487 716 182 30 intellectu,
633 716 97 30 nisi
681 716 49 30 vt

213 741 98 37 ipse
274 741 207 37 inclinationem
445 741 110 37 habet
518 741 73 37 ad
554 741 159 37 materiam,
664 741 61 37 sit

209 772 124 30 dicimus
299 772 90 30 tale
355 772 135 30 cognosci
456 772 67 30 ab
490 772 169 30 intellectu,
625 772 67 30 vt
647 772 79 30 super

211 801 185 39 phantasmata
359 801 74 39 se
396 801 173 39 conuertit.
532 801 62 39 &
556 801 99 39 ista
606 801 123 39 cognitio

214 833 127 34 refsexa
306 833 92 34 est,
363 833 58 34 &
386 833 81 34 non
432 833 138 34 competit
536 833 173 34 intellectui
662 833 69 34 nisi

206 863 133 34 mediante
306 863 111 34 sensu:
383 863 100 34 sicut
449 863 111 34 patet.
527 863 66 34 i.
560 863 66 34 de
593 863 111 34 anima.
660 863 66 34 con-

204 901 81 29 8.
244 901 148 29 Caueant
352 901 108 29 ergo
419 901 189 29 Nominales,
567 901 67 29 &
581 901 148 29 Purleista

207 923 148 40 tenentes
318 923 161 40 singulare
442 923 99 40 esse
503 923 111 40 primo
578 923 148 40 cognitum
677 923 49 40 ab

212 953 178 34 intellectu.
354 953 83 34 Sed
402 953 71 34 de
437 953 83 34 hoc
485 953 71 34 in
521 953 166 34 quaestione
639 953 95 34 nostra

210 989 74 38 de
247 989 110 38 primo
320 989 135 38 cognito
418 989 135 38 diximus
504 989 98 38 satis,

250 1015 105 36 Octaua
324 1015 137 36 contradi.
430 1015 74 36 est
472 1015 63 36 in
503 1015 84 36 tex.
556 1015 74 36 is.
598 1015 105 36 Arist.
661 1015 74 36 dicit

214 1045 65 37 in
247 1045 87 37 tex.
301 1045 87 37 com.
356 1045 76 37 is.
400 1045 87 37 quod
454 1045 98 37 motus
520 1045 55 37 &
541 1045 109 37 tempus
618 1045 87 37 sunt
662 1045 65 37 quar

208 1079 75 35 ta
246 1079 88 35 per
296 1079 163 35 accidens.
422 1079 88 35 Sed
472 1079 163 35 oppositum
597 1079 138 35 habetur
685 1079 50 35 in

213 1108 227 38 praedicamentis,
404 1108 84 38 vbi
452 1108 119 38 tempus
535 1108 119 38 posuit
619 1108 95 38 esse
666 1108 60 38 per

214 1141 72 29 se
250 1141 179 29 quantitatem
393 1141 167 29 continuam.
525 1141 155 29 Soluitur.
632 1141 96 29 tempus

213 1170 186 32 quiditatiue
361 1170 87 32 est
411 1170 136 32 numerus
510 1170 161 32 numeratus
622 1170 99 32 secun-

209 1205 86 36 dum
258 1205 110 36 prius
331 1205 61 36 &
355 1205 159 36 posterius
478 1205 122 36 ipsius
563 1205 122 36 motus,
649 1205 61 36 &
661 1205 61 36 pra

217 1232 107 38 cipue
288 1232 107 38 primi
359 1232 119 38 motus.
442 1232 59 38 &
466 1232 83 38 quo
514 1232 71 38 ad
549 1232 83 38 hoc
597 1232 83 38 est
644 1232 83 38 per
680 1232 47 38 se

216 1268 174 32 quantitas,
352 1268 99 32 quia
414 1268 112 32 talis
489 1268 99 32 nume
551 1268 87 32 rus
588 1268 137 32 numeratus

211 1290 115 41 potest
291 1290 92 41 esse
349 1290 150 41 quantiras
464 1290 150 41 continua,
579 1290 104 41 sicut
636 1290 92 41 tripe-

210 1326 120 28 daneum
294 1326 120 28 telum,
378 1326 72 28 vt
414 1326 108 28 dicit
487 1326 192 28 lucidissimus
631 1326 96 28 Themis

214 1355 67 31 &
240 1355 107 31 ideo
307 1355 201 31 quiditatiue
468 1355 214 31 consyderatum
628 1355 107 31 tempus

215 1389 80 34 est
260 1389 80 34 per
306 1389 68 34 se
340 1389 159 34 quantitas,
465 1389 91 34 quia
522 1389 102 34 nihil
590 1389 102 34 addit
647 1389 80 34 supra

208 1415 130 35 motum
294 1415 115 35 nisi
366 1415 159 35 numerum
482 1415 202 35 numeratum.
626 1415 101 35 Aliud

213 1443 96 34 autem
277 1443 74 34 est
320 1443 160 34 consyderare
447 1443 64 34 in
479 1443 117 34 empore,
564 1443 53 34 &
586 1443 74 34 est
628 1443 85 34 quod
671 1443 53 34 hab

208 1476 89 30 bet
259 1476 89 30 per
310 1476 77 30 se
349 1476 166 30 mensurare
476 1476 128 30 motum.
565 1476 115 30 Motus
642 1476 115 30 autem

210 1505 141 33 mensurat
316 1505 117 33 tempus
398 1505 82 33 per
445 1505 152 33 accidens.
562 1505 59 33 &
585 1505 82 33 hoc
632 1505 82 33 est
667 1505 59 33 acc

215 1537 77 39 dens
263 1537 125 39 temporis,
359 1537 48 39 &
379 1537 67 39 non
417 1537 67 39 est
455 1537 115 39 quiditas
542 1537 125 39 temporis,
638 1537 58 39 vt
657 1537 67 39 inqui

211 1575 94 32 Alex.
273 1575 73 32 in.
315 1575 63 32 A.
347 1575 84 32 phi.
399 1575 63 32 in
431 1575 105 32 expone
504 1575 84 32 tex.
556 1575 84 32 con.
609 1575 84 32 iis.
661 1575 52 32 &
672 1575 52 32 qui

217 1599 62 35 ad
248 1599 72 35 hoc
289 1599 103 35 tempus
361 1599 72 35 est
403 1599 114 35 quantum
485 1599 72 35 per
526 1599 134 35 accidens,
630 1599 72 35 pro
661 1599 72 35 quan-

219 1629 73 37 ro
255 1629 170 37 imaginamur
389 1629 97 37 quod
450 1629 121 37 tempus
535 1629 146 37 mensurat
644 1629 85 37 per
680 1629 49 37 su

213 1661 178 38 quantitatem
355 1661 178 38 quantitatem
498 1661 119 38 motus,
581 1661 59 38 &
593 1661 142 38 adaequatur

214 1693 82 37 ei.
261 1693 58 37 &
284 1693 128 37 diuisio
378 1693 58 37 &
401 1693 175 37 continuatio
541 1693 93 37 eius
588 1693 140 37 adaequatur

216 1725 154 30 diuisioni
334 1725 59 30 &
358 1725 201 30 continuationi
523 1725 118 30 motus,
606 1725 59 30 a
630 1725 83 30 quo
665 1725 59 30 tem

213 1756 77 37 pus
257 1756 144 37 dependet,
368 1756 121 37 tanquam
456 1756 55 37 a
478 1756 110 37 causa,
555 1756 110 37 saltem
633 1756 66 37 in
655 1756 66 37 gene

215 1788 67 36 re
248 1788 112 36 causae
327 1788 168 36 materialis.
461 1788 56 36 &
484 1788 78 36 sic
528 1788 101 36 dicit
584 1788 146 36 Philosophus

217 1820 85 32 quod
271 1820 107 32 tempus
345 1820 75 32 est
388 1820 150 32 diuisibile
506 1820 53 32 &
527 1820 150 32 continuum,
634 1820 96 32 propter

211 1853 144 37 motum,
311 1853 72 37 &
340 1853 129 37 motus
426 1853 158 37 propter
527 1853 201 37 magnitudinem

749 154 83 43 Non
796 154 165 43 inconvenit
926 154 95 43 ergo
986 154 130 43 tempus,
1080 154 83 43 quo
1127 154 71 43 ad
1163 154 83 43 id,
1210 154 95 43 quod

756 194 72 38 est
797 194 124 38 secundum
890 194 72 38 sui
932 194 145 38 quiditatem
1046 194 83 38 esse
1097 194 155 38 quantitatem
1211 194 52 38 per

744 218 77 33 se,
788 218 55 33 &
810 218 77 33 quo
853 218 66 33 ad
886 218 77 33 id,
930 218 87 33 quod
985 218 120 33 accidit
1072 218 77 33 ei.
1116 218 87 33 quod
1171 218 77 33 sit
1203 218 66 33 qui-

746 252 78 30 tum
790 252 78 30 per
835 252 144 30 accidens.
945 252 78 30 nam
990 252 67 30 vt
1023 252 111 30 inquit
1101 252 122 30 Alexam.
1178 252 89 30 quidi-

748 281 80 31 tas
793 281 57 31 t
816 281 80 31 pis
862 281 80 31 est
908 281 69 31 in
942 281 137 31 numerato
1045 281 92 31 esse
1103 281 126 31 prioris
1194 281 57 31 &
1206 281 57 31 po-

747 311 146 40 sterionis
859 311 113 40 motus,
938 311 135 40 secundum
1040 311 90 40 quod
1096 311 101 40 illud
1164 311 79 40 est
1197 311 68 40 pris

746 342 60 36 &
770 342 109 36 illud
843 342 169 36 posterius,
976 342 85 36 sed
1024 342 157 36 mensurare
1145 342 109 36 motum
1206 342 60 36 ac-

744 374 97 36 cidit
809 374 129 36 tempori,
905 374 97 36 sicut
969 374 118 36 propria
1055 374 107 36 passio
1130 374 118 36 accidit
1205 374 54 36 sub

746 404 122 31 iecto.
831 404 85 31 Sed
880 404 134 31 nunquid
978 404 110 31 motus
1051 404 146 31 secundum
1160 404 85 31 sui
1197 404 61 31 qui

746 436 109 38 ditatem
826 436 70 38 sit
865 436 70 38 oer
905 436 60 38 se
935 436 129 38 quititas:
1034 436 109 38 videtur
1114 436 80 38 quod
1164 436 80 38 sic.
1203 436 60 38 quia

742 466 115 32 Commen
823 466 69 32 8.
858 466 92 32 phy.
916 466 92 32 com.
973 466 81 32 oo.
1020 466 150 32 declarans
1135 466 115 32 dictum
1204 466 58 32 Phi

747 495 121 35 losophi
835 495 88 35 ibi,
890 495 121 35 quomodo
978 495 99 35 motus
1043 495 55 35 &
1065 495 99 35 prius
1131 495 55 35 &
1142 495 121 35 posterius

747 525 73 37 in
783 525 98 37 motu
845 525 98 37 sunt
906 525 110 37 eadem
979 525 159 37 subiecto,
1102 525 86 37 sed
1138 525 135 37 differunt

748 557 133 37 secundum
848 557 100 37 esse,
914 557 111 37 inquit
992 557 89 37 quod
1047 557 100 37 prius
1114 557 55 37 &
1136 557 155 37 posterius,

745 588 76 30 cum
788 588 119 30 fuerunt
875 588 119 30 accepta
961 588 130 30 secundum
1059 588 87 30 quod
1113 588 87 30 sunt
1167 588 65 30 in
1189 588 87 30 subie-

751 616 97 34 cto,
812 616 97 34 tunc
872 616 97 34 sunt
933 616 121 34 partes
1018 616 121 34 motus:
1103 616 85 34 cum
1152 616 109 34 autem
1212 616 61 34 fue

748 650 101 32 rint
812 650 190 32 consyderata
964 650 152 32 secundum
1078 650 203 32 definitionem
1230 650 38 32 &

744 681 63 33 &
770 681 188 33 quiditatem,
920 681 100 33 tunc
982 681 113 33 prius
1057 681 63 33 &
1082 681 163 33 posterius
1195 681 75 33 erit

748 713 101 33 aliud
815 713 56 33 a
837 713 101 33 motu,
904 713 123 33 quoniam
994 713 101 33 motus
1061 713 78 33 est
1105 713 67 33 in
1128 713 145 33 quantitate,

751 742 61 39 &
775 742 109 39 prius
848 742 61 39 &
872 742 158 39 posterius
994 742 97 39 sunt
1054 742 73 39 in
1091 742 134 39 numero.
1188 742 73 39 ex
1212 742 61 39 quo

745 772 122 39 videtur
834 772 100 39 motum
901 772 167 39 quiditatiue
1034 772 89 39 esse
1090 772 178 39 quantitatem.
1235 772 56 39 &

750 801 80 34 hoc
795 801 137 34 Furleus,
898 801 57 34 &
921 801 103 34 multi
990 801 91 34 alii
1047 801 171 34 Auerroistae
1173 801 91 34 tenent

746 834 77 32 Ex
785 834 141 32 aduerso
887 834 115 32 autem
963 834 153 32 instatur
1078 834 77 32 ex
1104 834 166 32 authoritate

744 865 165 33 Philosophi
874 865 71 33 in
910 865 71 33 8.
945 865 106 33 meta.
1016 865 177 33 collocantis
1158 865 106 33 motum
1229 865 71 33 in

745 893 123 37 quantis
835 893 79 37 per
879 893 146 37 accidens.
992 893 123 37 Amplius
1081 893 112 37 autem.
1160 893 67 37 A.
1182 893 90 37 physi.

754 932 87 28 eom.
808 932 54 28 &
830 932 87 28 tex.
884 932 87 28 iis.
939 932 65 28 &.
971 932 87 28 nis.
1025 932 98 28 dicit
1091 932 87 28 quod
1145 932 109 28 tempus
1210 932 65 28 men-

745 955 96 31 surat
809 955 74 31 rem
852 955 106 31 motam,
926 955 74 31 non
968 955 159 31 simpliciter
1096 955 127 31 secundum
1191 955 85 31 quod
1234 955 42 31 mo

747 984 84 43 tum
795 984 84 43 est
843 984 143 43 quantum,
950 984 84 43 sed
998 984 143 43 secundum
1105 984 95 43 quod
1165 984 95 43 mots
1212 984 60 43 ip-

750 1017 78 40 sius
799 1017 108 40 quantus
877 1017 78 40 est.
926 1017 69 40 vbi
966 1017 98 40 Commen
1034 1017 59 40 in
1063 1017 78 40 com.
1112 1017 88 40 dicit
1171 1017 78 40 quod
1210 1017 59 40 tem-

743 1052 91 33 pus
795 1052 157 33 menfurat
913 1052 196 33 quantitatem
1069 1052 183 33 accidentem
1200 1052 65 33 mo-

750 1084 87 30 tui,
805 1084 54 30 &
826 1084 76 30 per
870 1084 163 30 consequens,
1001 1084 65 30 si
1033 1084 142 30 quantiras
1142 1084 98 30 motus
1197 1084 76 30 acci-

746 1109 81 33 dit
793 1109 115 33 motui,
873 1109 138 33 essentia
977 1109 58 33 &
1000 1109 138 33 quiditas
1104 1109 104 33 motus
1173 1109 81 33 est
1208 1109 69 33 ali-

753 1139 87 35 quid,
811 1139 68 35 cui
850 1139 77 35 illa
898 1139 126 35 quantitas
995 1139 116 35 aduenit,
1082 1139 68 35 qui
1120 1139 48 35 a
1140 1139 87 35 nihil
1188 1139 87 35 dicitur

747 1170 84 33 sib
795 1170 96 33 imet
855 1170 156 33 accidere.
975 1170 84 33 vbi
1023 1170 144 33 Comment.
1131 1170 120 33 elicit
1203 1170 72 33 vnum

742 1198 176 41 pulchrum
874 1198 205 41 documentum
1035 1198 102 41 per
1093 1198 132 41 locum
1181 1198 73 41 a
1196 1198 73 41 ma-

744 1231 104 36 iori,
814 1231 104 36 quod,
883 1231 69 36 si
918 1231 116 36 tempus
999 1231 81 36 non
1045 1231 139 36 mensurat
1149 1231 81 36 rem
1184 1231 81 36 motam

749 1262 119 40 secundum
838 1262 79 40 quod
887 1262 69 40 est
927 1262 79 40 mota
976 1262 158 40 simpliciter,
1105 1262 49 40 d
1125 1262 99 40 ignius
1194 1262 69 40 est
1224 1262 49 40 ip-

753 1289 81 46 sum
800 1289 81 46 non
846 1289 151 46 mensurare
962 1289 128 46 aliquid
1055 1289 139 46 secundum
1159 1289 93 46 quod
1217 1289 81 46 est

747 1327 86 30 ens,
801 1327 64 30 ex
833 1327 75 30 quo
876 1327 75 30 vte
919 1327 96 30 quod,
983 1327 64 30 si
1015 1327 129 30 essentia
1111 1327 96 30 motus
1176 1327 75 30 non
1208 1327 64 30 men-

750 1353 117 32 suratur
836 1353 53 32 a
857 1353 128 32 tempore,
953 1353 75 32 sed
996 1353 139 32 quantitas
1102 1353 128 32 accidens
1198 1353 96 32 essen

753 1384 89 34 tiae
809 1384 111 34 motus,
886 1384 100 34 multo
953 1384 100 34 minus
1020 1384 145 34 essentiae
1131 1384 122 34 aliarum
1209 1384 56 34 re-

745 1420 79 38 rum
790 1420 56 38 a
812 1420 124 38 tempore
902 1420 202 38 mensurabantur.
1071 1420 56 38 &
1093 1420 101 38 ratio
1161 1420 90 38 est,
1206 1420 67 38 quia

745 1452 66 30 vt
778 1452 110 30 inquit
855 1452 177 30 Philosophus.
999 1452 77 30 ii.
1043 1452 99 30 meta.
1109 1452 88 30 tex.
1165 1452 88 30 com.
1209 1452 55 30 i.S

742 1482 116 32 tempus
824 1482 93 32 aute
882 1482 116 32 inotus
963 1482 93 32 est,
1021 1482 81 32 aut
1067 1482 81 32 est
1113 1482 104 32 motus
1171 1482 93 32 passio

750 1508 139 39 quaedam.
855 1508 70 39 Et
890 1508 93 39 ideo
948 1508 105 39 magis
1018 1508 70 39 vt
1052 1508 93 39 quod
1110 1508 116 39 tempos
1180 1508 93 39 habeat

747 1542 145 28 mensurare
858 1542 145 28 essentiam
969 1542 111 28 motus,
1047 1542 89 28 quae
1103 1542 145 28 essentiam
1203 1542 67 28 alia

750 1572 90 31 rum
802 1572 129 31 rerum.
892 1572 64 31 &
917 1572 116 31 ideo,
995 1572 77 31 si
1033 1572 90 31 non
1085 1572 154 31 mensurat
1188 1572 77 31 mote

750 1600 151 35 essenam,
863 1600 88 35 sed
914 1600 151 35 quantita
1027 1600 88 35 tem
1077 1600 176 35 accidentem
1202 1600 63 35 mo-

745 1628 108 33 tui,
812 1628 134 33 nmulto
906 1628 121 33 minus
987 1628 188 33 mensurabit
1121 1628 148 33 essentiam

749 1664 114 31 aliarum
832 1664 104 31 rerum.
904 1664 52 31 &
925 1664 83 31 ista
977 1664 93 31 etiam
1039 1664 83 31 fuit
1091 1664 135 31 sententia
1184 1664 83 31 Alexa.

746 1697 65 33 vt
779 1697 119 33 recitat
865 1697 119 33 Commen.
951 1697 65 33 8.
984 1697 86 33 phy.
1038 1697 86 33 con.
1092 1697 86 33 ioi.
1146 1697 86 33 quod
1189 1697 86 33 tempus

748 1725 80 37 non
793 1725 80 37 est
839 1725 126 37 numetus
930 1725 114 37 motus,
1010 1725 69 37 i.
1045 1725 91 37 quod
1102 1725 80 37 non
1147 1725 80 37 est
1182 1725 91 37 incre-

745 1750 151 44 mentum
850 1750 151 44 tempus
956 1750 181 44 numerare
1091 1750 151 44 motum.
1182 1750 90 44 quod

746 1785 93 33 ideo
805 1785 117 33 dicit,
887 1785 93 33 quia
945 1785 140 33 secundum
1050 1785 105 33 Alex.
1120 1785 140 33 quiditas
1214 1785 58 33 tem

752 1821 112 33 poris
826 1821 87 33 non
876 1821 162 33 consistit
1001 1821 75 33 in
1038 1821 187 33 numeratione
1175 1821 100 33 actius

747 1843 142 40 respectu
854 1843 118 40 motus,
937 1843 83 40 sed
984 1843 71 40 in
1019 1843 142 40 numerato
1126 1843 95 40 esse
1173 1843 95 40 priori
