1475 2066
222 156 93 42 dicit
284 156 114 42 secutum
367 156 72 42 est
408 156 93 42 autem
470 156 93 42 omnia
532 156 155 42 diuisibilia
656 156 83 42 esse
698 156 41 42 ab

220 194 81 33 ipso
271 194 122 33 mutante.
362 194 61 33 i.
392 194 51 33 a
413 194 132 33 subiesto,
514 194 81 33 quod
565 194 112 33 mutatur
636 194 101 33 Soluitu,

221 225 60 32 vt
251 225 79 32 dixi
300 225 69 32 in.
340 225 60 32 i.
370 225 60 32 de
400 225 99 32 gener.
469 225 69 32 vbi
509 225 89 32 folui
568 225 99 32 instam
628 225 109 32 contradi-

212 257 122 39 ctionem,
303 257 81 39 quod
354 257 81 39 sine
405 257 91 39 dubio
466 257 81 39 illa
517 257 112 39 videtur
598 257 102 39 fuisse
659 257 81 39 snnima

213 286 143 36 philosophi
325 286 82 36 ibi,
376 286 82 36 quod
427 286 153 36 continuitas
549 286 82 36 mots
590 286 153 36 principaliter

214 317 75 30 est
257 317 53 30 a
278 317 117 30 mobili:
364 317 75 30 sed
406 317 64 30 in
438 317 64 30 8.
470 317 96 30 meta.
534 317 85 30 quia
588 317 107 30 posuit
652 317 85 30 quanta

218 348 71 38 per
259 348 122 38 accidens
350 348 81 38 esse
401 348 102 38 duobus
472 348 102 38 modis.
544 348 71 38 vno
584 348 112 38 ratione
656 348 81 38 subie-

219 381 103 33 cti,
283 381 77 33 vt
322 381 115 33 album
399 381 90 33 est
450 381 141 33 quantum
553 381 141 33 ratione
642 381 90 33 subie

215 408 81 34 cti.
265 408 91 34 Aris.
326 408 91 34 autem
387 408 101 34 possit
458 408 91 34 alium
518 408 101 34 modum,
589 408 71 34 non
630 408 111 34 ratione
701 408 40 34 su

218 438 104 36 biecti
290 438 62 36 in
321 438 83 36 quo:
373 438 73 36 sed
415 438 93 36 circa
477 438 93 36 quod,
539 438 83 36 ideo
591 438 83 36 isto
643 438 93 36 modo,
695 438 41 36 vt

215 470 99 37 dicit
281 470 77 37 ibi
325 470 99 37 Alex.
390 470 110 37 Arist.
467 470 110 37 posuit
544 470 99 37 motum
610 470 88 37 esse
653 470 88 37 diuisi

217 500 88 31 bilem
276 500 69 31 non
315 500 49 31 a
335 500 128 31 subiecto:
433 500 78 31 quia
482 500 78 31 tunc
531 500 78 31 idem
580 500 88 31 esset
629 500 108 31 secundus,

216 529 89 40 mods,
275 529 49 40 &
295 529 99 40 primus
364 529 89 40 eius,
423 529 79 40 quod
473 529 69 40 est
512 529 69 40 per
552 529 118 40 accidens
630 529 109 40 quantunms

212 564 70 30 sed
252 564 110 30 posuit,
332 564 80 30 quod
382 564 70 30 sit
422 564 50 30 a
442 564 110 30 spatio,
522 564 90 30 circa
582 564 80 30 quod
632 564 70 30 fit
662 564 70 30 niots

210 596 130 31 pesertim
307 596 86 31 quia
361 596 130 31 diuisio,
458 596 65 31 et
491 596 162 31 continuatio
620 596 97 31 nobis
674 596 65 31 inmo

219 629 63 29 tu
250 629 63 29 ex
281 629 84 29 ista
333 629 94 29 causa
396 629 94 29 magis
459 629 84 29 nota
511 629 84 29 est.
563 629 73 29 Aut
605 629 104 29 aliter
668 629 73 29 dice-

210 659 68 31 re
244 659 147 31 possumus,
357 659 91 31 quod
414 659 102 31 motus
482 659 102 31 habet
550 659 136 31 duplices
640 659 91 31 partes

217 684 97 30 quada
282 684 86 30 sunt
336 684 108 30 simul,
412 684 54 30 &
433 684 97 30 tales
498 684 97 30 habet
563 684 65 30 ex
595 684 141 30 diuisione
693 684 43 30 mo

217 711 106 35 bilis,
291 711 53 35 &
313 711 95 35 habet
376 711 116 35 quasdam
460 711 74 35 non
503 711 106 35 simul,
577 711 74 35 sed
608 711 127 35 successiue

214 743 81 36 quia
265 743 71 36 vna
305 743 71 36 est
346 743 102 36 prior,
417 743 51 36 &
437 743 81 36 alia
488 743 71 36 est
529 743 142 36 posterior.
641 743 71 36 A8.
671 743 61 36 phy-

213 780 114 26 conox.
292 780 91 26 Tunc
349 780 125 26 igitur,
440 780 68 26 si
474 780 136 26 loquamur
576 780 68 26 de
599 780 136 26 diuisione,

214 805 61 30 &
238 805 220 30 continuatione,
422 805 86 30 quo
471 805 73 30 ad
507 805 122 30 partes
593 805 122 30 motus,
667 805 73 30 quas

216 833 89 45 habet
276 833 99 45 simul,
345 833 129 45 deputatur
444 833 60 45 am
474 833 99 45 mobili
544 833 169 45 principaliter
682 833 69 45 non
712 833 30 45 a

213 865 118 41 spatio:
299 865 75 41 sed
342 865 75 41 quo
385 865 65 41 ad
418 865 97 41 alias
482 865 118 41 videtur
569 865 97 41 magis
633 865 54 41 a
644 865 86 41 spatio

213 894 77 35 qu.
257 894 55 35 a
279 894 121 35 mobili.
368 894 88 35 ideo
423 894 99 35 volui
489 894 77 35 hic
533 894 133 35 repetere
622 894 121 35 contradi-

217 933 123 30 ctionem,
309 933 62 30 vt
340 933 113 30 innuere
422 933 93 30 istam
484 933 185 30 distinctionem.
638 933 51 30 &
648 933 93 30 cogita,

222 961 80 35 quia
272 961 110 35 pulchra
352 961 70 35 est
392 961 50 35 &
412 961 110 35 quietas
491 961 110 35 animam.
571 961 70 35 non
611 961 110 35 potest.
681 961 50 35 eni

208 986 118 41 mobile
291 986 118 41 simul,
374 986 59 41 &
397 986 106 41 semel
468 986 95 41 esse
527 986 71 41 in
563 986 142 41 diuersis
657 986 83 41 parti

216 1017 77 34 bus
260 1017 121 34 sparii.
348 1017 55 34 &
370 1017 88 34 ideo
425 1017 88 34 ista
481 1017 176 34 continuitas,
624 1017 55 34 &
635 1017 99 34 diuisio

217 1047 104 35 magis
287 1047 81 35 est
333 1047 69 35 ex
368 1047 127 35 spatio,
461 1047 93 35 quam
518 1047 69 35 ex
542 1047 127 35 subiecto,

253 1077 135 33 Vndecima
354 1077 146 33 contradi.
466 1077 79 33 est
511 1077 67 33 in
544 1077 90 33 com.
600 1077 79 33 is.
634 1077 101 33 Scribit

220 1109 120 36 Commen
304 1109 108 36 graue
376 1109 60 36 &
400 1109 96 36 leue
460 1109 180 36 quantitates
604 1109 108 36 esse.
664 1109 72 36 Oper

225 1138 98 39 positum
297 1138 81 39 tamen
350 1138 107 39 scribit.
431 1138 54 39 i.
458 1138 54 39 de
484 1138 81 39 anima
538 1138 72 39 con.
583 1138 63 39 io.
619 1138 54 39 &.
646 1138 54 39 A.
663 1138 72 39 coeli-

220 1170 102 33 conm.
287 1170 90 33 Vide
344 1170 90 33 ibi,
400 1170 90 33 quia
457 1170 90 33 fuit
513 1170 124 33 solutum
592 1170 79 33 clare

251 1197 145 37 Duodecima
362 1197 145 37 contradi.
474 1197 78 37 est
518 1197 67 37 in
552 1197 89 37 com.
607 1197 78 37 is.
641 1197 100 37 Scribit

220 1229 81 33 Com.
270 1229 91 33 bonum
331 1229 50 33 &
351 1229 91 33 malum
411 1229 81 33 esse
462 1229 60 33 in
492 1229 131 33 animatis.
593 1229 71 33 Sed
623 1229 111 33 oppositum

221 1261 89 36 patet.
283 1261 53 36 8.
310 1261 80 36 meta.
363 1261 53 36 t.
390 1261 53 36 c.
417 1261 53 36 8.
443 1261 62 36 vbi
479 1261 98 36 dicitur
550 1261 80 36 solum
604 1261 80 36 verum
657 1261 44 36 &
666 1261 71 36 falsum

218 1292 82 30 esse
269 1292 62 30 in
300 1292 103 30 anima,
372 1292 72 30 sed
413 1292 92 30 malum
474 1292 51 30 &
495 1292 92 30 bonum
556 1292 82 30 esse
608 1292 62 30 in
638 1292 103 30 rebus.
700 1292 41 30 De

222 1321 80 33 hoc
267 1321 125 33 dicemus
358 1321 114 33 statim
438 1321 68 33 in
472 1321 91 33 com.
529 1321 68 33 E)
563 1321 102 33 sexti
631 1321 102 33 meta.
688 1321 57 33 vbi

216 1356 177 30 declarabimus
360 1356 100 30 illud
427 1356 111 30 dictum
504 1356 78 30 non
549 1356 111 30 habere
615 1356 122 30 veritatem

228 1382 64 36 cum
264 1382 146 36 praecisione,
383 1382 46 36 &
401 1382 119 36 qualiter,
492 1382 46 36 &
511 1382 100 36 quomodo
583 1382 64 36 ibi
611 1382 91 36 dicetur,

255 1411 178 32 Decimatertia
400 1411 145 32 contradi.
511 1411 78 32 est
556 1411 67 32 in
589 1411 89 32 com.
645 1411 78 32 ai.
678 1411 56 32 Ha-

217 1441 76 41 bet
260 1441 86 41 quod
314 1441 141 41 definitio
423 1441 76 41 est
466 1441 97 41 finis
531 1441 65 41 in
563 1441 162 41 cognitione.
682 1441 54 41 Sed

217 1473 99 33 huius
283 1473 143 33 oppositum
393 1473 110 33 patet.
470 1473 66 33 i.
503 1473 66 33 de
536 1473 110 33 anima.
613 1473 121 33 con.ii.
690 1473 44 33 it

227 1501 77 42 quod
276 1501 106 42 dicitur
353 1501 77 42 quod
401 1501 67 42 est
439 1501 145 42 principium.
555 1501 125 42 Soluitur.
651 1501 67 42 est
680 1501 58 42 prin

222 1532 115 39 cipium
302 1532 172 39 cognitionis
439 1532 218 39 demonstratiuae.
622 1532 80 39 est
657 1532 80 39 finis

224 1564 158 31 simplicis,
348 1564 56 31 &
370 1564 158 31 intuitiuae
483 1564 146 31 cognitionis

248 1589 175 47 Decimaquarta
390 1589 142 47 contradi.
500 1589 77 47 est
544 1589 66 47 in
577 1589 88 47 com.
631 1589 77 47 ag.
664 1589 77 47 dicit

228 1625 98 33 Comen.
297 1625 59 33 in
326 1625 59 33 c.
355 1625 59 33 i.
385 1625 59 33 i.
414 1625 78 33 quod
463 1625 137 33 compositio
571 1625 68 33 est
610 1625 59 33 in
629 1625 108 33 positione

228 1654 112 39 partium
309 1654 143 39 adinuicem.
421 1654 92 39 Huius
482 1654 92 39 tamen
544 1654 132 39 oppositum
645 1654 102 39 habet.
706 1654 31 39 i

228 1693 55 32 de
255 1693 100 32 genera.
328 1693 55 32 t.
356 1693 55 32 c.
383 1693 64 32 &g.
420 1693 100 32 Solutio
493 1693 64 32 est
529 1693 82 32 ista,
584 1693 73 32 quod
629 1693 100 32 positio
693 1693 46 32 par

226 1716 87 33 tium
280 1716 152 33 requiritur
400 1716 65 33 in
433 1716 130 33 mixtione
530 1716 87 33 ipsa
585 1716 120 33 tanquam
661 1716 76 33 condi

221 1748 74 36 tio
264 1748 158 36 necessaria,
390 1748 63 36 vt
422 1748 95 36 patet
486 1748 63 36 ex
517 1748 74 36 Bo.
559 1748 116 36 eiusdem
644 1748 95 36 primi
697 1748 42 36 d.

221 1777 106 35 genere
295 1777 74 35 non
338 1777 95 35 tamen
401 1777 148 35 formaliter
517 1777 74 35 est
559 1777 95 35 ipsa:
623 1777 53 35 &
644 1777 63 35 ad
665 1777 74 35 istum

221 1812 110 38 sensum
298 1812 121 38 negatum
386 1812 99 38 fuit.
452 1812 66 38 i.
484 1812 66 38 de
517 1812 121 38 genera.
605 1812 77 38 S8.
649 1812 77 38 hic
682 1812 55 38 ve-

214 1844 72 30 ro
250 1844 155 30 conceditr
369 1844 143 30 secundum
477 1844 119 30 primum
548 1844 96 30 sensum

786 173 191 29 Decimaquinta
941 173 155 29 contradi.
1061 173 84 29 est
1109 173 72 29 in
1145 173 72 29 t.
1180 173 84 29 ii.
1216 173 84 29 Dicit

763 196 110 43 Arist,
840 196 88 43 quod
895 196 121 43 materia
982 196 55 43 &
1004 196 99 43 forma
1070 196 88 43 sunt
1125 196 110 43 genere
1190 196 110 43 diuersa.

757 227 73 32 Sed
798 227 135 32 oppositum
902 227 94 32 patet
965 227 73 32 ex.
1006 227 73 32 ii.
1048 227 94 32 meta.
1110 227 62 32 t.
1141 227 62 32 c.
1173 227 73 32 ii.
1214 227 73 32 vbi
1245 227 42 32 di

758 260 81 39 cit
804 260 92 39 quod
861 260 127 39 materia
953 260 58 39 &
976 260 104 39 forma
1045 260 92 39 sunt
1103 260 127 39 proptia
1183 260 92 39 praedi

761 289 77 34 cat
805 289 55 34 i
827 289 176 34 substantiae,
970 289 66 34 ex
1003 289 165 34 consequenti
1134 289 88 34 sunt
1178 289 99 34 eiusdem

757 320 114 33 generis.
842 320 114 33 Soluitur
927 320 95 33 Arist.
994 320 104 33 definit
1069 320 76 33 illa
1117 320 76 33 esse
1164 320 104 33 diuersa
1231 320 47 33 ge-

755 356 100 32 nere,
822 356 112 32 quorum
900 356 145 32 subiectum
1011 356 112 32 primum
1089 356 156 32 receptiuum
1201 356 78 32 alio-

763 382 74 28 rum
806 382 74 28 non
848 382 149 28 resoluitur
965 382 64 28 in
997 382 127 28 alterum,
1093 382 74 28 nec
1135 382 85 28 ambo
1188 382 64 28 in
1209 382 64 28 idem

758 409 57 32 &
780 409 136 32 loquitur
882 409 68 32 de
916 409 136 32 subiecto
1018 409 181 32 receptionis,
1166 409 57 32 &
1177 409 102 32 resolu-

757 437 118 42 tionis.
843 437 53 42 &
864 437 86 42 quia
918 437 107 42 primae
992 437 128 42 materiae
1089 437 96 42 nihil
1142 437 139 42 subiicitur,

755 475 102 34 ideo
819 475 140 34 materia
921 475 127 34 prima,
1010 475 64 34 &
1035 475 115 34 forma
1112 475 102 34 illo
1175 475 102 34 modo
1226 475 51 34 ge

761 506 62 30 ne
792 506 62 30 re
823 506 114 30 diuersa
906 506 94 30 sunt.
969 506 135 30 similiter
1073 506 83 30 quia
1125 506 114 30 materia
1198 506 83 30 prima,

756 532 60 38 &
780 532 108 38 forma
852 532 145 38 vicissim
961 532 84 38 non
1009 532 181 38 aiterantur,
1154 532 84 38 nec
1190 532 84 38 prima

756 557 147 46 materiae
866 557 61 46 &
891 557 123 46 formae
977 557 160 46 reperitur
1100 557 123 46 aliqua
1173 557 111 46 materia

761 592 132 35 subiecta,
862 592 61 35 in
893 592 81 35 quam
943 592 122 35 vtrumque
1035 592 122 35 ressolui
1126 592 112 35 possit,
1207 592 71 35 sic
1237 592 41 35 ma

758 624 98 34 teria
823 624 54 34 &
845 624 98 34 forma
911 624 87 34 sunt
965 624 109 34 genere
1041 624 131 34 diuersa.
1139 624 76 34 In.
1183 624 65 34 i.
1205 624 76 34 autem

757 650 106 40 meta.
828 650 106 40 dicit
899 650 153 40 materiam,
1016 650 59 40 &
1040 650 118 40 formam
1122 650 94 40 esse
1181 650 71 40 in
1205 650 82 40 eodem

754 692 98 31 genere
823 692 157 31 praedicabili
951 692 138 31 reductiue,
1059 692 69 31 pro
1098 692 98 31 quanto
1167 692 88 31 sunt,
1216 692 59 31 pro-

763 710 86 43 pria
817 710 141 43 perdicati
925 710 173 43 substantiae,
1066 710 54 43 &
1087 710 141 43 principia
1185 710 97 43 reducum

752 753 82 33 tur
799 753 70 33 in
834 753 94 33 illo
893 753 129 33 genere,
987 753 70 33 in
1022 753 82 33 quo
1069 753 82 33 est
1104 753 176 33 principiatum.

724 803 273 46 S
779 803 492 46 EVE2MES

791 845 327 37 Contradictionum
1066 845 103 37 in
1100 845 138 37 dictis

871 882 147 40 Arist.
974 882 73 40 &
1003 882 147 40 Auerro
1092 882 73 40 is.

815 944 129 50 Super
900 944 129 50 Sexto
972 944 243 50 Metaphysicorum.

911 1013 165 41 Ommento
1031 1013 135 41 primo
1120 1013 135 41 huius
1195 1013 105 41 sexti

921 1044 121 42 habetur
1009 1044 88 42 quod
1064 1044 77 42 ens
1108 1044 143 42 diuiditur
1206 1044 77 42 prima

912 1075 83 41 sui
960 1075 155 41 diuisione
1079 1075 71 41 in
1114 1075 83 41 per
1162 1075 83 41 se,
1210 1075 60 41 &
1222 1075 60 41 per

920 1106 128 32 accidens.
1019 1106 69 32 Sed
1058 1106 69 32 in.
1098 1106 69 32 8i.
1137 1106 89 32 meta.
1196 1106 69 32 te.
1226 1106 59 32 con-

908 1136 67 41 tA.
947 1136 76 41 ens.
994 1136 57 41 e.
1023 1136 124 41 diuiditur
1118 1136 57 41 in
1147 1136 95 41 decemn
1204 1136 76 41 praedi

758 1173 152 30 camenta,
872 1173 114 30 primo
948 1173 101 30 vero
1011 1173 152 30 physico.
1125 1173 101 30 tex.
1176 1173 101 30 commen

757 1198 71 36 &.
793 1198 107 36 primo
864 1198 155 36 diuiditur
983 1198 83 36 per
1031 1198 131 36 finitum
1126 1198 60 36 &
1138 1198 143 36 infinitum-

763 1230 119 35 Tertio
846 1230 143 35 physico.
953 1230 95 35 tex.
1013 1230 119 35 commen
1096 1230 71 35 i.
1131 1230 107 35 primo
1191 1230 83 35 diui-

756 1259 120 41 ditur
836 1259 93 41 per
889 1259 120 41 actum
969 1259 67 41 &
995 1259 186 41 potentiam.
1129 1259 146 41 Soluitur,

762 1292 121 38 plures
846 1292 97 38 sunt
907 1292 169 38 diuisiones
1040 1292 109 38 entis
1112 1292 133 38 primae.
1197 1292 85 38 tamen

757 1326 158 37 quaelibet
879 1326 85 37 est
927 1326 110 37 prima
1000 1326 73 37 in
1037 1326 85 37 suo
1085 1326 134 37 genere.
1171 1326 110 37 quaedam

758 1357 79 29 est
803 1357 124 29 diuisio
893 1357 101 29 entis
960 1357 67 29 in
994 1357 112 29 partes
1072 1357 180 29 subiectiuas,
1207 1357 79 29 sicut

753 1389 89 28 est
804 1389 139 28 diuisio
905 1389 114 28 entis
981 1389 76 28 in
1019 1389 114 28 decem
1082 1389 203 28 praedicamenta,

759 1419 124 32 quaedam
849 1419 79 32 est
894 1419 124 32 diuisio
985 1419 102 32 entis
1053 1419 68 32 in
1087 1419 158 32 passiones,
1200 1419 79 32 sicut

757 1444 130 39 diuisio
852 1444 107 39 entis
923 1444 83 39 per
971 1444 107 39 vnum,
1042 1444 59 39 &
1066 1444 119 39 multa,
1149 1444 83 39 per
1184 1444 95 39 neces-

756 1472 138 34 sarium,
857 1472 63 34 &
882 1472 189 34 contingens:
1033 1472 138 34 quaedam
1134 1472 88 34 est
1172 1472 113 34 diuisio

758 1505 110 33 entis
831 1505 86 33 per
880 1505 122 33 modos,
965 1505 86 33 seu
1014 1505 147 33 analogas
1112 1505 171 33 differentias

756 1533 96 32 modo
816 1533 144 32 loquendi
924 1533 132 32 Auerro.
1020 1533 120 32 sicutu
1105 1533 84 32 est
1153 1533 132 32 diuisio
1237 1533 48 32 en

754 1572 82 30 tis
801 1572 82 30 per
848 1572 105 30 actum
918 1572 58 30 &
941 1572 164 30 potentiam.
1070 1572 70 30 Et
1105 1572 105 30 istae
1163 1572 117 30 diuisio-

759 1596 82 31 nes
806 1596 94 31 sunt
865 1596 118 31 entis,
948 1596 94 31 quod
1006 1596 82 31 est
1053 1596 153 31 subiectum
1171 1596 71 31 in
1195 1596 82 31 meta-

763 1628 150 37 physica,
876 1628 100 37 quod
939 1628 150 37 secundum
1052 1628 138 37 Auerro.
1152 1628 113 37 habet
1214 1628 63 37 vni

761 1657 115 34 tatem
838 1657 166 34 conceptus
965 1657 166 34 analogice
1093 1657 115 34 dicti
1169 1657 89 34 non
1208 1657 77 34 vni-

765 1691 109 31 uoce.
837 1691 85 31 est
886 1691 109 31 etiam
958 1691 133 31 diuisio
1055 1691 109 31 entis
1128 1691 73 31 in
1164 1691 121 31 anima,
1249 1691 60 31 &

759 1717 102 30 extra
827 1717 125 30 animam.
918 1717 57 30 &
941 1717 91 30 ista
998 1717 137 30 diuisio,
1100 1717 68 30 vt
1123 1717 159 30 peritissimis

754 1745 72 43 in
790 1745 84 43 hac
838 1745 96 43 arte
899 1745 145 43 videtur,
1007 1745 84 43 est
1055 1745 108 43 vocis
1127 1745 157 43 aequiuoce
1236 1745 48 43 in

758 1777 90 33 suas
814 1777 226 33 significationes.
1006 1777 79 33 Non
1051 1777 79 33 est
1096 1777 113 33 igitur
1164 1777 113 33 habendum

758 1811 88 37 pro
809 1811 213 37 inconuenienti
984 1811 125 37 plures
1072 1811 176 37 diuisiones
1197 1811 88 37 entis

760 1839 121 43 primas
845 1839 97 43 esse
906 1839 97 43 modo
966 1839 170 43 declarato.
1100 1839 109 43 sicut
1173 1839 85 43 non
1221 1839 85 43 in
