1475 2066
208 165 154 39 rationalis.
331 165 62 39 Si
362 165 103 39 igitur
434 165 144 39 Sapientia,
547 165 51 39 &
568 165 144 39 Naturalis,
681 165 51 39 &
691 165 41 39 Ma

203 208 161 27 thematica
326 208 99 27 sunt
388 208 124 27 partes
475 208 198 27 Philosophiae
624 208 111 27 theori-

209 237 85 29 cae,
263 237 117 29 quomodo
348 237 106 29 igitur
422 237 149 29 Naturalis,
539 237 53 29 &
561 237 160 29 Mathematica
678 237 53 29 par

211 263 79 36 tes
256 263 135 36 poterunt
357 263 90 36 esse
414 263 169 36 Sapientiae,
549 263 56 36 &
571 263 79 36 est
616 263 101 36 ardua
673 263 56 36 con

213 295 138 35 tradictio,
322 295 89 35 sicut
381 295 99 35 vides.
450 295 89 35 Scire
510 295 99 35 igitur
579 295 99 35 debes,
648 295 79 35 quod
688 295 49 35 mul

207 330 120 30 tiplici
294 330 142 30 existente
404 330 153 30 diuisione,
524 330 65 30 vt
556 330 120 30 innuunt
633 330 98 30 boerius

209 353 65 34 in
242 353 87 34 lib.
296 353 163 34 diuisionum,
427 353 54 34 &
449 353 120 34 Antiqui
536 353 185 34 Peripatetici:
678 353 54 34 nam

210 387 74 32 aut
253 387 74 32 est
295 387 116 32 generis
379 387 63 32 in
411 387 127 32 species,
506 387 74 32 aut
548 387 116 32 speciei
633 387 63 32 in
654 387 74 32 indi-

217 420 102 37 uidua,
288 420 72 37 aut
329 420 102 37 totius
401 420 61 37 in
432 420 113 37 partes,
514 420 51 37 &
534 420 72 37 hoc
575 420 154 37 dupliciter,
688 420 41 37 ve

208 447 72 35 in
244 447 119 35 partes
327 447 179 35 homiomeras,
471 447 84 35 vel
518 447 72 35 in
554 447 119 35 partes
626 447 107 35 anomio-

213 479 108 34 meras,
289 479 76 34 aut
332 479 76 34 est
375 479 119 34 diuisio
461 479 97 34 vocis
526 479 151 34 aequiuocae
645 479 65 34 in
666 479 65 34 suas

216 509 214 36 significationes,
398 509 75 36 aut
441 509 75 36 est
483 509 117 36 diuisio
569 509 128 36 subiecti
665 509 64 36 in
686 509 43 36 ac

215 540 144 30 cidentia,
326 540 78 30 aut
370 540 155 30 accidentis
492 540 67 30 in
525 540 144 30 subiecta,
636 540 78 30 aut
669 540 67 30 acci

218 570 113 33 dentis
297 570 68 33 in
331 570 169 33 accidentia,
466 570 79 33 aut
511 570 79 33 est
556 570 124 33 diuisio
647 570 68 33 ab
669 570 68 33 vno,

215 599 76 35 vel
259 599 65 35 ad
291 599 98 35 vnum,
356 599 109 35 dubium
433 599 76 35 est
476 599 109 35 qualis
552 599 76 35 sit
596 599 87 35 ista
639 599 98 35 diuisio

218 634 69 32 Non
258 634 79 32 enim
307 634 99 32 potest
376 634 79 32 esse
425 634 109 32 generis
504 634 59 32 in
534 634 118 32 species,
623 634 69 32 tum
662 634 79 32 quia
702 634 39 32 in

216 661 79 36 his,
265 661 79 36 quae
315 661 79 36 sunt
364 661 108 36 species
443 661 108 36 eiusdem
522 661 118 36 generis,
611 661 69 36 non
650 661 69 36 est
680 661 49 36 hoc

221 690 99 39 prius
287 690 55 39 &
309 690 99 39 illud
374 690 153 39 posterius,
495 690 88 39 sunt
550 690 88 39 enim
605 690 99 39 simul
659 690 77 39 natu-

210 722 72 41 ra,
251 722 62 41 vt
282 722 114 41 dicitur
365 722 62 41 in
396 722 186 41 praedicamentis
551 722 83 41 cap.
603 722 62 41 de
634 722 93 41 simul
685 722 52 41 qua

210 753 91 33 sunt
267 753 91 33 idem
324 753 103 33 genus
392 753 206 33 condiuidentia:
564 753 80 33 sed
609 753 69 33 in
632 753 103 33 talibus

219 786 77 32 est
263 786 110 32 prius,
340 786 55 32 &
362 786 154 32 posterius,
484 786 66 32 vt
517 786 110 32 patet,
594 786 121 32 natura,
671 786 66 32 quia

212 821 104 32 prima
282 821 174 32 Philosophia
421 821 81 32 est
467 821 116 32 natura
549 821 104 32 prior
607 821 128 32 caeteris,

219 845 123 30 Amplius
308 845 101 30 autem
376 845 101 30 genus
443 845 157 30 aequaliter
566 845 179 30 particinatur
700 845 34 30 a

220 876 88 30 suis
275 876 153 30 speciebus:
395 876 77 30 sed
439 876 77 30 vna
483 876 121 30 species
571 876 77 30 non
614 876 77 30 est
647 876 88 30 parti-

221 908 93 30 ceps
280 908 151 30 alterius,
396 908 186 30 mathematicum
547 908 105 30 autem
617 908 116 30 geneus
686 908 47 30 en

221 936 111 33 tium,
294 936 111 33 circa
368 936 98 33 quod
430 936 148 33 scientia
540 936 184 33 Mathematica
676 936 61 33 ver

219 964 117 38 satur,
301 964 163 38 quodammodo
429 964 82 38 est
476 964 70 38 in
511 964 140 38 materia,
615 964 58 38 &
639 964 82 38 sic
674 964 58 38 par

222 995 126 35 ticeps
311 995 88 35 est
361 995 113 35 entis
436 995 176 35 naturalis,
575 995 63 35 &
600 995 126 35 quodam
676 995 50 35 mo

217 1030 75 34 do
254 1030 88 34 est
304 1030 175 34 abstractum
442 1030 63 34 a
467 1030 150 34 maceria,
579 1030 63 34 &
604 1030 88 34 sic
642 1030 88 34 parti

222 1061 84 29 ceps
274 1061 74 29 est
316 1061 95 29 enris
379 1061 126 29 diuinis.
474 1061 74 29 Nec
516 1061 116 29 videtur
600 1061 84 29 esse
642 1061 95 29 diuisio

219 1091 117 32 totius
301 1091 70 32 in
337 1091 117 32 partes
419 1091 176 32 homiomeras,
560 1091 94 32 quia
619 1091 106 32 tales
677 1091 59 32 non

216 1123 125 31 solum
300 1123 111 31 sunt
369 1123 153 31 eiusdem
481 1123 251 31 denominationis
675 1123 70 31 cum

221 1151 106 35 toto,
292 1151 165 35 verumetiam
422 1151 59 35 &
445 1151 106 35 inter
516 1151 83 35 se.
563 1151 83 35 sed
598 1151 130 35 Naturalis

223 1180 201 31 Mathematica
384 1180 67 31 &
411 1180 134 31 Diuina
505 1180 121 31 licet
572 1180 161 31 participen

216 1213 108 30 nomen
288 1213 192 30 Philosophiae
444 1213 168 30 theoricae,
576 1213 84 30 non
624 1213 96 30 sunt
672 1213 60 30 tam

224 1241 130 33 eiusdem
319 1241 213 33 denominationis
496 1241 106 33 inter
567 1241 83 33 se,
614 1241 106 33 sicut
673 1241 59 33 qua

227 1271 92 43 libet
288 1271 81 43 pars
339 1271 102 43 carnis
410 1271 81 43 caro
461 1271 81 43 est.
512 1271 92 43 Neque
573 1271 61 43 in
604 1271 102 43 partes
665 1271 71 43 habe-

218 1309 182 33 terogeneas,
364 1309 97 33 quia
424 1309 109 33 tales
497 1309 85 33 non
546 1309 182 33 participant
679 1309 49 33 no

223 1334 85 31 men
272 1334 134 31 totius,
369 1334 85 31 sed
418 1334 183 31 Philosophia
564 1334 159 31 Naturalis
674 1334 61 31 Ma-

223 1367 151 37 thematica
339 1367 58 37 &
362 1367 116 37 Diuina
443 1367 174 37 participant
582 1367 139 37 rationem
675 1367 58 37 Phi

224 1393 131 42 losophiae
325 1393 141 42 theoricae.
435 1393 131 42 Naturalis
536 1393 80 42 enim
586 1393 121 42 theorica
667 1393 70 42 quae-

230 1424 64 37 dam
266 1424 73 37 est,
312 1424 55 37 vt
339 1424 100 37 dicitur
412 1424 64 37 in.
449 1424 73 37 tex.
495 1424 73 37 com.
540 1424 55 37 i.
568 1424 55 37 in
595 1424 119 37 praesenti
677 1424 64 37 loco,

219 1455 69 35 &
247 1455 179 35 similiter
385 1455 207 35 Mathematica
550 1455 69 35 &
578 1455 152 35 Diuina.
674 1455 69 35 Nec

228 1488 75 35 est
271 1488 119 35 diuisio
358 1488 108 35 specie
433 1488 65 35 in
465 1488 151 35 indiuidua,
584 1488 65 35 vt
616 1488 108 35 clarum
681 1488 54 35 est

228 1521 78 34 nec
272 1521 167 34 substantiae
406 1521 67 34 in
440 1521 167 34 accidentia,
574 1521 78 34 aut
607 1521 134 34 accidentis

225 1549 69 30 in
260 1549 185 30 substantias,
411 1549 93 30 quia
469 1549 139 30 cognitio
573 1549 93 30 ipsa
619 1549 116 30 theorica

229 1578 56 31 &
251 1578 113 31 partes
330 1578 90 31 eius
386 1578 158 31 qualstate.
510 1578 101 31 sunt.
578 1578 79 31 Nec
623 1578 79 31 est
656 1578 79 31 diui-

221 1609 78 41 sio
265 1609 156 41 accidentis
388 1609 67 41 in
421 1609 167 41 accidentia,
554 1609 100 41 quia,
621 1609 67 41 vt
654 1609 111 41 inquit

229 1641 135 31 Poetius,
330 1641 124 31 diuisio
420 1641 90 31 ista
476 1641 158 31 enumeratur
600 1641 101 31 inter
656 1641 79 31 diui-

233 1669 118 34 siones,
319 1669 86 34 quae
373 1669 86 34 sunt
426 1669 75 34 per
469 1669 139 34 accidens,
576 1669 86 34 quae
630 1669 86 34 sunt
673 1669 64 34 tri-

228 1700 74 30 bus
271 1700 106 30 modis,
345 1700 74 30 vel
388 1700 128 30 subiecti
484 1700 64 30 in
516 1700 160 30 accidentia,
643 1700 74 30 vel
675 1700 64 30 econ

227 1731 93 39 tra,
285 1731 81 39 vel
332 1731 162 39 accidentis
459 1731 69 39 in
494 1731 174 39 accidentia.
633 1731 104 39 vnde,
691 1731 46 39 si

227 1764 150 35 diuidatur
342 1764 104 35 album
411 1764 69 35 in
445 1764 115 35 dulce,
526 1764 58 35 &
549 1764 69 35 in
583 1764 127 35 amarum,
664 1764 81 35 tale-

228 1793 131 34 diuisum
324 1793 84 34 per
371 1793 143 34 accidens
479 1793 179 34 verificatur
622 1793 72 34 de
646 1793 95 34 condi-

233 1823 180 36 uidentibus,
377 1823 96 36 quod
437 1823 72 36 in
473 1823 96 36 casu
533 1823 84 36 non
581 1823 96 36 est.
641 1823 84 36 nam
677 1823 60 36 Phi

230 1853 134 38 losophia
330 1853 145 38 Naturalis
441 1853 78 38 per
486 1853 67 38 se
519 1853 134 38 theorica
620 1853 89 38 est,
675 1853 56 38 &
686 1853 56 38 non

747 172 88 39 per
798 172 163 39 accidens.
923 172 113 39 Neque
998 172 88 39 est
1049 172 138 39 diuisio
1136 172 151 39 aequiuocri

754 200 81 34 sua
801 200 185 34 significata.
951 200 93 34 quia
1009 200 70 34 in
1044 200 128 34 talibus
1137 200 81 34 non
1183 200 81 34 est
1218 200 58 34 hoc

762 236 107 30 orius,
837 236 53 30 &
858 236 96 30 illud
923 236 150 30 posterius.
1040 236 75 30 tum
1083 236 96 30 etiam
1147 236 85 30 quia
1200 236 64 30 in
1222 236 53 30 ta-

754 263 105 35 libus
824 263 82 35 non
871 263 152 35 inuenitur
988 263 175 35 praedicatio
1116 263 163 35 essentialis,

752 296 59 34 &
776 296 83 34 per
823 296 83 34 se,
870 296 71 34 vt
906 296 106 34 notat
977 296 130 34 Comnien
1071 296 71 34 in
1107 296 71 34 8.
1142 296 106 34 meta.
1213 296 71 34 in
1237 296 47 34 c.

753 326 64 40 i.
785 326 160 40 Helinquitur
913 326 107 40 igitur
988 326 85 40 quod
1041 326 85 40 ista
1095 326 117 40 diuisio
1180 326 75 40 sit
1212 326 64 40 tau-

752 356 94 44 quam
811 356 129 44 diuisio
905 356 106 44 eius,
975 356 94 44 quod
1034 356 82 44 est
1081 356 70 44 ab
1116 356 94 44 vno,
1174 356 106 44 sicut
1233 356 47 44 ab

755 387 90 31 vna
807 387 154 31 Medicina
922 387 116 31 dicit
999 387 180 31 medicinale
1128 387 154 31 instrumen-

748 420 96 35 tum,
808 420 60 35 &
832 420 180 35 medicinalis
976 420 120 35 dieta,
1060 420 60 35 &
1084 420 168 35 medicinale
1204 420 72 35 phat

749 449 107 39 macum,
824 449 75 39 sic
867 449 64 39 ab
899 449 85 39 ipso
952 449 128 39 theorico
1048 449 107 39 habitu
1123 449 117 39 dicitur
1198 449 85 39 Philo-

753 479 129 35 sophia
843 479 180 35 Naturalis,
985 479 64 35 &
1011 479 206 35 Mathematica,
1178 479 64 35 &
1191 479 90 35 Diui-

756 509 66 36 na
789 509 122 36 theoric
878 509 66 36 ae
911 509 188 36 philosophiae.
1066 509 55 36 &
1088 509 89 36 ista
1143 509 77 36 est
1176 509 100 36 antiqua

754 540 163 31 expositio,
882 540 58 31 &
906 540 151 31 sententia
1022 540 151 31 Graecorum
1127 540 163 31 expositorum.

757 569 99 34 latini
827 569 89 34 autem
886 569 99 34 naorni
956 569 99 34 aliter
1025 569 129 34 sentiunt,
1124 569 60 34 vt
1154 569 109 34 poteris
1223 569 60 34 vide

749 600 82 44 re.
796 600 70 44 Et
831 600 105 44 scire
901 600 116 44 debes,
982 600 70 44 vt
1017 600 116 44 dicunt
1099 600 128 44 Antiqui
1180 600 105 44 Peripa-

751 630 109 35 tetici,
830 630 79 35 quod
880 630 60 35 in
910 630 89 35 nullo
969 630 139 35 diuisionis
1079 630 79 35 modo
1128 630 60 35 ex
1158 630 99 35 illis,
1218 630 69 35 quod-

752 660 84 38 sunt
805 660 95 38 octo,
869 660 95 38 ceste
932 660 148 38 Damasceno,
1048 660 137 38 inuenitur
1143 660 137 38 differentia

757 690 120 32 secundum
847 690 90 32 prius
908 690 50 32 &
928 690 131 32 posterius
1028 690 110 32 natura,
1108 690 70 32 aut
1148 690 120 32 secundum
1229 690 50 32 ma-

757 724 74 36 gis
800 724 53 36 &
821 724 106 36 minus,
895 724 84 36 nisi
947 724 63 36 in
979 724 137 36 postremo,
1085 724 106 36 quando
1158 724 74 36 fit
1190 724 95 36 diuisio

750 751 63 36 ab
782 751 84 36 vno,
835 751 53 36 &
856 751 63 36 ad
887 751 95 36 vnum.
950 751 84 36 vnde
1003 751 126 36 secundum
1098 751 95 36 talem
1150 751 137 36 diuisionem,

755 782 80 36 sit
800 782 126 36 diuisio
892 782 103 36 entis
960 782 69 36 in
994 782 171 36 substantiam
1132 782 57 36 &
1154 782 148 36 accidens.

757 813 59 36 &
781 813 95 36 ista
840 813 83 36 est
888 813 143 36 expressa
995 813 154 36 sententia
1114 813 166 36 Philosophi
1232 813 48 36 in

762 850 62 30 8.
793 850 103 30 primae
864 850 164 30 philospohiae
998 850 62 30 in
1029 850 82 30 tex.
1080 850 82 30 com.
1131 850 62 30 i.
1162 850 72 30 vbi
1193 850 92 30 asserit

761 875 73 32 ens
802 875 114 32 dicitur
885 875 104 32 multis
958 875 104 32 modis,
1030 875 73 32 sed
1072 875 62 32 ad
1103 875 93 32 vnum,
1165 875 62 32 et
1196 875 62 32 ad
1217 875 62 32 vnam

752 908 134 36 aliquam
849 908 146 36 naturam,
958 908 85 36 non
1007 908 170 36 aequiuocae
1140 908 97 36 quam
1189 908 85 36 diui-

752 937 125 39 sionem
839 937 125 39 Arabes
926 937 62 39 &
951 937 125 39 latini
1039 937 187 39 posteriores
1176 937 100 39 appel-

755 963 85 40 lant
809 963 149 40 diuisionem
926 963 117 40 generis
1011 963 192 40 multipliciter,
1171 963 75 40 seu
1203 963 75 40 analo

752 996 93 37 gice
811 996 117 37 dicti,
893 996 93 37 quae
951 996 93 37 sunt
1009 996 117 37 media,
1091 996 70 37 vt
1126 996 105 37 notat
1185 996 93 37 Commen

758 1026 121 32 ibidem
843 1026 109 32 inter
915 1026 170 32 aequiuoca,
1049 1026 61 32 &
1073 1026 145 32 vniuoca.
1182 1026 85 32 Pro
1218 1026 61 32 so-

756 1057 111 39 lutione
836 1057 101 39 igitur
907 1057 141 39 praedictae
1017 1057 191 39 contradictionis
1168 1057 111 39 scientas,

752 1092 97 33 quod
812 1092 145 33 cognitio
921 1092 169 33 quiditatum
1054 1092 205 33 particularium
1211 1092 60 33 du-

753 1124 91 34 plex
809 1124 91 34 est.
866 1124 79 34 Nam
912 1124 125 34 quaedam
1002 1124 79 34 est
1048 1124 79 34 sub
1093 1124 148 34 proprijs,
1207 1124 57 34 &
1218 1124 57 34 spe

757 1150 120 33 cificis
844 1150 163 33 rationibus.
975 1150 54 33 &
996 1150 65 33 de
1029 1150 120 33 talibus
1116 1150 87 33 sunt
1159 1150 109 33 scientia

753 1178 187 41 particulares,
907 1178 66 41 vt
940 1178 143 41 Naturalis
1049 1178 77 41 est
1093 1178 66 41 de
1115 1178 154 41 quiditatibus

753 1212 99 32 rerum
819 1212 176 32 sensibilium,
962 1212 66 32 vt
995 1212 88 32 sunt
1049 1212 110 32 motae,
1126 1212 77 32 vel
1170 1212 66 32 vt
1192 1212 88 32 habent

756 1244 113 31 motus
832 1244 188 31 principium,
982 1244 63 31 &
1007 1244 163 31 scientiae
1120 1244 151 31 Mathemati-

755 1271 85 36 cae
803 1271 97 36 sunt
864 1271 73 36 de
901 1271 121 36 quanto
986 1271 146 36 continuo
1095 1271 61 36 &
1119 1271 158 36 discreto:
1228 1271 49 36 vt

755 1303 180 35 continuum
894 1303 69 35 &
921 1303 180 35 discretum
1060 1303 194 35 abstrahunt
1212 1303 69 35 a
1226 1303 55 35 mo

760 1332 63 35 tu
791 1332 52 35 &
812 1332 52 35 a
833 1332 115 35 materia
917 1332 147 35 sensibili.
1032 1332 52 35 &
1053 1332 136 35 scientiae
1158 1332 94 35 tales
1210 1332 63 35 sunt

753 1361 157 33 distinctae
876 1361 56 33 a
899 1361 135 33 scientia
1000 1361 124 33 Diuina,
1090 1361 90 33 quae
1146 1361 79 33 est
1191 1361 67 33 de
1214 1361 67 33 ente

756 1396 154 30 inquantum
874 1396 95 30 ens,
933 1396 59 30 &
957 1396 83 30 non
1004 1396 95 30 sunt
1063 1396 118 30 partes
1146 1396 95 30 eius
1193 1396 83 30 Natu-

751 1425 113 33 ralis
827 1425 63 33 &
852 1425 188 33 Mathematica
1003 1425 100 33 illo
1065 1425 100 33 modo
1128 1425 63 33 &
1153 1425 88 33 sic
1191 1425 88 33 intel

757 1455 128 34 ligitur
850 1455 116 34 dictum
932 1455 163 34 Philosophi
1060 1455 70 34 in
1095 1455 151 34 praesenti
1199 1455 70 34 loco

755 1493 161 29 diuidentis
881 1493 172 29 Philosophia
1019 1493 149 29 theoricam
1133 1493 69 29 in
1168 1493 92 29 tres
1214 1493 57 29 par

763 1514 99 40 tes,
825 1514 174 40 Naturales,
961 1514 211 40 Mathematicam,
1135 1514 62 40 &
1147 1514 124 40 diuinam,

760 1554 107 31 quarum
835 1554 107 31 neutra
910 1554 182 31 subalternatur
1061 1554 118 31 alteri.
1136 1554 139 31 distinguun-

755 1576 74 35 tur
798 1576 85 35 enim
851 1576 85 35 isti
904 1576 116 35 habitus
988 1576 64 35 ex
1020 1576 127 35 diuersis
1115 1576 148 35 formalibus
1221 1576 53 35 ra-

762 1607 136 36 tionibus
864 1607 170 36 definiendi,
1000 1607 57 36 &
1023 1607 182 36 abstrahendi.
1171 1607 91 36 Alio
1216 1607 57 36 mo-

761 1638 73 36 do
797 1638 145 36 cognitio
906 1638 169 36 quiditatum
1039 1638 206 36 particularium
1196 1638 73 36 con-

758 1670 122 36 syderari
850 1670 102 36 potest
921 1670 71 36 sub
962 1670 143 36 rationibus
1074 1670 163 36 generalibus,
1207 1670 51 36 &
1217 1670 51 36 tra

757 1707 173 32 scendentibus.
899 1707 91 32 sicut
960 1707 122 32 quiditas
1051 1707 71 32 rei
1092 1707 142 32 sensibilis
1194 1707 81 32 potest

764 1733 168 35 consyderari,
900 1733 63 35 vt
931 1733 73 35 est
973 1733 84 35 ens,
1026 1733 52 35 &
1046 1733 63 35 vt
1078 1733 73 35 est
1120 1733 157 35 substantia,
1246 1733 52 35 &

760 1762 139 36 quiditas
865 1762 104 36 entis
934 1762 174 36 mathematici
1074 1762 70 36 vt
1109 1762 81 36 est
1155 1762 93 36 ens,
1213 1762 58 36 &
1225 1762 46 36 vt

764 1797 71 29 est
805 1797 132 29 accidens,
906 1797 71 29 vel
947 1797 61 29 vt
978 1797 81 29 sunt
1029 1797 102 29 actus,
1100 1797 71 29 vel
1141 1797 61 29 in
1161 1797 112 29 potentia.

760 1822 58 37 &
784 1822 105 37 talis
854 1822 187 37 consyderatio
1005 1822 82 37 est
1052 1822 93 37 pars
1099 1822 163 37 consyderatio

758 1854 80 36 nis
803 1854 137 36 Diuinae,
906 1854 92 36 quia
964 1854 137 36 scientia
1067 1854 115 36 Diuina
1136 1854 137 36 consyderat
