1475 2066
195 150 65 36 &
221 150 182 36 amleitiam,
364 150 104 36 quae
429 150 208 36 concurrebant
598 150 78 36 in
624 150 104 36 genere

201 188 100 30 causae
271 188 161 30 efficientis,
402 188 90 30 sicut
462 188 100 30 patet.
532 188 60 30 i.
562 188 110 30 phy.te.
633 188 90 30 com.

203 213 131 36 Soluitur
302 213 153 36 propositio
422 213 88 36 ista
477 213 99 36 habet
543 213 142 36 veritatem
652 213 66 36 de
674 213 44 36 om

197 243 102 39 nibus
265 243 102 39 aliis
333 243 136 39 Antiquis
435 243 102 39 longe
502 243 91 39 ante
559 243 113 39 Arist.
627 243 102 39 existen

201 277 128 36 tibus,
291 277 192 36 praeterquam
444 277 77 36 de
482 277 179 36 Anaxagora,
623 277 64 36 &
636 277 89 36 Empe-

205 310 117 34 dlocle:
290 310 96 34 sicut
354 310 117 34 scribit
439 310 106 34 Commen
514 310 74 34 in.
556 310 64 34 i.
588 310 128 34 physicae
673 310 43 34 au

201 336 175 34 scultationis
343 336 87 34 com.
398 336 77 34 V8.
442 336 87 34 Dixi
496 336 98 34 autem
562 336 164 34 notabiliter
682 336 44 34 de

201 365 132 41 Antiquis
300 365 99 41 longe
366 365 88 41 ante
421 365 110 41 Arist.
499 365 187 41 existentibus,
642 365 77 41 propt

199 396 120 30 Socrat
283 396 96 30 est,
343 396 60 30 &
367 396 156 30 Platonem.
487 396 84 30 nam
535 396 132 30 tempore
619 396 108 30 istorum

203 428 92 30 fuit
260 428 126 30 cognita
351 428 103 30 ratio
420 428 115 30 finis,
500 428 103 30 sicut
569 428 103 30 dicit
638 428 103 30 Comen

204 457 99 39 meta.
270 457 110 39 conio,
347 457 88 39 quia
402 457 88 39 isti
457 457 176 39 instituerunt
600 457 77 39 res
633 457 88 39 publi-

205 487 81 33 cas
252 487 128 33 propter
345 487 116 33 bonum.
426 487 151 33 similiter
542 487 104 33 Plato
611 487 104 33 ideas
669 487 58 33 po-

196 524 93 30 suit,
258 524 83 30 quae
309 524 62 30 in
340 524 103 30 genere
413 524 103 30 causae
485 524 155 30 efficientis
599 524 124 30 concurrunt

234 548 122 30 Secunda
322 548 144 30 contradi.
433 548 77 30 est
477 548 66 30 in
511 548 89 30 tex.
566 548 66 30 8.
599 548 122 30 Aristo.
688 548 55 30 &

209 577 125 34 Commen
296 577 125 34 dicunt
383 577 100 34 quod
446 577 112 34 forma
520 577 137 34 videtur
620 577 100 34 esse
670 577 50 34 ma

209 609 73 40 gis
250 609 167 40 separabilis,
386 609 84 40 quae
439 609 126 40 materia.
533 609 73 40 Sed
575 609 94 40 huius
627 609 94 40 opposi-

194 645 89 29 tum
245 645 127 29 sribit
334 645 140 29 Alexam.
436 645 76 29 in
474 645 178 29 paraphrasi
614 645 76 29 de
640 645 89 29 anima

201 672 77 34 cap.
250 672 58 34 i.
279 672 68 34 vbi
317 672 106 34 habetur
395 672 77 34 quod
443 672 87 34 fieri
501 672 87 34 nullo
559 672 87 34 pacto
618 672 106 34 potest,
685 672 39 34 vt

202 708 128 30 materia
295 708 81 30 per
342 708 70 30 se
377 708 163 30 subsistat.
504 708 81 30 nam
551 708 81 30 lie
597 708 70 30 et
620 708 105 30 materia

206 735 96 35 ratione
276 735 114 35 separetur
364 735 44 35 a
382 735 88 35 forma,
443 735 61 35 non
478 735 79 35 tamen
531 735 105 35 secundum
610 735 79 35 esse,
662 735 44 35 &
671 735 44 35 sub

203 762 74 37 dit
246 762 85 37 quod
299 762 74 37 non
341 762 95 37 solum
404 762 95 37 autem
468 762 127 37 eiusmodi
563 762 127 37 materia,
647 762 74 37 verum

195 797 101 31 ipsa
258 797 126 31 quoque
346 797 151 31 materiae
460 797 151 31 ingenita
573 797 113 31 forma
636 797 88 31 nullo

208 829 97 33 pacto
273 829 108 33 potest
348 829 75 33 per
391 829 108 33 seipsa
467 829 161 33 subsistere.
596 829 118 33 Quinimo
671 829 43 33 fo

197 861 68 29 ma
231 861 102 29 magis
299 861 79 29 hoc
344 861 91 29 pati
401 861 136 29 videtur,
503 861 91 29 quam
560 861 91 29 ipsa
605 861 114 29 materia.

198 892 139 30 quanquam
303 892 93 30 enim
361 892 128 30 materia
453 892 81 30 per
500 892 70 30 se
535 892 162 30 subsistere
650 892 70 30 sine

203 915 100 35 forma
270 915 78 35 non
314 915 122 35 possit,
403 915 100 35 tamen
470 915 67 35 in
503 915 156 35 compositis
614 915 100 35 corpori

212 946 69 31 bus
252 946 148 31 continenter
370 946 138 31 excipitur,
478 946 69 31 non
518 946 79 31 quod
567 946 148 31 simpliciter
676 946 39 31 ma

210 977 86 33 teria
268 977 76 33 sit,
315 977 67 33 sed
353 977 76 33 quod
401 977 114 33 alicuius
486 977 114 33 materia,
572 977 67 33 cum
610 977 76 33 sit,
657 977 67 33 per
686 977 38 33 se

204 1013 152 29 subsistere
324 1013 120 29 videtur
411 1013 130 29 Formarum
508 1013 98 29 autem
574 1013 87 29 quae
628 1013 65 29 in
650 1013 65 29 mate

208 1037 72 37 ria
249 1037 103 37 fiunt,
321 1037 93 37 nulla
383 1037 103 37 vnquam
455 1037 72 37 per
496 1037 62 37 se
527 1037 103 37 potest
589 1037 124 37 subsistere

203 1067 93 32 siue
261 1067 151 32 simplicis
377 1067 151 32 corporis,
494 1067 93 32 siue
552 1067 151 32 compositi
656 1067 58 32 con

211 1098 101 39 poris
278 1098 90 39 esse
334 1098 56 39 d
357 1098 191 39 eprehendatur.
514 1098 90 39 vnde
570 1098 124 39 videtur
649 1098 67 39 esse

205 1135 126 32 aperta
293 1135 201 32 contradictio
457 1135 113 32 inter
532 1135 189 32 Alexandrum,
683 1135 63 32 &

205 1164 158 31 rantionem
327 1164 170 31 Alexandri,
460 1164 61 31 &
485 1164 110 31 dicta
558 1164 122 31 Arist.
643 1164 61 31 &
655 1164 61 31 Com

210 1197 76 29 men
253 1197 87 29 Nisi
308 1197 97 29 esset
373 1197 87 29 quod
427 1197 108 29 (ommen
502 1197 65 29 in
535 1197 76 29 com
578 1197 108 29 refert
643 1197 76 29 illam

198 1220 246 32 separabilitatem,
407 1220 86 32 quo
456 1220 74 32 ad
493 1220 197 32 intellectum,
641 1220 74 32 quia

203 1250 167 34 intellectus
337 1250 111 34 formae
415 1250 123 34 videtur
504 1250 100 34 magis
559 1250 134 34 separatus,

207 1284 167 31 intellectus
340 1284 144 31 materiae,
451 1284 100 31 sicut
518 1284 78 31 est
562 1284 67 31 de
596 1284 133 31 potentia
685 1284 33 31 &

202 1314 96 33 actu,
266 1314 64 33 vt
298 1314 96 33 supra
362 1314 106 33 dictum
436 1314 85 33 est.
489 1314 74 33 sed
532 1314 117 33 Alexam.
606 1314 117 33 loquitur,

207 1343 72 28 de
243 1343 180 28 separatione
387 1343 84 28 quo
435 1343 72 28 ad
471 1343 204 28 subsistentiam
639 1343 72 28 in
663 1343 60 28 re-

208 1373 88 37 rum
258 1373 138 37 natura.
358 1373 88 37 Sed
408 1373 100 37 tunc
470 1373 125 37 contra
558 1373 138 37 Alexan.
645 1373 75 37 emen

207 1405 76 37 git
251 1405 174 37 difficultas,
392 1405 87 37 quia
447 1405 120 37 materia
534 1405 76 37 est
577 1405 76 37 ens
610 1405 109 37 potesta-

209 1437 83 30 te,
257 1437 59 30 &
280 1437 119 30 forma,
363 1437 59 30 &
387 1437 166 30 compositum
517 1437 95 30 sunt
577 1437 107 30 entia
636 1437 83 30 actus

209 1463 167 35 subsistentia
344 1463 94 35 magis
407 1463 135 35 tribuitur
511 1463 104 35 actui,
584 1463 83 35 quae
625 1463 94 35 potesta

206 1494 69 30 ti.
246 1494 49 30 &
265 1494 69 30 hoc
305 1494 108 30 videtur
384 1494 99 30 dicere
453 1494 79 30 rex.
502 1494 108 30 Aristo.
581 1494 89 30 Dicit
640 1494 79 30 enim
680 1494 39 30 At

210 1525 178 37 impossibile.
355 1525 111 37 etenim
433 1525 167 37 separabile,
566 1525 56 37 &
588 1525 78 37 hoc
622 1525 100 37 aliquid

209 1559 80 28 ine
254 1559 80 28 sse
300 1559 126 28 videtur
392 1559 126 28 maximae
483 1559 183 28 substantiae.
621 1559 103 28 propter

207 1583 107 43 quod
273 1583 134 43 forma,
367 1583 67 43 &
394 1583 107 43 quod
460 1583 80 43 ex
500 1583 147 43 ambobus
594 1583 120 43 substan

210 1621 74 29 tia
253 1621 117 29 videtur
338 1621 85 29 esse
391 1621 106 29 magis,
465 1621 85 29 quae
518 1621 127 29 materia.
602 1621 117 29 certissi-

209 1650 76 32 mum
253 1650 76 32 est
296 1650 98 32 autem
361 1650 87 32 quod
416 1650 76 32 hoc
459 1650 120 32 aliquid
546 1650 87 32 apud
600 1650 109 32 Arist.
666 1650 54 32 di-

211 1680 70 34 cit
251 1680 70 34 rem
291 1680 70 34 per
331 1680 70 34 se.
371 1680 170 34 subsistentem.
511 1680 80 34 Dic,
561 1680 80 34 quod
611 1680 70 34 rei
641 1680 70 34 subsi

215 1710 113 32 stentia
297 1710 144 32 dupliciter
411 1710 113 32 concipi
493 1710 113 32 potest.
576 1710 72 32 Vno
617 1710 93 32 modo,
668 1710 52 32 quo

206 1748 69 31 ad
240 1748 92 31 actu
298 1748 173 31 consistere.
436 1748 58 31 &
459 1748 81 31 sic
505 1748 184 31 subsistentia
643 1748 81 31 magis

207 1769 130 34 formae,
302 1769 59 34 &
325 1769 154 34 composito
443 1769 189 34 attribuitur,
597 1769 94 34 quae
644 1769 71 34 mate

214 1804 101 31 riae.
281 1804 56 31 &
304 1804 90 31 isto
360 1804 90 31 modo
416 1804 101 31 Aris.
483 1804 79 31 ibi
528 1804 135 31 sumpsit.
629 1804 90 31 Alio
674 1804 45 31 mo

213 1833 72 33 do
249 1833 84 33 pro
297 1833 179 33 permanentia
440 1833 84 33 rei
488 1833 96 33 sinc
548 1833 179 33 corruptione
679 1833 48 33 in

744 149 82 37 sua
791 149 177 37 substantia,
933 149 59 37 &
956 149 82 37 sic
1003 149 106 37 magis
1074 149 153 37 subfistit
1180 149 94 37 mateu-

745 183 88 32 ria,
800 183 88 32 quae
855 183 77 32 est
898 183 197 32 ingenerabilis,
1063 183 55 32 &
1074 183 186 32 incorruptibilis

740 212 82 38 qua
787 212 118 38 forma,
870 212 82 38 aut
917 212 188 38 conipositum.
1070 212 59 38 &
1093 212 82 38 sic
1129 212 141 38 intellexit

728 243 163 31 Alexander-

777 276 109 37 Tertia
853 276 142 37 contradi.
963 276 76 37 est
1006 276 65 37 in
1039 276 87 37 com.
1093 276 76 37 io.
1137 276 98 37 Habet
1192 276 76 37 singu

749 304 94 32 laria
811 304 114 32 notiora
894 304 83 32 esse
946 304 187 32 vniversalibus.
1102 304 94 32 Huius
1155 304 114 32 oppositum

744 335 98 33 habet.
813 335 59 33 i.
842 335 79 33 phy.
892 335 79 33 tex.
941 335 79 33 com.
990 335 59 33 8.
1019 335 49 33 &
1039 335 98 33 con.s.
1108 335 59 33 &.
1137 335 79 33 ..A.
1186 335 49 33 &
1196 335 69 33 alibi

741 365 158 38 infinities.
868 365 137 38 Soluitur.
974 365 148 38 singulare,
1090 365 63 38 de
1121 365 74 38 quo
1153 365 116 38 loquitur,

742 395 74 31 hic
785 395 74 31 est
827 395 105 31 notius
900 395 158 31 vniversalin
1027 395 137 31 causando,
1132 395 95 31 iuxta
1184 395 74 31 illuo

747 427 150 31 Philosophi
865 427 64 31 in
897 427 129 31 prooemio
994 427 86 31 meta
1048 427 161 31 vniversalia
1176 427 86 31 sunt
1219 427 43 31 ma

739 460 91 36 xime
796 460 159 36 difficilia
921 460 68 36 ad
955 460 193 36 cognoscendum.
1114 460 80 36 Aut
1148 460 114 36 loquitur

743 490 96 39 hic
798 490 150 39 quantum
907 490 82 39 ad
948 490 205 39 cognitionem
1098 490 164 39 complexam.

742 518 125 37 singulare
838 518 77 37 enim
886 518 48 37 &
905 518 58 37 si
934 518 58 37 de
963 518 58 37 eo
992 518 115 37 scientia
1078 518 67 37 non
1116 518 77 37 sit,
1164 518 86 37 tamen
1212 518 48 37 est

743 557 166 32 principium
874 557 166 32 scientiae,
1004 557 83 32 pro
1052 557 119 32 quanto
1135 557 71 32 ex
1158 557 107 32 singula

749 581 91 37 ribus
809 581 71 37 per
850 581 151 37 inductionem
971 581 111 37 sumitur
1051 581 151 37 vniversale.
1172 581 81 37 quod
1213 581 50 37 est

747 612 153 37 principium
867 612 109 37 artis,
944 612 55 37 &
965 612 153 37 scientiae.
1085 612 76 37 Aut
1129 612 131 37 loquitur
1216 612 44 37 de

744 645 140 29 confusa
846 645 179 29 cognitione
987 645 204 29 singularrum,
1152 645 64 29 &
1178 645 77 29 de
1203 645 64 29 di-

742 669 112 37 stincta
823 669 173 37 vniversalium.
965 669 71 37 Sed
1006 669 91 37 istud
1067 669 112 37 vltimum
1148 669 71 37 non
1179 669 81 37 placet

744 708 142 30 inultum,
851 708 95 30 quia
910 708 95 30 tunc
969 708 130 30 abusiua
1063 708 106 30 satis
1134 708 106 30 esset
1193 708 71 30 ista

741 733 170 32 comparatio,
877 733 102 32 sicut
945 733 136 32 intuenti
1047 733 113 32 patere
1126 733 125 32 potest.
1205 733 57 32 Aut

736 772 128 22 aliter.
829 772 162 22 singularia
957 772 93 22 sunt
1015 772 128 22 notiora
1107 772 104 22 nobis
1177 772 70 22 in
1200 772 58 22 co-

736 796 147 35 gnitione
846 796 74 35 in
883 796 123 35 genere
969 796 135 35 sumpta,
1067 796 74 35 vt
1104 796 86 35 est
1140 796 123 35 communis

735 829 77 34 ad
774 829 179 34 sensitiuam
914 829 64 34 &
940 829 230 34 intellectiuam.
1131 829 89 34 nam
1170 829 89 34 prima

742 843 114 47 nostra
822 843 137 47 cognitio
925 843 149 47 naturalis
1039 843 149 47 sensitiua
1142 843 57 47 est

769 884 113 38 Quarta
848 884 146 38 contradi.
960 884 79 38 est
1005 884 68 38 in
1039 884 113 38 eomen.
1118 884 79 38 ix.
1163 884 124 38 Scribit

743 916 124 40 Commen
830 916 99 40 quod
892 916 186 40 substantiae
1041 916 174 40 compositae
1165 916 87 40 haben

740 945 196 39 definitionem.
901 945 104 39 Huius
970 945 104 39 tamen
1039 945 150 39 oppositum
1142 945 115 39 expresse

738 979 86 31 habet
796 979 86 31 infra
853 979 58 31 in
882 979 86 31 com.
940 979 58 31 v.
968 979 105 31 Solutio
1045 979 67 31 est
1083 979 86 31 ista,
1141 979 96 31 quando
1208 979 67 31 in

741 1007 84 35 sra
789 1007 108 35 dicit
861 1007 193 35 compositorum
1018 1007 84 35 non
1066 1007 96 35 esse
1114 1007 145 35 definitio-

739 1041 94 30 nes,
798 1041 82 30 per
845 1041 152 30 composita
962 1041 164 30 intellexit
1090 1041 176 30 singularia,
1231 1041 59 30 &

742 1068 66 31 de
775 1068 121 31 talibus
863 1068 77 31 non
907 1068 77 31 est
951 1068 143 31 scientia,
1061 1068 99 31 neque
1127 1068 77 31 per
1160 1068 99 31 defini-

737 1101 131 29 tionem,
832 1101 107 29 neque
904 1101 83 29 per
951 1101 238 29 demostrantionem.
1154 1101 71 29 v.
1178 1101 83 29 huius

734 1131 70 31 tex
774 1131 141 31 communisi.
885 1131 60 31 &.
915 1131 70 31 8i.
955 1131 70 31 sed
995 1131 91 31 solum
1056 1131 111 31 sensus,
1136 1131 70 31 hic
1177 1131 80 31 vero
1217 1131 40 31 su

741 1158 72 36 mit
782 1158 134 36 composita
885 1158 165 36 vniversalia.
1019 1158 52 36 &
1040 1158 114 36 talium.
1123 1158 83 36 bene
1164 1158 93 36 defini-

744 1189 110 37 tiones
821 1189 88 37 esse
876 1189 132 37 possunt.
975 1189 143 37 similiter
1085 1189 99 37 talia
1140 1189 121 37 subiecta.

743 1220 176 31 demonstrationum
891 1220 83 31 sunt.
946 1220 46 31 &
965 1220 65 31 hoc
1002 1220 74 31 est,
1048 1220 74 31 quod
1094 1220 83 31 dixit
1149 1220 74 31 Con.
1196 1220 55 31 i.
1214 1220 37 31 mo

739 1252 71 29 ta.
779 1252 81 29 con.
830 1252 51 29 a
851 1252 61 29 v.
881 1252 142 29 sensibilia
993 1252 102 29 habent
1064 1252 81 29 duos
1115 1252 91 29 modos
1166 1252 91 29 compre-

740 1281 145 32 hensionis,
854 1281 93 32 vnum,
916 1281 73 32 qui
958 1281 73 32 non
999 1281 73 32 est
1041 1281 125 32 scientia
1134 1281 104 32 eorum,
1207 1281 73 32 sed

737 1312 118 34 imago,
820 1312 71 34 vt
855 1312 95 34 sunt
914 1312 177 34 singulatia.
1056 1312 59 34 &
1080 1312 118 34 modum,
1162 1312 83 34 qui
1198 1312 59 34 est

738 1343 131 35 scientia
836 1343 109 35 eorum,
913 1343 55 35 &
935 1343 87 35 sunt
990 1343 153 35 intellecta
1099 1343 153 35 vniuersalia.

775 1374 118 35 Quinta
858 1374 154 35 contradi.
976 1374 83 35 est
1023 1374 71 35 in
1059 1374 106 35 eodem
1130 1374 118 35 com.a.
1201 1374 47 35 Ha

737 1401 81 33 bet
784 1401 128 33 Commen,
877 1401 93 33 quod
935 1401 151 33 definitum
1051 1401 81 33 est
1098 1401 93 33 vnum
1156 1401 105 33 actu,
1214 1401 35 33 &

737 1434 90 31 duo
788 1434 166 31 potentia.
916 1434 90 31 Sed
968 1434 115 31 huius
1044 1434 166 31 oppositum
1159 1434 90 31 habet

737 1466 95 32 infra.
803 1466 76 32 tex.
850 1466 85 32 conm.
907 1466 66 32 Ai.
945 1466 66 32 vbi
983 1466 85 32 habet
1039 1466 76 32 quod
1087 1466 95 32 geneus
1153 1466 66 32 est
1191 1466 57 32 in
1210 1466 47 32 po-

742 1493 108 37 tentia,
821 1493 49 37 &
840 1493 147 37 differentia
958 1493 69 37 est
997 1493 98 37 actus,
1065 1493 49 37 &
1085 1493 69 37 ita
1124 1493 127 37 definitum
1212 1493 49 37 non

744 1527 79 31 est
789 1527 79 31 duo
834 1527 68 31 in
868 1527 147 31 potentia,
981 1527 79 31 sed
1027 1527 91 31 vnum
1083 1527 68 31 in
1117 1527 125 31 potent:
1208 1527 68 31 i.

741 1555 54 32 &
763 1555 97 32 aliud
828 1555 65 32 in
860 1555 97 32 actu.
925 1555 140 32 Soluitur.
1033 1555 140 32 definiium
1141 1555 76 32 est
1173 1555 76 32 viium

737 1586 77 31 in
776 1586 115 31 actu,
853 1586 141 31 quantum
955 1586 77 31 ad
994 1586 167 31 conceptum
1109 1586 141 31 confusum,

738 1618 89 32 sed
789 1618 139 32 quantum
890 1618 76 32 ad
928 1618 164 32 conceptum
1055 1618 177 32 distinctum
1194 1618 89 32 est

733 1652 79 30 duo
778 1652 68 30 in
812 1652 147 30 potentia,
925 1652 90 30 quia
981 1652 113 30 potest
1060 1652 124 30 resolui
1150 1652 68 30 in
1173 1652 79 30 dluos

738 1678 157 36 conceptus:
861 1678 79 36 qui
906 1678 146 36 conceptus
1019 1678 101 36 tamen
1086 1678 79 36 ita
1131 1678 67 36 se
1154 1678 101 36 habent.

741 1711 84 36 quod
793 1711 84 36 vnus
845 1711 73 36 est
887 1711 157 36 potentialis
1012 1711 63 36 ad
1044 1711 126 36 alterum,
1138 1711 94 36 sicut
1190 1711 63 36 con-

740 1741 101 40 ceptus
810 1741 111 40 generis
891 1741 60 40 ad
921 1741 131 40 conceptum
1022 1741 171 40 differentiae:
1162 1741 50 40 &
1183 1741 70 40 ita
1213 1741 40 40 se

735 1770 100 32 datur
801 1770 177 32 contradictio
946 1770 166 32 clarifsime,
1079 1770 100 32 sicut
1134 1770 89 32 vides.

765 1807 100 27 Sexta
832 1807 145 27 contradi.
943 1807 78 27 est
988 1807 67 27 in
1022 1807 89 27 com.
1077 1807 78 27 ri.
1122 1807 100 27 Habet
1178 1807 78 27 Conm.

739 1837 90 37 quod
795 1837 146 37 definitio
907 1837 79 37 non
952 1837 79 37 est
997 1837 101 37 omnis
1064 1837 101 37 sermo
1120 1837 146 37 significans
