1475 2066
191 165 153 47 Proficifei,
313 165 92 47 ficut
375 165 92 47 hotat
436 165 82 47 Com.
487 165 72 47 in.
528 165 61 47 i.
559 165 92 47 coeli
620 165 61 47 in
640 165 72 47 conm-

193 193 64 44 a.
225 193 64 44 &.
257 193 74 44 S8.
299 193 53 44 &
321 193 74 44 in.
363 193 64 44 i.
395 193 64 44 de
427 193 106 44 anima,
501 193 85 44 con.
554 193 74 44 MA.
596 193 64 44 &,
628 193 85 44 quia
671 193 42 44 ta

207 227 115 40 sunt,
283 227 178 40 quaecumque
424 227 127 40 habent
513 227 127 40 formam
602 227 76 40 in
628 227 76 40 mate

195 259 90 31 ria,
251 259 67 31 vt
284 259 168 31 generabilia
419 259 56 31 &
441 259 202 31 corruptibilia,
609 259 90 31 ideo
654 259 56 31 di-

190 286 119 36 xerunt
274 286 119 36 causam
357 286 119 36 istius
441 286 239 36 multiplicationis
631 286 72 36 fuit

194 318 71 29 se
230 318 154 29 materiam.
348 318 94 29 vnde
407 318 224 29 contradictiones
596 318 106 29 iltae
655 318 47 29 at

192 350 84 38 duae
244 350 74 38 non
286 350 84 38 nisi
339 350 74 38 per
381 350 179 38 distinctionem
528 350 95 38 solui
591 350 116 38 prctet:
675 350 53 38 &

193 380 68 30 ab
227 380 158 30 huiusmocui
351 380 214 30 difficultatibus
531 380 79 30 non
577 380 90 30 nisi
622 380 90 30 solers

185 409 151 41 ingenium
299 409 151 41 eu:idere
400 409 126 41 poterit.

228 436 181 38 Decimatertia
374 436 147 38 contradi.
487 436 79 38 est
532 436 68 38 in
566 436 90 38 com.
623 436 79 38 2o.
657 436 56 38 Ha-

189 469 92 45 bet
241 469 145 45 Commen.
347 469 105 45 quod
413 469 197 45 quemadmodum
570 469 92 45 est
623 469 79 45 in
649 469 53 45 mo

193 502 120 36 bilibus
281 502 153 36 localiter,
401 502 87 36 quod
456 502 120 36 quaedam
543 502 131 36 mouentur
641 502 66 36 ex
663 502 44 36 se

190 533 59 30 &
214 533 129 30 quaedam
308 533 71 30 ex
343 533 106 30 alio,
414 533 82 30 ita
461 533 82 30 est
508 533 71 30 in
531 533 177 30 generabilibus

185 564 122 30 videtur
274 564 89 30 eigo
329 564 89 30 quod
384 564 111 30 aliqua
462 564 67 30 ab
495 564 155 30 intrinseco
606 564 111 30 alterari

192 597 137 30 queant,
291 597 62 30 &
316 597 161 30 generari.
440 597 112 30 Cuius
514 597 161 30 oppositum
626 597 87 30 patct

196 620 61 43 a.
226 620 81 43 phy.
277 620 81 43 com.
328 620 61 43 i.
358 620 71 43 Ibi
399 620 132 43 soluitur.
500 620 81 43 quia
551 620 91 43 licet
612 620 61 43 in
632 620 81 43 corpo-

184 661 115 31 ribus
261 661 192 31 simplicibus
415 661 90 31 non
466 661 179 31 inueniatur
594 661 115 31 corpus,

191 686 92 35 quod
249 686 150 35 alteretur
365 686 69 35 ex
399 686 81 35 se,
445 686 104 35 sicut
515 686 150 35 inuenitur
619 686 92 35 corps,

195 716 126 31 umplex,
286 716 92 31 quod
343 716 126 31 mouetur
435 716 69 31 in
469 716 92 31 loco
527 716 69 31 ex
561 716 80 31 se:
607 716 103 31 tamen
664 716 46 31 in

194 749 145 38 compositis
308 749 83 38 hoc,
360 749 62 38 vt
391 749 83 38 ipse
443 749 104 38 dicit,
516 749 114 38 fallit.
599 749 83 38 quia
640 749 73 38 talia

194 779 131 34 possunt
289 779 119 34 habere
372 779 166 34 principium
503 779 178 34 intrinlecum
634 779 71 34 esse

189 812 115 31 ctiuum
269 812 138 31 respectu
373 812 92 31 suae
430 812 196 31 alterationis,
591 812 58 31 &
603 812 104 31 partia.

191 838 75 33 lis
234 838 181 33 generationis:
383 838 96 33 sicut
447 838 75 33 est
489 838 64 33 in
521 838 160 33 nutritione,
638 838 75 33 quae-

185 871 79 30 sit
230 871 67 30 in
263 871 169 30 animalibus,
398 871 56 30 &
421 871 124 30 plantis
511 871 135 30 respectu
601 871 112 30 illorum,

189 900 101 38 quae
252 900 164 38 adueniunt
379 900 88 38 sui
429 900 177 38 corporibus
568 900 76 38 ab
593 900 126 38 extrinse

190 927 78 42 co,
234 927 100 42 sicut
301 927 78 42 est
345 927 100 42 cibus
411 927 55 42 &
422 927 89 42 potus.

216 956 195 39 Decimaquarta
374 956 158 39 contradi.
496 956 85 39 est
545 956 73 39 in
581 956 122 39 com¬i.
654 956 49 39 Di

190 997 72 34 cit
231 997 83 34 quod
283 997 62 34 in
314 997 155 34 generatione
438 997 155 34 substantiae
562 997 124 34 oportet,
645 997 62 34 quod

189 1022 166 36 praeexistat
322 1022 111 36 agens,
400 1022 89 36 quod
455 1022 78 36 sit
499 1022 166 36 substantia.
632 1022 78 36 Sed
666 1022 44 36 in

192 1052 113 44 stantia
274 1052 72 44 est
315 1052 61 44 de
345 1052 92 44 igne,
407 1052 82 44 qui.
458 1052 61 44 i.
489 1052 102 44 coeli.
561 1052 82 44 com.
612 1052 72 44 As.
653 1052 61 44 &.
673 1052 31 44 i

191 1084 129 31 meteoro
285 1084 152 31 generatur
402 1084 58 31 a
425 1084 117 31 niotu.
507 1084 140 31 Soluitur
612 1084 70 31 in
636 1084 70 31 com-

184 1116 106 39 illo.
255 1116 83 39 Ax.
302 1116 83 39 Nam
350 1116 177 39 substantiae
491 1116 189 39 imperfectae,
633 1116 71 39 quae

184 1147 138 30 quodam
281 1147 110 30 modo
350 1147 152 30 mediant
460 1147 124 30 inter
529 1147 179 30 substantia-

187 1174 61 36 &
211 1174 158 36 accident,
333 1174 121 36 quales
418 1174 97 36 sunt
478 1174 182 36 substantiae
612 1174 97 36 elemen

186 1206 123 36 torum,
272 1206 208 36 indifferenter
443 1206 135 36 possunt
541 1206 61 36 &
566 1206 74 36 ab
590 1206 123 36 vniuoco-

188 1236 62 40 &
212 1236 74 40 ab
249 1236 99 40 aequ
311 1236 111 40 iuoco
372 1236 136 40 generari.

220 1260 190 45 Decimaquinta
374 1260 154 45 contradi.
493 1260 83 45 est
540 1260 95 45 int.
599 1260 83 45 is.
635 1260 71 45 Dici

198 1293 167 38 Philosophus
331 1293 67 38 in
365 1293 144 38 praesenti
476 1293 89 38 tex.
531 1293 78 38 vbi
576 1293 133 38 loquitur
665 1293 44 38 de

193 1332 121 30 partibus
284 1332 161 30 definitionis
415 1332 121 30 secundum
505 1332 131 30 materiam,
606 1332 50 30 &
616 1332 101 30 secundum

187 1358 131 35 formam,
282 1358 95 35 quod
342 1358 107 35 anima
413 1358 59 35 &
437 1358 119 35 animae
520 1358 95 35 esse
579 1358 95 35 sunt
627 1358 83 35 idem,

189 1390 58 30 &
213 1390 139 30 circulus
316 1390 58 30 &
340 1390 127 30 circulo
432 1390 92 30 esse
490 1390 92 30 sunt
547 1390 104 30 idem,
617 1390 81 30 vbi
651 1390 58 30 Con

187 1418 79 33 men
232 1418 68 33 in
266 1418 102 33 comm.
334 1418 113 33 notat,
413 1418 90 33 quod
469 1418 136 33 intendit
560 1418 147 33 Philosophus

191 1452 71 37 per
231 1452 81 37 hoc,
282 1452 81 37 quod
333 1452 132 37 definitio
435 1452 112 37 animae,
516 1452 81 37 quae
567 1452 71 37 dat
607 1452 81 37 eius
648 1452 61 37 qui-

187 1480 136 41 ditatem,
288 1480 124 41 videtur
379 1480 90 41 esse
436 1480 102 41 ipsum
503 1480 90 41 suum
560 1480 102 41 esse,
628 1480 57 41 &
639 1480 68 41 quod

190 1512 77 34 in
229 1512 192 34 definitione
382 1512 103 34 eius
447 1512 90 34 non
498 1512 141 34 apparet
588 1512 115 34 materia

183 1542 108 35 mnino,
259 1542 54 35 &
280 1542 97 35 ista,
345 1542 65 35 in
378 1542 108 35 quorum
453 1542 162 35 definitione
583 1542 76 35 eis
626 1542 76 35 non
659 1542 43 35 al

192 1573 98 37 paret
257 1573 131 37 materia,
356 1573 87 37 sunt
410 1573 98 37 illa,
475 1573 65 37 in
508 1573 109 37 quorum
573 1573 142 37 definitione

192 1605 117 35 apparet,
280 1605 98 35 aliud,
348 1605 49 35 &
368 1605 127 35 definitio
465 1605 107 35 dicitur
543 1605 59 35 de
573 1605 88 35 illis
621 1605 88 35 princi-

190 1636 128 38 pauter,
283 1636 58 38 &
307 1636 70 38 de
341 1636 105 38 istis
411 1636 174 38 secundario.
550 1636 81 38 Sed
597 1636 93 38 huis
643 1636 70 38 oppo

186 1669 106 35 situm
257 1669 153 35 adducebam
375 1669 82 35 ex.
422 1669 71 35 i.
457 1669 71 35 de
492 1669 106 35 anima
563 1669 94 35 tex.
622 1669 94 35 con.
669 1669 35 35 g

193 1696 80 30 vbi
238 1696 126 30 dicitur
330 1696 92 30 quod
387 1696 103 30 anima
456 1696 80 30 est
502 1696 103 30 actus
571 1696 137 30 corporis
662 1696 46 30 in

192 1725 213 37 struntentalis,
370 1725 142 37 potentia
476 1725 107 37 vitam
547 1725 154 37 habentis:
654 1725 59 37 vbi

184 1758 104 38 patet
254 1758 92 38 quod
311 1758 69 38 in
346 1758 173 38 definitione
485 1758 115 38 animae
565 1758 127 38 ponitur
646 1758 58 38 con

184 1788 94 38 pus,
243 1788 94 38 quod
302 1788 82 38 est
349 1788 153 38 nmateria,
466 1788 71 38 vt
502 1788 153 38 habetur..
619 1788 71 38 de
643 1788 71 38 ani-

192 1821 90 38 ma.
243 1821 90 38 te.
295 1821 102 38 com.
359 1821 77 38 8.
397 1821 128 38 heatus
487 1821 128 38 Thomas
576 1821 90 38 in.
615 1821 102 38 primae

194 1854 195 36 philosophiae
352 1854 73 36 in
389 1854 158 36 lectione.
510 1854 61 36 8
535 1854 73 36 in
559 1854 158 36 exnolitione

732 156 81 39 tex
779 156 81 39 2A.
825 156 105 39 dicit
895 156 93 39 quod
953 156 70 39 in
988 156 209 39 definitionibus
1151 156 105 39 illarum

724 192 181 43 formarum,
864 192 112 43 quae
933 192 112 43 sunt
1003 192 126 43 simul
1087 192 153 43 sumptae
1184 192 70 43 cum

731 228 135 29 materia,
832 228 90 29 ita,
888 228 90 29 quod
944 228 101 29 forma
1012 228 79 29 non
1057 228 112 29 potest
1124 228 124 29 distincte

732 260 126 30 concipi
823 260 92 30 sine
880 260 92 30 tali
938 260 137 30 materia,
1041 260 103 30 licet
1110 260 126 30 materia
1190 260 57 30 non

732 286 83 36 sit
779 286 94 36 pars
838 286 130 36 formae,
933 286 106 36 tamen
1003 286 71 36 in
1039 286 177 36 definitione
1168 286 83 36 talis

732 319 121 35 formae
817 319 134 35 dicitur
914 319 97 35 poni
975 319 146 35 materia,
1084 319 73 35 vt
1121 319 121 35 corpus
1193 319 49 35 in

734 350 168 37 strumentale
868 350 67 37 in
902 350 168 37 definitione
1036 350 123 37 animae.
1126 350 101 37 sicut
1182 350 67 37 enim

729 379 172 32 accidentia
864 379 86 32 non
913 379 123 32 habent
999 379 98 32 esse
1060 379 172 32 perfectum,
1183 379 74 32 nisi

730 409 123 33 secundum
822 409 72 33 per
863 409 82 33 sunt
915 409 62 33 in
946 409 134 33 subiecto,
1048 409 72 33 ita
1090 409 72 33 nec
1131 409 103 33 formae
1192 409 62 33 nisi

726 445 133 37 secundum,
828 445 82 37 quod
879 445 82 37 sunt
930 445 61 37 in
961 445 123 37 proprijs
1053 445 133 37 materijs,
1155 445 51 37 &
1165 445 92 37 propter

733 472 87 34 hoc
782 472 112 34 sicut
857 472 174 34 accidentia
994 472 187 34 definiuntur
1143 472 75 34 ex
1168 472 87 34 addi-

734 500 102 38 tione
802 500 125 38 proprij
893 500 148 38 subiecti,
1006 500 79 38 sic
1052 500 114 38 formae
1131 500 68 38 ex
1154 500 102 38 additio

729 533 72 42 ne
765 533 144 42 propriae
873 533 156 42 materiae.
993 533 60 42 &
1017 533 96 42 hanc
1077 533 96 42 viam
1137 533 108 42 etiam
1197 533 48 42 se

729 570 135 32 quitur
823 570 148 32 Egidius
931 570 148 32 Eomanus
1039 570 94 32 in.
1093 570 67 32 2
1120 570 81 32 de
1147 570 94 32 anima

731 592 79 38 Sed
776 592 91 38 ista
833 592 113 38 opinio
912 592 102 38 stare
980 592 79 38 non
1025 592 125 38 potest.
1116 592 91 38 quia
1161 592 91 38 Arist.

728 629 201 29 definionem
886 629 129 29 datam
972 629 101 29 per
1029 629 230 29 additamentum
1202 629 57 29 in

731 660 70 30 v.
766 660 105 30 meta.
837 660 105 30 dicit
907 660 94 30 esse
966 660 188 30 accidentium,
1118 660 59 30 &
1142 660 82 30 non
1177 660 70 30 sub-

730 684 191 30 stantiarum.
883 684 89 30 cum
934 684 115 30 autem
1011 684 115 30 forma
1087 684 89 30 sit
1126 684 128 30 substan-

730 714 84 32 tia,
782 714 74 32 non
824 714 105 32 potest
898 714 95 32 dici,
961 714 84 32 quod
1013 714 137 32 definitur
1118 714 74 32 per
1160 714 63 32 ad
1181 714 63 32 dite

730 745 146 34 mentum,
836 745 107 34 nisi
903 745 146 34 rediret
1009 745 133 34 opinio
1089 745 160 34 Antiquorum

729 776 197 34 asserentium
887 776 118 34 omnem
966 776 132 34 formam
1058 776 105 34 esse
1110 776 132 34 accidens

725 807 76 35 Et
763 807 102 35 ideo
827 807 140 35 dicamus
929 807 89 35 nos
979 807 89 35 cum
1030 807 152 35 Antiquis
1132 807 114 35 Peripa-

731 844 124 32 teticis
821 844 90 32 quod
877 844 101 32 licet
945 844 68 32 in
979 844 169 32 definitione
1114 844 135 32 formarum
1204 844 45 32 ma

727 868 163 31 terialium
853 868 113 31 debet
928 868 100 31 poni
991 868 150 31 materia,
1104 868 75 31 vt
1129 868 125 31 habetur,

727 899 69 31 in
761 899 103 31 primo
830 899 69 31 de
864 899 103 31 anima
933 899 92 31 tex.
990 899 92 31 com.
1048 899 80 31 is.
1093 899 57 31 &
1116 899 80 31 in.
1162 899 69 31 a.
1185 899 69 31 phy.

725 933 88 34 tex.
780 933 99 34 con¬.
846 933 66 34 &.
879 933 55 34 &
901 933 99 34 licet
967 933 121 34 materia
1054 933 77 34 non
1098 933 77 34 sit
1142 933 88 34 pars
1186 933 66 34 for-

725 965 89 36 mae.
780 965 89 36 quia
836 965 100 36 tamen
902 965 77 36 est
946 965 155 36 vehiculum,
1068 965 55 36 &
1090 965 144 36 subiectum
1190 965 55 36 for

731 991 94 40 mae,
790 991 58 40 &
813 991 70 40 in
848 991 152 40 relatione
965 991 129 40 quandam
1059 991 152 40 consistit
1176 991 70 40 ad
1199 991 47 40 ip

730 1021 90 32 sam
781 1021 141 32 formam,
884 1021 192 32 impossibile
1037 1021 90 32 est
1089 1021 128 32 formam
1165 1021 90 32 talem

738 1057 64 27 vt
770 1057 75 27 sic
813 1057 86 27 sine
867 1057 118 27 materia
952 1057 139 27 definire,
1059 1057 64 27 vt
1091 1057 107 27 sentit
1156 1057 96 27 Commen.

731 1084 66 39 i.
764 1084 66 39 de
797 1084 99 39 anima
863 1084 110 39 commen
939 1084 66 39 in
972 1084 66 39 &.
1005 1084 55 39 &
1027 1084 77 39 in.
1071 1084 66 39 8.
1104 1084 88 39 phy.
1147 1084 99 39 con.i&.

733 1115 87 31 Non
782 1115 112 31 tamen
857 1115 137 31 propter
956 1115 87 31 hoc
1006 1115 100 31 illa
1068 1115 162 31 definitio
1180 1115 75 31 erir

731 1148 71 31 ex
767 1148 165 31 additione.
897 1148 95 31 quia
956 1148 189 31 definitiones
1109 1148 71 31 ex
1133 1148 118 31 additio-

731 1176 71 41 ne
767 1176 95 41 sunt
826 1176 71 41 de
862 1176 119 41 genere
945 1176 143 41 illarum,
1053 1176 71 41 in
1088 1176 119 41 quibus
1160 1176 83 41 appa-

727 1209 81 33 ret
774 1209 115 33 aliud,
854 1209 69 33 vt
889 1209 104 33 dicit
958 1209 115 33 Commen
1039 1209 69 33 in
1074 1209 150 33 praesenti
1178 1209 69 33 con-

729 1236 130 30 mento,
820 1236 65 30 &
846 1236 104 30 sunt
911 1236 208 30 definitiones
1067 1236 182 30 accidentium,

724 1265 71 43 in
760 1265 119 43 quibus
843 1265 131 43 apparet
938 1265 167 43 subiectum,
1069 1265 95 43 quod
1129 1265 83 43 est
1165 1265 83 43 aliud

730 1297 117 40 genere
812 1297 58 40 a
835 1297 105 40 forma
905 1297 152 40 definiti.
1022 1297 82 40 sed
1068 1297 128 40 materia
1162 1297 82 40 est
1208 1297 70 40 in

730 1333 121 29 eodem
810 1333 134 29 genere
904 1333 94 29 cum
958 1333 134 29 forma.
1052 1333 148 29 Amplius
1160 1333 81 29 ex
1187 1333 67 29 ma-

729 1357 101 45 teria
796 1357 56 45 &
819 1357 101 45 forma
886 1357 79 45 fit
931 1357 79 45 per
976 1357 67 45 se
1009 1357 101 45 vnum,
1077 1357 79 45 sed
1121 1357 67 45 ex
1144 1357 112 45 subiecto

728 1389 66 42 &
754 1389 172 42 accidente
887 1389 93 42 non
939 1389 93 42 fit
992 1389 93 42 per
1045 1389 79 42 se
1085 1389 119 42 vnum.
1164 1389 66 42 &
1178 1389 79 42 ideo

729 1421 117 30 nullo
807 1421 117 30 pacto
884 1421 142 30 Antiqui
988 1421 207 30 Peripatetici
1143 1421 104 30 conce,

734 1445 94 39 dunt
793 1445 188 39 definitionem
946 1445 118 39 formae
1028 1445 200 39 substantialis
1181 1445 71 39 esse

732 1485 67 30 ex
765 1485 156 30 additione.
888 1485 78 30 hoc
933 1485 89 30 enim
989 1485 78 30 est
1034 1485 179 30 accidentalis
1168 1485 89 30 formae

733 1510 162 40 proprium.
857 1510 87 40 Sed
907 1510 137 40 quantum
1007 1510 137 40 spectat
1107 1510 75 40 ad
1132 1510 125 40 praesen-

733 1549 84 29 tem
781 1549 228 29 contradictionem
973 1549 120 29 soluo,
1058 1549 96 29 quod
1106 1549 144 29 Comnmenta-

731 1572 153 38 intellexit
851 1572 66 38 in
884 1572 175 38 definitione,
1026 1572 87 38 quae
1081 1572 77 38 dat
1114 1572 142 38 quiditatem,

728 1603 138 32 animae,
829 1603 88 32 non
879 1603 138 32 apparet
980 1603 138 32 materia
1081 1603 138 32 omnino,
1169 1603 88 32 vide-

729 1636 104 31 licet
799 1636 104 31 sicut
868 1636 127 31 apparet
961 1636 127 31 materia
1053 1636 69 31 in
1088 1636 173 31 definitione
1215 1636 46 31 ac

730 1666 157 32 cidentium,
853 1666 67 32 ex
887 1666 79 32 qua
932 1666 123 32 etforma
1022 1666 79 32 non
1066 1666 79 32 fit
1111 1666 79 32 per
1156 1666 67 32 se
1179 1666 67 32 vnum

733 1701 77 33 nam
777 1701 77 33 hoc
821 1701 144 33 declarant
932 1701 99 33 verba
998 1701 155 33 sequentia.
1119 1701 110 33 inquit
1186 1701 66 33 enim

727 1732 87 30 quod
782 1732 98 30 tales
847 1732 185 30 definitiones,
999 1732 65 30 in
1032 1732 109 30 quibus
1108 1732 120 30 apparet
1185 1732 65 30 mate

734 1763 89 31 ria,
789 1763 89 31 sunt
845 1763 67 31 de
878 1763 111 31 genere
956 1763 133 31 illarum,
1055 1763 67 31 in
1089 1763 111 31 quibus
1155 1763 100 31 apparet

739 1789 97 29 aliud:
807 1789 49 29 &
827 1789 126 29 definitio
924 1789 58 29 in
953 1789 87 29 illis
1011 1789 107 29 dicitur
1089 1789 146 29 principai..
1205 1789 49 29 &
1215 1789 39 29 in

730 1819 97 31 istis
795 1819 162 31 secundario.
925 1819 97 31 notum
990 1819 76 31 est
1033 1819 97 31 autem
1098 1819 65 31 ex
1120 1819 130 31 declaratis

729 1848 66 36 in
762 1848 132 36 septimo,
861 1848 88 36 quod
916 1848 143 36 subiectum
1025 1848 99 36 cadit
1091 1848 66 36 in
1113 1848 143 36 definitione
