1475 2066
197 133 132 37 stantiae
296 133 110 37 earum.
373 133 77 37 Sic
417 133 110 37 igitur
494 133 154 37 vniuersale
615 133 77 37 pro
648 133 66 37 pri-

187 172 79 31 ma
226 172 185 31 intentione
372 172 93 31 non
425 172 119 31 dicit
504 172 146 31 aliquam
597 172 119 31 forniam

189 203 116 32 realem
271 203 163 32 distinctam
399 203 58 32 a
422 203 105 32 forma
492 203 175 32 particulari
620 203 93 32 reali-

188 237 99 30 ter,
250 237 74 30 vt
287 237 124 30 quidam
373 237 173 30 voluetunt:
510 237 87 30 sed
559 237 112 30 dicit
621 237 87 30 conce

188 258 92 44 ptum
246 258 127 44 realem,
338 258 81 44 qui
384 258 81 44 est
430 258 104 44 notio
499 258 184 44 singularium,
649 258 58 44 &
660 258 58 44 est

194 289 107 36 forma
266 289 155 36 declarans
385 289 84 36 non
433 289 95 36 dans
492 289 107 36 esse.
564 289 131 36 tenemus
647 289 72 36 enim

192 324 129 30 formam
283 324 142 30 generis
386 324 155 30 speciei,
502 324 65 30 &
528 324 168 30 indiuidui
644 324 78 30 vnam

189 356 92 31 esse
246 356 138 31 secundum
349 356 92 31 rem,
406 356 103 31 solum
475 356 126 31 ratione
555 356 161 31 differentem.

196 384 64 35 Et
228 384 75 35 sic
271 384 97 35 gloso
336 384 172 35 authoritatem
475 384 86 35 eius
529 384 64 35 id
561 384 75 35 est
604 384 97 35 meta.
657 384 54 35 con

194 414 72 36 iv.
235 414 103 36 quando
307 414 93 36 dicit
369 414 83 36 quod
421 414 114 36 materia
504 414 93 36 prius
566 414 114 36 recipit
638 414 83 36 formas

202 444 155 40 vniuersales,
328 444 77 40 quae
377 444 87 40 minus
435 444 155 40 vniversales:
561 444 48 40 &
580 444 68 40 eis
609 444 97 40 mediant,

194 476 84 30 bus
242 476 131 30 recipit
337 476 203 30 indiuiduales:
505 476 84 30 non
553 476 96 30 quod
612 476 72 30 in
636 476 72 30 mate

194 509 92 36 ria
246 509 92 36 sit
299 509 171 36 multitudo
431 509 158 36 formarum
536 509 184 36 corresponden

192 540 103 37 tium
256 540 193 37 multitudini
411 540 218 37 praedicatorum
578 540 141 37 quiditati

194 572 115 30 tiorum
275 572 150 30 factorum.
391 572 69 30 ab
425 572 173 30 intellectu,
564 572 81 30 sed
610 572 81 30 vna
656 572 58 30 &
668 572 46 30 ea

199 598 85 36 dem
247 598 121 36 forma,
332 598 146 36 secundum
442 598 109 36 modum
515 598 194 36 intelligendi
660 598 61 36 nim

194 628 112 40 prius
268 628 199 40 intelligitur
430 628 162 40 informare
554 628 149 40 materiam
654 628 62 40 quo

194 661 70 38 ad
229 661 116 38 gradum
310 661 255 38 substantialitatis,
531 661 81 38 qui
566 661 139 38 corporeita

196 688 90 36 tis,
252 688 56 36 &
275 688 101 36 prius
342 688 79 36 quo
387 688 68 36 ad
421 688 113 36 gradum
500 688 147 36 corporis,
613 688 90 36 quae
658 688 45 36 vi

194 721 121 33 uentis,
282 721 55 33 &
304 721 77 33 sic
348 721 154 33 descedendo
470 721 99 33 vsque
536 721 66 33 ad
569 721 121 33 vltimum
657 721 77 33 in¬

190 749 170 38 diuidualem
323 749 133 38 gradum:
420 749 145 38 quicquid
529 749 109 38 dicat
590 749 121 38 lohannes

197 782 70 29 de
232 782 129 29 tanduno
326 782 70 29 in
361 782 93 29 hoc,
419 782 58 29 &
443 782 117 29 sequat
524 782 70 29 es
560 782 117 29 aeius.

224 808 218 40 Vigesimaprima
404 808 167 40 contradi.
532 808 90 40 est
584 808 77 40 in
609 808 103 40 com.8.

196 837 95 37 Haaet
260 837 84 37 Com.
312 837 84 37 quod
365 837 137 37 essentiae
470 837 95 37 rerum
533 837 84 37 sunt
575 837 137 37 existentes,

197 870 102 37 licet
265 870 80 37 non
310 870 205 37 intelligantur,
481 870 80 37 Sed
526 870 170 37 opponebatur
651 870 57 37 per

188 904 86 26 nos
237 904 123 26 ibidem
323 904 86 26 per
373 904 123 26 commen
459 904 136 26 primum.
558 904 74 26 i.
595 904 111 26 meta.
656 904 62 26 vbi

192 933 97 29 habet
257 933 97 29 quod,
321 933 64 29 si
353 933 161 29 substantiae
482 933 193 29 intellectuales
644 933 54 29 a
654 933 54 29 non

198 959 78 35 bis
243 959 78 35 non
287 959 112 35 essent
366 959 179 35 intellectae,
511 959 90 35 tunc
567 959 112 35 essent
635 959 78 35 fru

196 991 91 35 stra
252 991 68 35 in
286 991 125 35 natura,
377 991 68 35 et
411 991 79 35 per
456 991 159 35 consequens
581 991 79 35 non
615 991 102 35 essent,

195 1022 75 37 cum
238 1022 108 37 natura
314 1022 97 37 nihil
378 1022 86 37 agat
432 1022 129 37 frustra.
529 1022 65 37 i.
561 1022 108 37 coeli.
637 1022 75 37 2r.
680 1022 54 37 &

197 1052 66 38 8.
230 1052 66 38 de
263 1052 120 38 aninia.
350 1052 55 38 A
372 1052 66 38 8.
405 1052 87 38 Vide
460 1052 66 38 in
492 1052 98 38 cont.
558 1052 66 38 i.
591 1052 98 38 meta.
645 1052 66 38 quia

197 1085 89 34 fuit
253 1085 78 34 ibi
297 1085 112 34 soluta
376 1085 89 34 ista
431 1085 145 34 instantia
532 1085 134 34 diligenter

231 1115 128 39 Vigesima
327 1115 118 39 secunda
413 1115 128 39 contrad.
509 1115 75 39 est
552 1115 64 39 in
584 1115 85 39 com.
637 1115 53 39 e
648 1115 64 39 quo-

194 1142 132 36 Habetur
290 1142 96 36 quod
350 1142 168 36 compositum
482 1142 84 36 per
530 1142 72 36 se
566 1142 84 36 est
614 1142 108 36 aliud
674 1142 36 36 a

195 1177 239 33 componentibus.
394 1177 120 33 Huius
474 1177 173 33 oppositum
593 1177 120 33 scribit

194 1205 127 36 Commen.
287 1205 81 36 in.
333 1205 58 36 .
356 1205 93 36 phy.
414 1205 93 36 com.
472 1205 58 36 i
495 1205 69 36 v.
530 1205 58 36 &
553 1205 104 36 supra
622 1205 81 36 co.
657 1205 58 36 AA-

197 1234 76 32 vbi
240 1234 119 32 dicebat
327 1234 87 32 quod
381 1234 65 32 in
414 1234 141 32 composito
522 1234 76 32 non
565 1234 76 32 est
609 1234 87 32 nisi
652 1234 54 32 nia

201 1264 115 34 teria,
281 1264 57 34 &
304 1264 103 34 forma
373 1264 195 34 particularis,
533 1264 69 34 ex
568 1264 115 34 quibus
637 1264 80 34 compo

202 1295 114 32 nitur.
281 1295 136 32 Soluitur
383 1295 68 32 in
418 1295 91 32 omni
474 1295 80 32 per
520 1295 68 32 se
543 1295 170 32 compositione,

196 1325 129 37 secundum
293 1325 97 37 omnes
358 1325 140 37 sapientes
465 1325 161 37 necessarium
595 1325 75 37 est
638 1325 65 37 ad
659 1325 54 37 ali

197 1355 105 37 quam
263 1355 92 37 per
315 1355 79 37 se
355 1355 158 37 vnitatem
473 1355 171 37 deuenire,
605 1355 66 37 &
618 1355 92 37 huius

196 1385 155 34 oppositum
315 1385 83 34 non
363 1385 119 34 potest
446 1385 155 34 imaginari
565 1385 71 34 ab
589 1385 119 34 intelle-

201 1418 90 32 ctu
253 1418 168 32 disposito
382 1418 77 32 ad
420 1418 129 32 bonum.
511 1418 90 32 cum
562 1418 129 32 igitur
640 1418 77 32 com-

194 1447 131 40 positio
290 1447 72 40 ex
326 1447 131 40 materia
421 1447 60 40 &
445 1447 108 40 forma
517 1447 84 40 sit
565 1447 84 40 per
612 1447 72 40 se
636 1447 72 40 com-

193 1480 129 43 positio,
290 1480 118 43 oportet
376 1480 107 43 igitur
451 1480 97 43 istam
515 1480 139 43 terminari
622 1480 64 43 ad
644 1480 64 43 ali-

192 1509 102 37 quam
256 1509 89 37 per
307 1509 76 37 se
345 1509 165 37 vnitatem.
472 1509 115 37 istud
549 1509 89 37 non
599 1509 89 37 est
638 1509 76 37 nisi

192 1539 119 31 tertia
276 1539 143 31 entitas.
383 1539 72 31 Si
419 1539 95 31 enim
478 1539 72 31 in
514 1539 143 31 mixtione
610 1539 107 31 elenien

191 1572 132 31 torum
279 1572 102 31 non
338 1572 161 31 dicimus
455 1572 146 31 mixtum
557 1572 117 31 esse
616 1572 102 31 omnia

191 1598 146 37 quatuor
297 1598 159 37 elementa
416 1598 119 37 simul
496 1598 146 37 sumpta:
602 1598 93 37 nam
642 1598 66 37 tum

200 1630 122 33 mixtio
285 1630 110 33 esset
359 1630 135 33 partium
457 1630 110 33 inxta
530 1630 135 33 positio
616 1630 98 33 contra

198 1660 195 30 Philosoplium
356 1660 110 30 primo
430 1660 73 30 de
466 1660 195 30 generatione.
625 1660 85 30 Ms.
673 1660 61 30 &

191 1688 125 34 Conien
279 1688 88 34 hic
329 1688 163 34 expiesse.
454 1688 100 34 caro
517 1688 88 34 non
567 1688 88 34 est
617 1688 113 34 terra
679 1688 38 34 &

195 1723 112 38 ignis:
273 1723 67 38 ex
307 1723 112 38 quibus
385 1723 168 38 componitur,
519 1723 78 38 sed
564 1723 78 38 est
608 1723 123 38 aliquod

197 1757 158 29 auditum,
315 1757 118 29 quare
394 1757 105 29 ergo
460 1757 118 29 etiam
538 1757 144 29 materia
630 1757 79 29 cun-

193 1783 114 35 forma
269 1783 89 35 non
320 1783 101 35 sunt
383 1783 165 35 causantes
510 1783 139 35 aliquid
599 1783 114 35 terrium

193 1812 101 47 aliud
260 1812 67 47 ab
294 1812 79 47 eis
339 1812 79 47 non
384 1812 112 47 video,
463 1812 157 47 Authoritas
586 1812 101 47 autem
643 1812 67 47 Con

729 133 67 47 i.
762 133 89 47 phy.
818 133 67 47 i.
851 133 67 47 v.
885 133 134 47 procedit
985 133 67 47 de
1018 133 89 47 toto
1074 133 145 47 integrali
1185 133 56 47 &
1196 133 67 47 con-

729 172 119 30 tinuo,
812 172 95 30 quia
872 172 83 30 sic
920 172 107 30 etiam
991 172 143 30 loquitur
1098 172 83 30 ibi
1134 172 119 30 Philoso-

739 201 88 37 phus,
798 201 78 37 tale
847 201 78 37 enim
896 201 118 37 secundum
984 201 69 37 rem
1024 201 69 37 non
1063 201 88 37 dicit
1122 201 108 37 aliquam
1190 201 59 37 foi-

736 232 94 33 mam
789 232 147 33 tertiam
896 232 187 33 distinctam
1043 232 80 33 ab
1083 232 107 33 esse
1137 232 120 33 partium

733 263 114 36 simul
809 263 177 36 sumptarum,
949 263 114 36 licet
1025 263 101 36 ergo
1088 263 127 36 teneam
1164 263 89 36 tale-

739 294 122 30 secundum
830 294 122 30 rationem
922 294 102 30 dicere
993 294 102 30 formam
1064 294 112 30 aliquam
1135 294 122 30 distinctam

737 325 62 42 ab
768 325 83 42 esse
819 325 114 42 partium
902 325 93 42 simul
964 325 145 42 sumptarum.
1077 325 72 42 nam
1119 325 114 42 secudum
1191 325 62 42 Phi-

733 353 148 32 losophu..
846 353 102 32 meta.
914 353 91 32 tex.
971 353 91 32 con.
1028 353 57 32 i
1051 353 68 32 s.
1085 353 136 32 senarius
1176 353 79 32 nume-

735 387 73 32 rus
776 387 73 32 non
818 387 73 32 est
860 387 73 32 bis
902 387 94 32 tria.
964 387 73 32 sed
1006 387 73 32 est
1048 387 94 32 semel
1111 387 84 32 sex.
1163 387 63 32 Si
1184 387 73 32 autem

733 420 97 34 velis
798 420 97 34 illam
862 420 183 34 propositionem
1013 420 75 34 Co.
1056 420 65 34 i.
1089 420 97 34 primi
1153 420 86 34 phy.
1196 420 65 34 dila

731 447 85 35 tare
785 447 64 35 ad
817 447 96 35 totum
881 447 160 35 essentiale,
1009 447 96 35 dicas
1073 447 85 35 quod
1126 447 96 35 totum
1179 447 75 35 nihil

738 484 100 32 aliud
805 484 78 32 est
849 484 78 32 qua
894 484 111 32 partes
972 484 100 32 simul
1038 484 122 32 sumptae
1116 484 145 32 integratiue

734 510 60 29 &
758 510 204 29 constitutiue.
926 510 60 29 &
950 510 84 29 sic
998 510 72 29 ad
1033 510 192 29 authoritatem
1177 510 72 29 eius

730 538 108 33 supra
802 538 72 33 in
838 538 60 33 &
862 538 60 33 A
886 538 108 33 huius
958 538 108 33 dicas
1031 538 204 33 consecuenter.
1199 538 60 33 &
1211 538 48 33 vi

734 570 66 39 de
767 570 110 39 supra.
844 570 77 39 vbi
889 570 99 39 etiam
955 570 121 39 diximus
1043 570 66 39 in
1076 570 88 39 illo
1132 570 99 39 loco.
1187 570 66 39 Quod

726 597 126 37 autem
810 597 112 37 ista
880 597 98 37 sit
936 597 140 37 opinio
1033 597 140 37 Commen
1131 597 126 37 credo
1201 597 56 37 me

737 628 122 38 diffuse
826 628 133 38 probasse
925 628 100 38 super
992 628 67 38 i.
1025 628 100 38 pliy.
1092 628 89 38 com.
1147 628 55 38 i
1169 628 67 38 v.
1203 628 55 38 &
1214 628 44 38 tu

731 659 100 39 illuc
786 659 122 39 recurras,

712 716 249 47 S
762 716 497 47 2VH2AMES

777 757 316 45 Contradictionum
1044 757 100 45 in
1077 757 133 45 dictis

849 797 156 45 Arist.
959 797 78 45 &
975 797 156 45 Auerrois

791 860 130 55 Super
877 860 145 55 Octauo
964 860 246 55 Metaphysicorum.

835 932 83 35 esm
883 932 178 35 Ontradictio
1025 932 83 35 est
1073 932 107 35 super
1144 932 119 35 textu.
1215 932 36 35 2

899 961 54 36 in
926 961 72 36 isto
971 961 72 36 enim
1017 961 72 36 tex.
1062 961 100 36 habetur
1134 961 72 36 quod
1171 961 81 36 substan

900 992 67 36 tia
939 992 86 36 magis
996 992 105 36 dicitur
1072 992 57 36 de
1101 992 105 36 genere,
1178 992 76 36 quae
1216 992 38 36 de

894 1021 91 42 specie,
960 1021 41 42 &
977 1021 50 42 de
1001 1021 116 42 vniversali
1092 1021 83 42 magis,
1150 1021 66 42 quae
1192 1021 58 42 dae
1217 1021 41 42 par

897 1053 144 39 ticulari.
1008 1053 100 39 Huius
1074 1053 100 39 tamen
1130 1053 122 39 oppositum

728 1084 188 32 determinatum
881 1084 82 32 est
928 1084 71 32 in
963 1084 71 32 v.
999 1084 106 32 meta.
1069 1084 71 32 in
1104 1084 94 32 tex.
1163 1084 94 32 con.
1210 1084 47 32 a-

738 1114 93 34 vsque
800 1114 62 34 ad
831 1114 103 34 finem,
903 1114 83 34 vnde
955 1114 103 34 ibidem
1027 1114 72 34 te.
1068 1114 83 34 comi
1120 1114 62 34 8.
1140 1114 114 34 expressae

737 1144 91 39 dicitur
803 1144 66 39 quod
844 1144 83 39 nullum
902 1144 140 39 vniversaliter
1018 1144 99 39 dictorum
1092 1144 116 39 substantia
1183 1144 66 39 est,
1216 1144 41 39 ne-

729 1173 92 36 quae
787 1173 81 36 vna
833 1173 69 36 ex
868 1173 185 36 substantiis.
1018 1173 127 36 Amplius
1110 1173 69 36 in
1133 1173 127 36 praesenti

735 1204 67 34 tex.
777 1204 59 34 ei.
810 1204 101 34 expresse
886 1204 101 34 dicitur.
962 1204 67 34 Item
1004 1204 76 34 etiam
1055 1204 59 34 nec
1088 1204 118 34 vniversale
1173 1204 84 34 substan-

729 1236 79 39 tia
774 1236 79 39 nec
819 1236 124 39 geneus.
909 1236 56 39 &
931 1236 79 39 ita
976 1236 67 39 in
1010 1236 101 39 paruo
1077 1236 112 39 spacio
1156 1236 67 39 in
1178 1236 79 39 eodem

732 1265 134 33 respectu
832 1265 167 33 Philosophus
966 1265 145 33 sibiijpsi
1077 1265 156 33 contrarius
1188 1265 67 33 esse

733 1298 137 32 videtur.
835 1298 148 32 Soluitur,
949 1298 68 32 vt
983 1298 114 32 innuit
1063 1298 80 32 Co.
1109 1298 80 32 hic
1154 1298 68 32 in
1177 1298 80 32 prin-

730 1326 91 39 con.
787 1326 57 39 &
809 1326 80 39 ita
855 1326 102 39 etiam
923 1326 102 39 dicit
991 1326 125 39 Michael
1082 1326 148 39 Ephesius,
1185 1326 68 39 quod

736 1357 130 37 primum
827 1357 130 37 dictum
918 1357 91 37 est
970 1357 78 37 ex
1010 1357 169 37 sententia
1127 1357 130 37 Antiquo-

731 1391 95 31 rum,
790 1391 83 31 non
838 1391 71 31 ex
873 1391 154 31 sententia
991 1391 142 31 Aristot.
1097 1391 83 31 nam
1133 1391 118 31 Aristot,

730 1416 82 38 non
777 1416 93 38 vult
835 1416 128 38 genera,
929 1416 58 38 &
952 1416 128 38 species
1045 1416 93 38 esse
1092 1416 163 38 substantias,

730 1449 85 33 sed
779 1449 207 33 similitudines
949 1449 207 33 substantiarum
1108 1449 146 33 particula-

732 1480 105 32 rium,
803 1480 70 32 ex
838 1480 117 32 quibus
920 1480 152 32 collectae
1037 1480 105 32 sunt.
1107 1480 70 32 vt
1131 1480 117 32 testatur

736 1508 156 40 Commenta
853 1508 104 40 enim
918 1508 104 40 meta
983 1508 143 40 commen.
1088 1508 78 40 8.
1127 1508 91 40 vbi
1166 1508 91 40 dicit

736 1538 179 33 vniuersalia
879 1538 96 33 apud
939 1538 179 33 Aristorelis
1083 1538 96 33 sunt
1130 1538 120 33 collecta

735 1572 68 30 ex
769 1572 205 30 particularibus
940 1572 68 30 in
974 1572 171 30 intellectu,
1110 1572 80 30 qui
1145 1572 102 30 accipit

733 1601 104 36 inter
803 1601 69 36 ea
837 1601 208 36 similitudinem,
1011 1601 58 36 &
1034 1601 104 36 facit
1103 1601 69 36 ea
1126 1601 127 36 intentio-

729 1630 85 36 nem
778 1630 110 36 vnam.
851 1630 61 36 &
875 1630 73 36 i.
912 1630 110 36 meta.
985 1630 134 36 cominen
1082 1630 85 36 Ac.
1131 1630 85 36 int
1168 1630 85 36 elle-

734 1661 84 29 cta
782 1661 180 29 vniuersalia
926 1661 96 29 apud
986 1661 132 29 Aristo,
1082 1661 84 29 non
1130 1661 96 29 sunt
1178 1661 72 29 sub-

733 1691 142 31 stantiae
840 1691 119 31 rerum,
923 1691 83 31 sed
970 1691 178 31 significant
1113 1691 107 31 rerum
1172 1691 71 31 sub-

731 1721 146 33 stantias.
843 1721 79 33 per
888 1721 79 33 hoc
933 1721 101 33 patet
1001 1721 135 33 solutio.
1102 1721 67 33 Et
1136 1721 67 33 si
1158 1721 90 33 inste-

731 1753 91 39 tur,
788 1753 91 39 quod
845 1753 149 39 Aristote.
959 1753 69 39 8.
993 1753 149 39 nmetaphy.
1108 1753 91 39 tex.
1154 1753 91 39 commen

737 1788 73 30 A.
773 1788 122 30 dicit,
859 1788 97 30 quod
919 1788 170 30 substantia
1053 1788 134 30 dicitur
1138 1788 110 30 quatuor

731 1820 120 30 modis.
815 1820 108 30 intel
888 1820 96 30 quos
948 1820 96 30 vnus
1008 1820 84 30 est
1056 1820 108 30 ipsum
1116 1820 133 30 vniuersa
