1475 2066
200 148 61 38 &
224 148 121 38 formae
309 148 85 38 est
357 148 109 38 agere
430 148 61 38 &
454 148 133 38 mouere.
551 148 73 38 e.
588 148 73 38 de
612 148 109 38 genera-

203 188 98 31 tione.
272 188 78 31 tex.
321 188 78 31 com.
370 188 69 31 si.
409 188 59 31 &.
439 188 59 31 8.
468 188 88 31 meta.
527 188 78 31 tex.
576 188 78 31 con.
625 188 69 31 io.
664 188 59 31 &.
684 188 39 31 i.

203 220 84 30 phy.
256 220 63 30 i.
288 220 63 30 8.
319 220 116 30 materic
403 220 95 30 autem
466 220 74 30 est
509 220 116 30 moueri,
593 220 53 30 &
614 220 95 30 pati.
666 220 53 30 vni

210 252 65 30 de
243 252 141 30 quaelibet
351 252 109 30 forma,
428 252 87 30 siue
482 252 163 30 materialis,
612 252 87 30 siue
656 252 65 30 sepa

209 275 85 31 rata
263 275 117 31 fuerit,
348 275 106 31 actiua
422 275 85 31 est:
475 275 74 31 nec
518 275 106 31 aliqua
592 275 74 31 sub
635 275 74 31 hac
667 275 53 31 ra-

211 308 104 36 tione,
283 308 73 36 qua
325 308 93 36 forma
387 308 83 36 est,
439 308 73 36 est
480 308 125 36 passiua:
574 308 83 36 quia
615 308 104 36 passiutu

204 337 99 31 esse
265 337 173 31 insequitur
401 337 173 31 potentiam,
538 337 99 31 quae
599 337 87 31 est
636 337 87 31 primo

209 367 125 39 diuersa
300 367 68 39 ab
334 367 102 39 actu.
402 367 68 39 Si
436 367 114 39 igitur
515 367 114 39 aliqua
595 367 102 39 forma
652 367 68 39 pas-

206 399 79 35 siua
256 399 109 35 fuerit,
335 399 79 35 ista
384 399 158 35 passibilitas
512 399 119 35 comperit
601 399 79 35 sibi
641 399 79 35 ratio-

203 430 75 30 ne,
246 430 75 30 qua
289 430 129 30 potentia
386 430 161 30 participat.
515 430 172 30 passibilitas
645 430 75 30 autem

205 460 89 30 ista
260 460 111 30 duplex
338 460 89 30 est,
393 460 122 30 quaedam
482 460 133 30 signata,
581 460 55 30 &
603 460 122 30 realis,
692 460 55 30 &

210 489 86 32 ista
264 489 151 32 insequitur
382 489 97 32 primo
447 489 129 32 secundum
544 489 161 32 Philosophos
662 489 54 32 nia

203 520 127 40 teriam
292 520 152 40 quantam.
406 520 114 40 Vnde,
482 520 76 40 si
520 520 89 40 qua
570 520 114 40 forma
633 520 89 40 passi

207 551 69 35 ua
241 551 114 35 fuerit
321 551 149 35 passione,
435 551 57 35 &
458 551 160 35 receptione
584 551 137 35 signata,
675 551 46 35 si

211 580 58 31 ue
240 580 106 31 realis,
317 580 77 31 site
365 580 144 31 spinitualis
481 580 106 31 fuerit,
558 580 67 31 hoc
596 580 67 31 est
625 580 96 31 rationem

207 610 143 32 materiae,
317 610 99 32 sicut
383 610 121 32 scribit
471 610 121 32 Conimen
558 610 99 32 comm.
624 610 66 32 g.
657 610 66 32 i.
679 610 44 32 de

206 644 108 31 anima
278 644 72 31 ad
314 644 167 31 principium
445 644 96 31 cum,
505 644 60 31 &
529 644 96 31 con.
589 644 60 31 S
612 644 96 31 Aiia
660 644 60 31 est

206 670 97 40 passio
274 670 49 40 &
294 670 117 40 receptio
381 670 156 40 vniversalis,
508 670 49 40 &
527 670 136 40 abstracta.
634 670 49 40 &
644 670 78 40 istius

210 710 100 32 ratio
277 710 78 32 est
321 710 178 32 intellectus.
466 710 167 32 possibilis,
600 710 78 32 qui
634 710 89 32 nullam

205 733 115 40 aliam
282 733 141 40 naturam
384 733 115 40 habet
461 733 102 40 nisi
525 733 102 40 quia
576 733 153 40 possibilis

206 763 123 31 vocatus
295 763 89 31 est.
351 763 56 31 &
373 763 89 31 iste
429 763 168 31 intellectu.
563 763 78 31 est
608 763 123 31 materia
686 763 45 31 in

209 796 211 31 telliuibilium.
385 796 59 31 &
409 796 82 31 est
455 796 129 31 quartum
549 796 117 31 geneus
620 796 105 31 enriums

213 824 94 34 sicut
275 824 105 34 dicit.
349 824 84 34 Com.
401 824 63 34 a.
432 824 63 34 de
464 824 105 34 anima.
537 824 105 34 con.e.
610 824 63 34 in
631 824 94 34 solutio

210 855 74 36 ne.
263 855 127 36 quodnis.
358 855 63 36 Si
390 855 116 36 forniae
474 855 105 36 igitur
548 855 148 36 existentes
664 855 63 36 in
685 855 42 36 ma

208 884 62 30 te
239 884 72 30 nia
280 884 92 30 reali
341 884 123 30 passione
434 884 144 30 patiantur,
546 884 72 30 hoc
588 884 72 30 est
618 884 103 30 rationem

209 914 144 33 materiae.
320 914 89 33 Vnde
375 914 111 33 Commen
453 914 67 33 8.
486 914 111 33 coeli.
564 914 89 33 con.
619 914 78 33 ax.
652 914 67 33 dice

210 946 99 32 bat.
271 946 111 32 forma
346 946 74 32 in
383 946 99 32 motu
445 946 148 32 elementi
556 946 124 32 mouet,
642 946 87 32 sed
680 946 49 32 vt

206 972 80 37 est
251 972 103 37 forma
320 972 69 37 in
354 972 126 37 materia
446 972 137 37 mouetur,
549 972 92 37 quod
606 972 103 37 etiam
664 972 57 37 sen

213 1006 110 40 sitiuae
293 1006 120 40 virtutes
383 1006 120 40 signatae
473 1006 130 40 recipiant
572 1006 80 40 est,
622 1006 80 40 quia
662 1006 60 40 sunt

204 1033 72 34 in
240 1033 145 34 materia.
349 1033 145 34 Sequitur
457 1033 121 34 igitur
542 1033 97 34 quod
602 1033 85 34 cum
639 1033 85 34 omnes

208 1069 121 30 formae
293 1069 61 30 a
317 1069 134 30 materia
414 1069 158 30 separatae
536 1069 134 30 praeter
621 1069 97 30 animam

209 1095 118 35 nostram
295 1095 193 35 intellectiuam,
456 1095 86 35 quae
510 1095 107 35 infima
585 1095 75 35 est
617 1095 107 35 secundum

209 1128 107 34 ipsum
281 1128 107 34 inter
352 1128 179 34 abstractas.
495 1128 71 34 de
531 1128 119 34 anima,
614 1128 95 34 con.
661 1128 60 34 iSi

206 1164 109 27 nullo
278 1164 97 27 modo
339 1164 145 27 passiuam
447 1164 97 27 esse
508 1164 85 27 non
544 1164 181 27 essentialitet

214 1188 91 37 quia
270 1188 136 37 cuilibet
373 1188 125 37 formae,
464 1188 68 37 vt
498 1188 102 37 forma
566 1188 91 37 est,
611 1188 114 37 repugnat

214 1217 189 34 essentialiter
370 1217 100 34 pati,
437 1217 100 34 etiam
503 1217 189 34 materialibus.
648 1217 67 34 vnde

209 1246 107 32 Commen
284 1246 64 32 8.
317 1246 86 32 phy.
370 1246 75 32 com
413 1246 64 32 si
445 1246 64 32 i.
477 1246 75 32 qui
520 1246 118 32 dixerit
606 1246 107 32 formas
670 1246 54 32 per

210 1277 76 38 se
248 1277 127 38 moueri
338 1277 89 38 non
389 1277 89 38 est
440 1277 140 38 amplius
542 1277 166 38 loquendum
656 1277 64 38 cum

208 1307 72 37 eo
244 1307 72 37 in
280 1307 85 37 hac
329 1307 157 37 scientia,
449 1307 109 37 neque
522 1307 109 37 etiam
582 1307 133 37 accidenta

211 1336 115 35 liter,
291 1336 92 35 quia
348 1336 103 35 forma
417 1336 206 35 accidentaliter
589 1336 126 35 patitur
669 1336 46 35 ra

212 1368 100 39 tione
279 1368 144 39 potentie,
390 1368 89 39 quae
445 1368 78 39 vel
490 1368 78 39 est
534 1368 133 39 materia,
634 1368 78 39 vel
667 1368 56 39 est

209 1400 171 34 inteliectus
346 1400 171 34 possibilis.
482 1400 68 34 in
517 1400 126 34 talibus
608 1400 103 34 autem
665 1400 57 34 non

215 1429 80 37 est
260 1429 137 37 materia:
363 1429 103 37 indeo
432 1429 80 37 non
478 1429 126 37 possunt
569 1429 91 37 pati
615 1429 114 37 passione

212 1460 90 39 reali
272 1460 50 39 &
292 1460 70 39 sis
332 1460 80 39 nata
382 1460 120 39 secundum
473 1460 160 39 Philosophos,
603 1460 90 39 neque
653 1460 70 39 etiam

215 1482 131 47 passione
313 1482 164 47 spirituali,
444 1482 76 47 qui
488 1482 55 47 a
510 1482 76 47 non
553 1482 164 47 intelligunt
673 1482 55 47 per

215 1524 181 30 receptionem,
362 1524 79 30 nec
407 1524 68 30 in
441 1524 79 30 eis
486 1524 79 30 est
531 1524 90 30 vere
576 1524 147 30 intellectus

210 1556 162 34 possibilis,
340 1556 97 34 licet
405 1556 108 34 Comen.
481 1556 130 34 videatur
578 1556 97 34 illud
633 1556 97 34 dicere,

210 1582 73 36 sed
251 1582 125 36 secundum
345 1582 135 36 rationem,
449 1582 62 36 vt
480 1582 94 36 alias
543 1582 177 36 declarauimus.
678 1582 52 36 Nul

206 1616 65 38 lo
239 1616 109 38 igitur
315 1616 87 38 modo
369 1616 87 38 pati
423 1616 119 38 possunt
510 1616 98 38 tales
575 1616 119 38 formae,
651 1616 76 38 neque

215 1649 75 33 per
258 1649 75 33 se,
301 1649 96 33 neque
365 1649 75 33 per
407 1649 139 33 accidens,
514 1649 75 33 nec
556 1649 128 33 passione
642 1649 85 33 reali-

206 1677 78 29 nec
250 1677 167 29 spirituali,
384 1677 78 29 cum
428 1677 167 29 intelligant
562 1677 78 29 per
595 1677 134 29 essentiam,

211 1703 56 35 &
233 1703 79 35 non
278 1703 79 35 per
323 1703 123 35 species
413 1703 135 35 secundum
514 1703 180 35 Philosophos.
648 1703 79 35 Anima

206 1733 98 33 autem
271 1733 184 33 intellectiua,
423 1733 76 33 cum
467 1733 76 33 sit
510 1733 109 33 infima
586 1733 98 33 inter
640 1733 87 33 abstra

213 1763 91 32 cta,
270 1763 80 32 cum
315 1763 80 32 sit
361 1763 149 32 composita
476 1763 69 32 ex
510 1763 160 32 intellectu
624 1763 103 32 possibi

215 1793 102 32 vere,
283 1793 57 32 &
305 1793 68 32 ex
339 1793 158 32 intellectu
464 1793 125 32 agente,
554 1793 125 32 ratione
633 1793 91 32 possi-

212 1821 95 37 bilis
276 1821 116 37 rassiua
360 1821 74 37 est
402 1821 116 37 ratione
487 1821 84 37 vero
539 1821 116 37 agentis
624 1821 74 37 est
655 1821 74 37 acti

743 148 74 38 ua.
786 148 74 38 sed
828 148 105 38 passio
902 148 84 38 ista
954 148 74 38 est
996 148 127 38 alterius
1091 148 127 38 rationis
1186 148 53 38 a
1197 148 63 38 past

746 184 106 34 sione
817 184 153 34 materiae,
934 184 106 34 sicut
1005 184 129 34 seribit
1099 184 129 34 Commeni
1193 184 70 34 i.
1216 184 47 34 de

739 217 101 33 anima
806 217 90 33 con.
863 217 79 33 is.
908 217 79 33 vbi
953 217 158 33 formaliter
1077 217 124 33 ponitur
1167 217 90 33 ista
1212 217 56 33 fo-

738 245 111 37 lutio
811 245 74 37 ad
848 245 172 37 instantiam
983 245 111 37 motam
1057 245 61 37 a
1082 245 111 37 nobis
1155 245 98 37 hic,
1205 245 61 37 si-

746 275 78 34 cut
790 275 67 34 tu
824 275 156 34 diligenter
946 275 122 34 poteris
1035 275 78 34 ibi
1068 275 89 34 videre

773 301 125 37 Secunda
863 301 147 37 contradi.
977 301 79 37 est
1022 301 102 37 super
1090 301 91 37 tex.
1147 301 57 37 .
1158 301 102 37 Aristo-

743 334 67 37 &
769 334 161 37 Coninien
890 334 134 37 ponunt
984 334 215 37 differentiam
1159 334 94 37 hic
1199 334 67 37 in-

746 372 78 30 ter
790 372 144 30 potentias
901 372 166 30 rationales,
1034 372 133 30 actiuas,
1134 372 55 30 &
1145 372 122 30 irrations

744 400 91 35 les:
801 400 91 35 quia
858 400 160 35 rationales
983 400 91 35 sunt
1040 400 194 35 contrariorum,
1188 400 80 35 irra-

742 429 148 36 tionales
853 429 99 36 vero
915 429 173 36 nequaquam,
1051 429 87 36 sed
1100 429 111 36 vnius
1162 429 99 36 tantum

741 458 79 39 per
786 458 68 39 se
820 458 147 39 loquendo.
933 458 79 39 Sed
978 458 79 39 est
1023 458 147 39 instantia
1137 458 68 39 de
1159 458 102 39 virtute

743 495 136 27 niotiua
842 495 136 27 volunta
941 495 99 27 rie:
1003 495 112 27 cuius
1077 495 112 27 nedum
1151 495 87 27 est
1189 495 74 27 moue

747 520 74 34 re
784 520 124 34 corpus
871 520 74 34 de
908 520 99 34 loro
970 520 74 34 ad
1007 520 124 34 locum,
1094 520 174 34 verumetiam
1231 520 62 34 &

741 548 142 38 retinere.
851 548 99 38 sicut
916 548 88 38 auis
971 548 110 38 volans
1048 548 66 38 in
1081 548 99 38 aere.
1146 548 77 38 dum
1179 548 88 38 sistit

742 584 127 28 seipsam,
837 584 84 28 ille
890 584 105 28 status
964 584 127 28 causatur
1059 584 53 28 a
1080 584 84 28 tali
1133 584 116 28 virtute
1206 584 53 28 mo-

738 612 93 37 tiua.
800 612 52 37 &
820 612 134 37 similiter
923 612 93 37 homo,
985 612 103 37 quando
1058 612 83 37 stat
1109 612 124 37 erectus,
1192 612 72 37 ille-

744 645 113 30 status
823 645 57 30 a
846 645 91 30 tali
902 645 125 30 virtute
993 645 147 30 causatur,
1106 645 136 30 alioquin
1197 645 68 30 homo

743 676 75 30 non
786 676 106 30 posset
860 676 106 30 stare,
935 676 64 30 si
967 676 85 30 ille
1020 676 106 30 status
1095 676 64 30 ab
1127 676 85 30 illa
1169 676 96 30 virtute

744 701 93 36 non
797 701 133 36 esset,
890 701 93 36 sed
943 701 160 36 caderet.
1063 701 200 36 quemadmodum
1210 701 53 36 si

747 731 99 35 homo
808 731 148 35 dormiens
919 731 160 35 poneretur
1043 731 148 35 erectus,
1154 731 74 35 vt
1179 731 86 35 dicit

740 763 137 31 Calenus
839 763 75 31 in
876 763 100 31 lib.
939 763 75 31 de
976 763 137 31 rigore,
1075 763 62 31 &
1100 763 149 31 tremore.
1200 763 62 31 Am-

746 797 116 29 plius
823 797 90 29 per
875 797 129 29 eandem
965 797 154 29 vittutem
1081 797 142 29 mouetur
1171 797 90 29 graue

745 829 81 33 deo
792 829 105 33 rsum,
862 829 58 33 &
885 829 140 33 quiescit
990 829 140 33 deorsum,
1094 829 58 33 &
1118 829 116 33 patet,
1199 829 93 33 quod

741 852 133 39 virtutes
841 852 100 39 islae
907 852 89 39 sunt
963 852 188 39 irrationales,
1118 852 100 39 sicut
1173 852 89 39 patet-

746 883 103 31 Auet.
814 883 103 31 autem
883 883 126 31 videtur
974 883 126 31 soluere
1065 883 114 31 primam
1134 883 126 31 difficul-

747 918 87 28 tatem
805 918 106 28 occulte
882 918 67 28 in.
921 918 58 28 a.
950 918 106 28 pPhysi.
1027 918 77 28 con.
1075 918 48 28 A
1094 918 67 28 si.
1133 918 106 28 videtur
1200 918 58 28 enim

740 945 101 40 velle,
811 945 81 40 quod
861 945 101 40 virtus
932 945 192 40 concupiscibilis
1094 945 71 40 est
1135 945 61 40 de
1155 945 101 40 virtuti-

740 974 82 36 bus
787 974 141 36 passiuis
893 974 94 36 apta
951 974 94 36 nata
1010 974 141 36 recipere
1115 974 82 36 duo
1151 974 105 36 contra,

740 1007 81 30 ria
787 1007 174 30 aequaliter.
926 1007 58 30 &
949 1007 93 30 quia
1007 1007 93 30 ille
1065 1007 104 30 motus
1123 1007 139 30 voluntarie

743 1037 76 29 sit
786 1037 54 29 a
808 1037 119 29 virtute
895 1037 206 29 concupiscibili,
1068 1037 87 29 quae
1111 1037 152 29 dererminatur

741 1065 61 33 ab
771 1065 123 33 obiecto,
864 1065 92 33 tamen
925 1065 102 33 cessar
997 1065 113 33 primum.
1079 1065 61 33 Ad
1109 1065 123 33 secundum
1191 1065 72 33 autem

741 1098 139 32 diceretur
848 1098 85 32 quod
901 1098 107 32 virtus
976 1098 149 32 grauitatis
1093 1098 75 32 per
1136 1098 75 32 se,
1179 1098 53 32 &
1189 1098 75 32 primo

740 1126 82 36 est
787 1126 105 36 causa
857 1126 140 36 quietis,
962 1126 58 36 &
985 1126 163 36 secundario
1113 1126 82 36 est
1160 1126 105 36 causa
1218 1126 47 36 mo

748 1157 95 38 tus,
807 1157 95 38 quia
867 1157 154 38 elementum
985 1157 83 38 est
1032 1157 71 38 in
1068 1157 142 38 potentia
1162 1157 107 38 acciden

737 1190 100 29 tali
799 1190 75 29 ad
836 1190 112 29 motum
911 1190 149 29 deorsum,
1023 1190 100 29 quae
1085 1190 87 29 est
1122 1190 137 29 potentiae

738 1217 161 32 violenta,
862 1217 149 32 postquam
973 1217 124 32 passum
1060 1217 87 32 est
1097 1217 161 32 violentiam.

742 1247 66 35 in
775 1247 77 35 hoc
819 1247 110 35 igitur
895 1247 142 35 consistit
1005 1247 175 35 differentia,
1147 1247 88 35 quia
1191 1247 66 35 vir-

740 1284 101 31 tutes
807 1284 124 31 actiuae
897 1284 158 31 rationales
1021 1284 79 31 per
1066 1284 79 31 se,
1111 1284 56 31 &
1123 1284 146 31 principali-

737 1306 79 47 ter
782 1306 68 47 ex
816 1306 79 47 sui
861 1306 113 47 natura
940 1306 90 47 sunt
997 1306 136 47 indeterm
1098 1306 113 47 inatae
1178 1306 68 47 ad
1200 1306 68 47 agen

740 1338 81 32 dum
787 1338 81 32 duo
833 1338 150 32 contraria
948 1338 173 32 aequaliter,
1087 1338 81 32 sed
1133 1338 127 32 natura:
1214 1338 46 32 et

742 1373 100 29 vnum
804 1373 87 29 per
854 1373 87 29 se,
903 1373 112 29 aliud
978 1373 87 29 per
1028 1373 162 29 accidens,
1152 1373 87 29 aut
1189 1373 75 29 vnum

745 1404 67 30 ex
778 1404 157 30 principali
902 1404 168 30 intentione,
1036 1404 101 30 aliud
1103 1404 90 30 vero
1148 1404 112 30 secunda-

747 1434 85 32 rio,
801 1434 75 32 sic
843 1434 107 32 caldum
918 1434 75 32 per
961 1434 64 32 se
993 1434 149 32 calefacit,
1110 1434 75 32 sed
1152 1434 75 32 per
1184 1434 75 32 acci-

745 1458 87 36 dens
800 1458 164 36 infrigidat,
931 1458 55 36 &
952 1458 131 36 srigidum
1051 1458 76 36 per
1094 1458 65 36 se
1116 1458 142 36 infrigidat,

747 1490 60 32 &
771 1490 84 32 per
819 1490 84 32 acc
867 1490 108 32 idens
938 1490 167 32 calefacit,
1070 1490 60 32 &
1094 1490 167 32 quandocque
1213 1490 48 32 ac

752 1517 106 37 cidit,
826 1517 63 37 vt
858 1517 127 37 effectus
953 1517 74 37 per
995 1517 127 37 accidens
1090 1517 74 37 sit
1132 1517 127 37 validior
1217 1517 42 37 ef

745 1550 96 31 fectu
809 1550 74 31 per
852 1550 74 31 se,
894 1550 64 31 vt
926 1550 96 31 pater
990 1550 128 31 expertis
1086 1550 64 31 in
1107 1550 149 31 naturalibus,

744 1581 87 37 Nec
793 1581 149 37 videatur
905 1581 87 37 ubi
955 1581 124 37 mirum,
1042 1581 75 37 si
1079 1581 137 37 dixerim
1166 1581 100 37 formam

745 1613 161 35 grauitatis
871 1613 80 35 per
917 1613 69 35 se
951 1613 103 35 primo
1020 1613 92 35 esse
1077 1613 115 35 causam
1146 1613 115 35 quieris,

749 1642 61 32 &
773 1642 86 32 non
822 1642 123 32 motus:
908 1642 86 32 nam
957 1642 98 32 ista
1019 1642 86 32 est
1068 1642 110 32 etiam
1129 1642 135 32 sententia

750 1671 96 36 Auer.
815 1671 75 36 in.
857 1671 64 36 A.
890 1671 107 36 coeli.
965 1671 64 36 in
997 1671 86 36 com.
1050 1671 75 36 x8.
1093 1671 54 36 &
1115 1671 75 36 hoc
1158 1671 96 36 etiam
1211 1671 43 36 su

739 1703 85 44 pra
787 1703 121 44 notaui
860 1703 73 44 tibi

773 1724 109 47 Tertia
850 1724 142 47 contradi.
959 1724 77 47 est
1003 1724 66 47 in
1035 1724 87 47 com.
1090 1724 66 47 r.
1123 1724 120 47 Scribit
1199 1724 55 47 Con

744 1765 84 38 quod
796 1765 126 38 potentia
890 1765 63 38 ad
922 1765 136 38 sanitatem
1026 1765 52 38 &
1047 1765 63 38 ad
1079 1765 168 38 aegcitudinem
1205 1765 52 38 est

745 1797 103 30 eadem.
817 1797 134 30 Oppositum
920 1797 103 30 patet.
992 1797 62 30 8.
1022 1797 103 30 physi.
1094 1797 82 30 tex.
1146 1797 93 30 conm.
1208 1797 51 30 i
1218 1797 41 30 o-

747 1825 72 33 vbi
788 1825 93 33 habet
850 1825 93 33 quod,
912 1825 62 33 si
943 1825 124 33 potentia
1036 1825 52 33 a
1056 1825 145 33 sanitatem,
1170 1825 52 33 &
1180 1825 83 33 aegri
