1475 2066
214 165 129 45 tudinem
308 165 105 45 esset
378 165 94 45 vna,
437 165 94 45 tunc
496 165 129 45 sanitas
589 165 59 45 &
601 165 129 45 aegritudo

213 205 112 37 esset
287 205 100 37 vnum
349 205 62 37 &
374 205 112 37 idem.
449 205 162 37 Soluitur.
573 205 149 37 loquitur
673 205 62 37 hic

215 237 140 36 potentia
320 237 174 36 subiectiua,
460 237 93 36 quia
518 237 105 36 eadem
587 237 81 36 est
622 237 105 36 materia

214 268 197 35 contrariorum.
377 268 93 35 sed.
435 268 70 35 i.
469 268 93 35 pny.
527 268 139 35 loquitur
632 268 70 35 de
655 268 81 35 poten

212 294 79 36 tia
257 294 147 36 obiectiua
370 294 91 36 idem
427 294 102 36 autem
495 294 79 36 est
540 294 79 36 ens
586 294 68 36 in
608 294 125 36 potentiae

210 326 151 30 obiectiua
327 326 70 30 ad
361 326 116 30 actum,
443 326 58 30 &
466 326 81 30 ens
512 326 70 30 in
547 326 105 30 actu.
617 326 93 30 Vnde
663 326 70 30 Con-

209 354 109 36 dicit.
285 354 76 36 8i.
329 354 98 36 meta.
394 354 87 36 com.
448 354 76 36 is.
492 354 98 36 agens
557 354 141 36 extrahens
655 354 76 36 aligo

212 387 74 31 de
249 387 148 31 potentia
360 387 74 31 ad
397 387 111 31 actum
471 387 86 31 non
520 387 148 31 largitur
619 387 111 31 multitu

213 417 114 33 dinem.
292 417 79 33 sed
338 417 193 33 perfectionem,
497 417 57 33 &
519 417 79 33 ii.
565 417 91 33 meta
621 417 114 33 con¬.i
690 417 45 33 8.

207 448 115 34 inxta
284 448 153 34 diindium
399 448 115 34 agens
476 448 153 34 naturale
590 448 89 34 non
629 448 102 34 cogre-

209 483 73 35 gat
250 483 94 35 inter
313 483 125 35 diuersa.
407 483 84 35 Nota
459 483 94 35 tamen
522 483 84 35 hic,
574 483 84 35 quod
616 483 115 35 potentiae

210 516 102 30 ista
274 516 191 30 subiectiua,
427 516 64 30 &
453 516 166 30 obiectiua
580 516 89 30 vna
631 516 64 30 &
644 516 89 30 eadem

219 539 76 31 est
263 539 142 31 realiter,
372 539 98 31 ficut
437 539 87 31 mihi
492 539 120 31 videtur
579 539 76 31 pro
623 539 98 31 nunc:
677 539 55 31 seo

208 572 167 31 fortiuntur
339 572 107 31 tales
411 572 155 31 potentiae
530 572 167 31 distinctas
649 572 83 31 deno-

211 601 170 33 minationes
345 601 73 33 in
381 601 122 33 ordine
466 601 73 33 ad
503 601 146 33 diuersa,
612 601 110 33 sicut
673 601 61 33 est

217 631 70 35 de
252 631 140 35 actione,
357 631 58 35 &
381 631 152 35 passione.
498 631 93 35 vnde
556 631 163 35 pluralitas
673 631 58 35 en-

217 663 97 30 tium
277 663 85 30 est
326 663 145 30 euitanda
435 663 157 30 inquantum
556 663 85 30 est
592 663 145 30 possibile.

211 694 101 29 Dico,
278 694 90 29 quod
334 694 79 29 vna
379 694 56 29 &
402 694 101 29 eadem
469 694 112 29 forma,
548 694 67 29 vt
582 694 79 29 est
627 694 67 29 in
649 694 79 29 poten

207 725 81 39 tia
254 725 150 39 materiae,
369 725 162 39 appellatur
496 725 69 39 vt
531 725 81 39 sic
577 725 92 39 esse
635 725 69 39 in
658 725 81 39 poten

208 754 82 32 tia
255 754 176 32 subiectiua:
396 754 82 32 sed
442 754 105 32 eadem
513 754 105 32 forma
583 754 70 32 vt
618 754 82 32 est
665 754 70 32 in
688 754 47 32 po

210 783 115 44 tentia
290 783 115 44 actiua
370 783 138 44 agentis,
474 783 126 44 dicitur
565 783 92 44 esse
623 783 69 44 in
646 783 80 44 poten

219 815 72 35 tia
260 815 145 35 obiectiua,
374 815 62 35 in
405 815 103 35 ordine
477 815 124 35 scilicet
570 815 62 35 ad
601 815 103 35 actum.
663 815 72 35 vnde,

215 844 69 37 cum
254 844 118 37 secundum
343 844 108 37 Auerro.
421 844 69 37 ix.
460 844 88 37 meta.
519 844 78 37 con.
568 844 49 37 i
588 844 49 37 n
608 844 88 37 omnes
657 844 78 37 formae

215 875 95 41 sint
275 875 71 41 in
310 875 143 41 potentia
417 875 71 41 in
453 875 107 41 prima
524 875 143 41 materia,
631 875 59 41 &
655 875 95 41 sint
702 875 36 41 i

213 909 96 29 actu
273 909 72 29 in
309 909 108 29 primo
381 909 132 29 motore,
477 909 108 29 tales
549 909 96 29 sunt
609 909 72 29 in
633 909 96 29 poten-

216 939 80 31 tia
261 939 171 31 subiectiua,
398 939 57 31 &
420 939 125 31 passiua
511 939 148 31 materiae.
625 939 80 31 cum
659 939 80 31 autem

211 973 147 36 potentia
321 973 134 36 passiua
418 973 86 36 sit
467 973 171 36 principium
589 973 147 36 trasmutan-

211 1005 77 30 di
250 1005 77 30 ab
288 1005 128 30 altero
378 1005 166 30 inquantum
506 1005 154 30 alterum,
608 1005 128 30 videtur,

215 1030 86 36 mihi
269 1030 86 36 quod
323 1030 76 36 sit
366 1030 86 36 vnus
420 1030 140 36 respectus
528 1030 119 36 realis,
614 1030 76 36 qui
647 1030 86 36 respi-

215 1062 83 31 cit
262 1062 83 31 tam
310 1062 165 31 subiectum,
439 1062 83 31 qui
486 1062 130 31 formam,
581 1062 71 31 vt
616 1062 71 31 in
640 1062 83 31 subie

216 1090 81 32 cto
263 1090 150 32 inducitur
378 1090 69 32 ab
413 1090 127 32 agente:
505 1090 81 32 sed
551 1090 138 32 diuersas
643 1090 81 32 forti

211 1124 88 30 tur
262 1124 239 30 denominationes,
463 1124 75 30 vt
501 1124 75 30 ad
538 1124 138 30 diuersa
639 1124 113 30 extre

213 1151 76 31 ma
251 1151 191 31 comparatur:
404 1151 114 31 sicut
480 1151 114 31 eadem
556 1151 89 31 est
594 1151 140 31 distantia

214 1181 109 37 inter
286 1181 145 37 superius
395 1181 60 37 &
419 1181 157 37 inferius,
540 1181 109 37 inter
612 1181 121 37 Thebas
697 1181 60 37 &

218 1212 131 33 Athenas,
316 1212 77 33 non
360 1212 98 33 tamen
426 1212 77 33 est
470 1212 87 33 idem
524 1212 131 33 distare.
623 1212 55 33 &
645 1212 77 33 ira
677 1212 55 33 ego

209 1244 120 33 caueo
289 1244 134 33 ponere
382 1244 174 33 potentiam
516 1244 187 33 obiectiuam
650 1244 80 33 real

211 1276 79 30 ter
256 1276 147 30 distingui
369 1276 56 30 a
391 1276 158 30 subiectiua
516 1276 68 30 in
549 1276 79 30 via
595 1276 102 30 Auer.
662 1276 56 30 &
674 1276 56 30 li-

215 1304 79 34 cet
260 1304 101 34 multi
327 1304 124 34 teneant
417 1304 90 34 hoc,
473 1304 101 34 tamen
541 1304 101 34 niihi
608 1304 124 34 videtur
687 1304 45 34 in

214 1340 75 32 via
257 1340 96 32 eius,
321 1340 53 32 &
342 1340 96 32 forte
406 1340 96 32 etiam
470 1340 64 32 in
502 1340 75 32 via
545 1340 107 32 Arist.
620 1340 96 32 illam
684 1340 75 32 non

211 1367 146 35 distingui
323 1367 67 35 re
357 1367 56 35 a
379 1367 168 35 subiectiua:
514 1367 90 35 quia
570 1367 79 35 est
603 1367 135 35 principium

211 1401 91 33 per
263 1401 78 33 se
302 1401 131 33 notum,
394 1401 65 33 &
420 1401 78 33 ab
459 1401 144 33 omnibus
550 1401 183 33 Peripatheti-

217 1433 78 33 cis
261 1433 156 33 concessum,
384 1433 89 33 quod
440 1433 134 33 quicquid
540 1433 78 33 est
584 1433 145 33 possibile
684 1433 45 33 re

214 1460 110 33 spectu
291 1460 132 33 agentis,
390 1460 77 33 est
434 1460 143 33 possibile
543 1460 132 33 respectu
631 1460 99 33 patiern

215 1493 90 36 tis,
271 1493 57 36 &
294 1493 136 36 quicquid
396 1493 79 36 est
441 1493 147 36 possibile
554 1493 136 36 respectu
645 1493 90 36 patien

216 1518 92 37 tis,
273 1518 103 37 etiam
342 1518 103 37 illud
410 1518 149 37 possibile
525 1518 80 37 est
571 1518 137 37 respectu
662 1518 69 37 agen

213 1556 100 27 tis.
275 1556 62 27 &
300 1556 87 27 hoc
349 1556 149 27 loquendo
461 1556 75 27 de
499 1556 100 27 vera
561 1556 162 27 potentia.
673 1556 62 27 nam

212 1578 124 40 aliter
298 1578 136 40 aliquid
397 1578 111 40 esset
471 1578 136 40 ociosum
570 1578 74 40 in
607 1578 136 40 natura,
694 1578 37 40 &

212 1610 221 34 fiustratorium,
396 1610 123 34 contra
482 1610 197 34 Philosophum.
642 1610 74 34 i.
667 1610 61 34 coe

211 1641 85 33 li.
260 1641 73 33 2.
296 1641 73 33 Et
333 1641 98 33 ideo
394 1641 110 33 recte
467 1641 134 33 diximus
564 1641 85 33 nos
601 1641 134 33 euitantes

219 1671 98 40 plui
280 1671 146 40 alitatem
390 1671 134 40 entium,
487 1671 110 40 iuxta
548 1671 183 40 consuetudinem

211 1709 149 34 principis
325 1709 126 34 nostrae
417 1709 149 34 nmilitiae
532 1709 126 34 Aristo.
612 1709 115 34 inquantu

218 1734 73 36 est
259 1734 147 36 possibile,
375 1734 84 36 quod
427 1734 136 36 respectus
532 1734 84 36 ille
584 1734 63 36 ad
605 1734 126 36 subiectum,

216 1760 64 46 &
242 1760 77 46 ad
280 1760 128 46 formam
370 1760 77 46 vt
408 1760 90 46 est
460 1760 77 46 ab
498 1760 128 46 agente
588 1760 103 46 vnus
652 1760 64 46 &
665 1760 64 46 ide

218 1797 81 31 est
264 1797 81 31 re,
310 1797 81 31 sed
356 1797 127 31 ratione
448 1797 196 31 distinguitur.
609 1797 81 31 Sed
643 1797 92 31 Theolo

211 1828 76 37 gi
249 1828 140 37 nostri,
351 1828 89 37 qui
402 1828 127 37 habent
491 1828 165 37 principia
606 1828 127 37 opposita

214 1860 168 39 principis
344 1860 233 39 Philosophorum,
538 1860 129 39 tenent
615 1860 117 39 aliquid

758 171 84 42 esse
811 171 137 42 possibile
917 171 127 42 respectu
1011 171 127 42 agentis,
1106 171 84 42 quod
1159 171 74 42 non
1201 171 95 42 fuit,

757 200 150 38 possibile
873 200 138 38 respectu
976 200 115 38 passi.
1057 200 92 38 ideo
1114 200 115 38 habent
1195 200 69 38 de
1218 200 46 38 ne

749 237 145 37 cessitate
860 237 111 37 ponere
938 237 111 37 instos
1016 237 145 37 respectus
1127 237 134 37 realiter
1216 237 56 37 di-

747 260 154 38 stingui.
862 260 102 38 Vnde
926 260 128 38 mundus
1016 260 102 38 ante
1080 260 90 38 fui
1118 260 154 38 creationem

757 300 80 30 erat
807 300 60 30 in
837 300 120 30 potentia
926 300 100 30 actiua
996 300 110 30 agentis
1076 300 120 30 scilicet
1165 300 80 30 Dei,
1205 300 60 30 crea

758 324 113 34 toris,
837 324 79 34 non
882 324 91 34 erat
939 324 102 34 autem
1007 324 68 34 in
1041 324 136 34 potentia
1132 324 136 34 subiectiua

756 357 135 40 alicuius
857 357 112 40 passi,
936 357 79 40 cum
981 357 67 40 ex
1014 357 112 40 nihilo
1093 357 112 40 creata
1172 357 90 40 sit.
1217 357 56 40 Si-

757 389 130 32 militer
852 389 119 32 angeli
935 389 95 32 ante
994 389 83 32 sui
1042 389 166 32 creationem
1172 389 107 32 erant
1232 389 47 32 in

753 419 137 40 potentia
855 419 114 40 actiua
935 419 91 40 Dei:
992 419 80 40 non
1037 419 102 40 autem
1105 419 102 40 etant
1174 419 68 40 in
1196 419 80 40 poten

753 454 80 29 tia
798 454 125 29 passiua
889 454 148 29 alicuius,
1003 454 80 29 cum
1049 454 68 29 ex
1083 454 114 29 nihilo
1163 454 91 29 sint
1209 454 68 29 crea

751 481 92 33 ti.
803 481 105 33 immo
869 481 144 33 materia
974 481 118 33 prima
1052 481 105 33 fuit
1118 481 79 33 in
1144 481 131 33 potentia

754 510 96 36 ante
814 510 84 36 sui
862 510 168 36 ercationem
994 510 120 36 actiua
1078 510 96 36 Dei:
1138 510 72 36 in
1162 510 108 36 nullius

754 539 107 39 tamen
825 539 143 39 potentia
932 539 166 39 subiectiua
1063 539 107 39 fuit.
1134 539 95 39 quia
1182 539 95 39 primum

747 580 164 30 potentiale
876 580 70 30 in
911 580 129 30 nullius
1005 580 82 30 est
1052 580 141 30 potentia
1146 580 129 30 subiecti-

750 604 87 30 ua:
799 604 125 30 aliter
887 604 112 30 esset
962 604 137 30 prinium
1062 604 62 30 &
1087 604 87 30 non
1137 604 137 30 primum.
1237 604 62 30 &

750 633 98 33 ideo
811 633 160 33 Theologus
934 633 172 33 discrepans
1070 633 62 33 a
1094 633 185 33 Philosophis
1230 633 49 33 in

748 669 173 34 principiis
884 669 112 34 habet
958 669 112 34 etiam
1033 669 173 34 difcordare
1169 669 74 34 in
1194 669 74 34 con-

751 701 197 29 clusionibus,
910 701 86 29 sed
960 701 111 29 velle
1033 701 123 29 tenere
1107 701 172 29 conclusionem

749 730 154 36 physitam
865 730 90 36 per
916 730 167 36 principia
1044 730 180 36 Theologica
1172 730 103 36 distin

757 757 77 29 cta
801 757 55 29 a
823 757 143 29 Physicis,
933 757 77 29 vel
977 757 132 29 etontra,
1077 757 143 29 ridicuium
1187 757 88 29 est.
1231 757 44 29 Et

754 785 94 33 ideo
813 785 199 33 subtilissimus
977 785 129 33 Scotus,
1071 785 117 33 videns
1153 785 94 33 ista
1200 785 70 33 vera

757 820 98 30 esse
818 820 197 30 theologicae,
978 820 123 30 voluit
1064 820 123 30 ponere
1138 820 135 30 potentiam

754 851 182 27 obiectiuam
897 851 182 27 distinctam
1041 851 65 27 a
1067 851 182 27 subiectiua
1197 851 78 27 moto

755 876 67 32 vt
788 876 89 32 mihi
844 876 123 32 videtur
933 876 78 32 per
978 876 89 32 ista
1034 876 167 32 fundamenta.
1168 876 67 32 de
1190 876 78 32 Arist

751 905 80 33 in
791 905 94 33 hoc
844 905 134 33 tantum
938 905 161 33 curabat,
1059 905 174 33 inquantum
1179 905 94 33 autho

753 937 121 31 ritates
841 937 88 31 eius
896 937 121 31 glosare
984 937 121 31 posset,
1071 937 66 31 ne
1104 937 132 31 veritati
1192 937 77 31 theo-

749 966 130 43 logicae
844 966 165 43 obuiarent.
974 966 95 43 Quod
1033 966 106 43 autem
1104 966 83 43 hoc
1151 966 83 43 non
1186 966 95 43 possit

751 998 98 36 ipse
812 998 123 36 tenere
898 998 74 36 in
935 998 185 36 fundamentis
1083 998 172 36 Philosophi
1206 998 74 36 mihi

750 1036 134 30 videtur
848 1036 86 30 hoc
896 1036 110 30 posse
970 1036 171 30 rationibus
1104 1036 147 30 conuinci
1202 1036 73 30 sic.

760 1057 74 33 Nam
803 1057 128 33 secundum
899 1057 64 33 te
930 1057 106 33 Arist.
1005 1057 85 33 ideo
1058 1057 96 33 ponit
1122 1057 138 33 potentiam
1217 1057 64 33 obie

754 1092 139 30 ctiuam,
856 1092 101 30 quia
919 1092 139 30 diuisio
1020 1092 101 30 bona
1083 1092 114 30 debet
1147 1092 127 30 euacuare

756 1123 101 32 totam
823 1123 124 32 naturam
913 1123 124 32 diuisi:
1004 1123 90 32 sed.
1060 1123 68 32 si
1094 1123 113 32 Arist.
1161 1123 113 32 diuidens

753 1155 88 31 ens
804 1155 88 31 per
854 1155 177 31 potentiam,
993 1155 63 31 &
1019 1155 114 31 actum
1082 1155 189 31 intellexisset

755 1180 184 40 potentiam
897 1180 213 40 subiectiuam
1067 1180 156 40 tantum,
1180 1180 71 40 &
1208 1180 99 40 non

756 1214 173 36 obiectiuam,
894 1214 92 36 tunc
951 1214 81 36 sub
997 1214 92 36 tali
1055 1214 150 36 diuisione
1170 1214 81 36 non
1204 1214 69 36 con-

753 1250 210 33 prehenderetur
926 1250 99 33 omne
988 1250 99 33 ens,
1049 1250 111 33 sicut
1124 1250 111 33 patet
1198 1250 74 33 de
1223 1250 49 33 an

748 1276 124 38 gelis,
834 1276 74 38 de
871 1276 124 38 mundo,
958 1276 74 38 et
995 1276 136 38 materia
1094 1276 111 38 prima
1169 1276 99 38 ante
1218 1276 62 38 sui

753 1310 185 28 creationeni,
904 1310 93 28 quae
962 1310 104 28 erant
1032 1310 81 28 res
1078 1310 70 28 in
1113 1310 139 28 potentia
1217 1310 81 28 non

758 1337 166 33 subiectiua,
890 1337 77 33 nec
935 1337 99 33 erant
1001 1337 77 33 res
1045 1337 66 33 in
1078 1337 88 33 actu
1133 1337 133 33 formali,
1222 1337 55 33 vel

752 1369 190 33 existentiae:
907 1369 95 33 ergo
966 1369 131 33 oporter
1061 1369 119 33 dicere
1132 1369 143 33 potentiam,

757 1401 80 33 quae
807 1401 70 33 est
847 1401 151 33 differentia
968 1401 100 33 entis,
1038 1401 80 33 esse
1088 1401 131 33 potentiam
1179 1401 90 33 obiecti

754 1427 92 31 uam.
812 1427 139 31 Amplius.
916 1427 69 31 o.
951 1427 104 31 meta.
1020 1427 92 31 tex.
1078 1427 127 31 con.ii.
1170 1427 104 31 actus
1239 1427 58 31 &

752 1460 146 39 potentia
861 1460 97 39 sunt
922 1460 134 39 eiusdem
1020 1460 146 39 generis:
1129 1460 85 39 sed
1178 1460 85 39 hoc
1214 1460 61 39 non

756 1493 106 35 potest
831 1493 64 35 de
862 1493 127 35 potentia
958 1493 148 35 subiectiua
1074 1493 159 35 verificari,
1201 1493 85 35 quod
1243 1493 32 35 a

754 1525 170 29 substantia
887 1525 121 29 potest
972 1525 97 29 esse
1033 1525 145 29 potentia
1130 1525 145 29 subiectiua

753 1553 173 33 quantitatis,
894 1553 54 33 &
915 1553 108 33 patet,
991 1553 86 33 quod
1045 1553 86 33 ista
1099 1553 86 33 sunt
1142 1553 130 33 diuersorum

752 1580 146 40 generum.
861 1580 146 40 Trahitur
970 1580 109 40 illud
1043 1580 85 40 sic
1092 1580 85 40 per
1140 1580 134 40 Auerro.
1225 1580 49 40 8.

762 1610 102 50 meta.
830 1610 91 50 con.
887 1610 80 50 is.
932 1610 102 50 agens
1000 1610 148 50 extrahens
1114 1610 125 50 aliquid
1205 1610 68 50 de
1228 1610 45 50 po

755 1644 122 33 tentia
840 1644 73 33 ad
877 1644 110 33 actum
950 1644 85 33 non
998 1644 146 33 largitur
1096 1644 183 33 muititudinem,

756 1674 80 32 sed
801 1674 195 32 perfectionem.
962 1674 57 32 &
985 1674 80 32 hoc
1030 1674 103 32 idenm
1099 1674 115 32 habet.
1179 1674 69 32 ia
1202 1674 69 32 met.

753 1708 113 30 con.8.
832 1708 79 30 vbi
877 1708 101 30 habet
944 1708 90 30 quod
1001 1708 101 30 agens
1068 1708 90 30 apud
1125 1708 124 30 Aristo.
1215 1708 79 30 non

752 1740 163 30 congregat
878 1740 113 30 inter
953 1740 150 30 diuersa.
1065 1740 63 30 &
1090 1740 88 30 hoc
1140 1740 100 30 idem
1190 1740 88 30 habet

760 1766 60 37 s.
790 1766 80 37 phy.
840 1766 90 37 conm.
899 1766 60 37 8.
929 1766 80 37 quod
979 1766 120 37 potentia
1069 1766 50 37 &
1089 1766 90 37 actus
1149 1766 80 37 sunt
1188 1766 90 37 eiusdem

760 1797 137 41 generis.
863 1797 57 41 &
886 1797 103 41 patet
954 1797 103 41 istas
1023 1797 183 41 authoritates
1172 1797 80 41 non
1206 1797 69 41 pos-

754 1829 69 29 se
789 1829 127 29 saluari
882 1829 69 29 de
916 1829 139 29 potentia
1021 1829 174 29 subiectiua:
1159 1829 81 29 sed
1206 1829 69 29 de
1229 1829 46 29 ne

754 1858 156 33 cessitate
874 1858 96 33 sunt
934 1858 108 33 verae
1006 1858 72 33 de
1042 1858 144 33 potentia
1138 1858 132 33 obiectiua
