1475 2066
211 132 107 40 cibus
283 132 155 40 aeternis:
402 132 95 40 quia
461 132 107 40 talis
533 132 179 40 consequitur
664 132 71 40 mate

217 169 89 33 riam
272 169 122 33 inactu,
361 169 89 33 quae
416 169 77 33 est
460 169 89 33 ipse
516 169 111 33 orbis.
593 169 122 33 Materia
671 169 66 33 aute

222 197 211 34 intelligibilium
400 197 78 34 est
444 197 167 34 intellectus
577 197 167 34 possihilis.
700 197 33 34 &

224 228 95 30 ista
283 228 130 30 materia
378 228 154 30 reperitur
497 228 71 30 in
532 228 107 30 anima
592 228 142 30 intellecti

219 258 62 32 ua
250 258 93 32 vere,
312 258 73 32 cum
353 258 83 32 ipsa
405 258 73 32 sit
447 258 124 32 secundum
540 258 93 32 Coni.
592 258 145 32 conipositaes

217 290 169 32 intellectu
350 290 133 32 agente,
447 290 60 32 &
471 290 169 32 possibili,
604 290 133 32 tanquam
689 290 48 32 ex

220 318 197 36 duabspartibus
383 318 209 36 essentialibus,
557 318 81 36 per
603 318 116 36 quarum
672 318 70 36 alte

217 353 80 33 ram
262 353 103 33 creat
331 353 218 33 intelligibilia,
515 353 57 33 &
538 353 80 33 per
583 353 126 33 alteram
664 353 80 33 reci-

226 381 73 33 pit
267 381 73 33 ea.
309 381 73 33 sed
350 381 62 33 in
381 381 93 33 aliis
443 381 187 33 intelligentiis
599 381 73 33 non
640 381 73 33 est
671 381 73 33 intel

217 399 112 43 lectus
295 399 156 43 possibilis
418 399 100 43 vere,
485 399 78 43 cum
529 399 67 43 in
563 399 78 43 eis
607 399 78 43 non
652 399 89 43 fiat
696 399 45 43 in

217 441 148 33 tellectio
331 441 171 33 recipiendo,
467 441 103 33 sicut
536 441 80 33 sit
581 441 68 33 in
616 441 114 33 nobis.
684 441 57 33 Vn-

214 473 69 39 de
249 473 104 39 nulla
318 473 138 39 potentia
422 473 127 39 physica
514 473 69 39 in
548 473 104 39 aliis
606 473 138 39 intelligen

223 503 94 35 tiis,
285 503 115 35 excepta
369 503 94 35 anima
432 503 178 35 intellectiua,
579 503 84 35 vere
621 503 126 35 reperitur.

222 533 78 34 non
267 533 134 34 potentia
367 533 67 34 ad
401 533 101 34 esse,
468 533 90 34 quia
524 533 90 34 illa
580 533 157 34 insequitur
692 533 45 34 ma

217 562 129 32 teriam
307 562 141 32 primam.
410 562 90 32 non
461 562 154 32 potentia
577 562 77 32 ad
616 562 103 32 vbi,
667 562 77 32 quia

218 591 99 35 illa
279 591 173 35 insequitur
415 591 148 35 mareriam
527 591 74 35 in
564 591 111 35 actu,
638 591 99 35 quae
687 591 62 35 est

217 629 133 28 corpus
310 629 159 28 simplex,
429 629 93 28 non
482 629 186 28 compositum
628 629 80 28 ex
654 629 80 28 mate

216 661 90 29 ria
267 661 64 29 &
293 661 128 29 forma.
383 661 231 29 intelligentiae
575 661 115 29 autem
639 661 90 29 omnes

212 686 82 40 nec
259 686 94 40 sunt
318 686 129 40 corpus,
411 686 82 40 nec
458 686 94 40 sunt
517 686 140 40 virtutes
622 686 70 40 in
645 686 94 40 corpor

219 715 91 31 bus:
276 715 80 31 non
321 715 80 31 est
367 715 102 31 etiam
435 715 68 31 in
469 715 80 31 eis
514 715 137 31 potentia
617 715 68 31 ad
640 715 102 31 intelli

215 746 132 37 gibilia,
314 746 88 37 quia
369 746 66 37 in
402 746 77 37 eis
446 746 77 37 non
491 746 143 37 differunt
590 746 154 37 intelligens,

224 775 177 35 intellectum,
368 775 55 35 &
390 775 177 35 intellectio,
534 775 100 35 sicut
600 775 77 35 est
644 775 66 35 in
667 775 77 35 anima

221 807 116 39 nostra
303 807 70 39 in
337 807 116 39 ordine
418 807 70 39 ad
453 807 81 39 nos
500 807 185 39 consyderata,
650 807 70 39 vt
673 807 70 39 ipse

227 839 97 37 tenet:
295 839 87 37 nulla
353 839 97 37 igitur
420 839 68 37 est
459 839 116 37 secundum
546 839 87 37 Auer.
604 839 77 37 vera
642 839 97 37 potentia

226 868 63 31 in
258 868 127 31 aeternis
353 868 169 31 substantiis.
490 868 84 31 Alia
543 868 95 31 autem
606 868 127 31 potentia
691 868 42 31 lo

217 898 87 38 gica
271 898 87 38 est,
326 898 87 38 quae
380 898 98 38 nihil
445 898 98 38 reale
510 898 109 38 dicit,
586 898 76 38 sed
629 898 98 38 dicit
684 898 54 38 eni

223 931 141 31 rationis.
331 931 76 31 nam
375 931 130 31 potentia
472 931 108 31 logica
547 931 86 31 apud
601 931 65 31 me
634 931 76 31 nii
666 931 76 31 aliud

220 959 79 36 est
265 959 79 36 qua
310 959 79 36 ens
354 959 135 36 rationis
455 959 135 36 causatum
556 959 67 36 ab
590 959 157 36 intellectu
702 959 45 36 ex

213 996 97 30 non
269 996 208 30 repugnantia
435 996 208 30 terminorum,
587 996 152 30 inquantum

226 1023 77 36 non
270 1023 154 36 repugnant.
391 1023 77 36 Pro
435 1023 77 36 quo
479 1023 99 36 debes
545 1023 110 36 scire,
622 1023 88 36 quod
666 1023 77 36 solum

219 1051 88 38 vnum
274 1051 77 38 est
318 1051 77 38 ens
363 1051 166 38 simpliciter
495 1051 155 38 persectum,
617 1051 66 38 in
650 1051 77 38 quo
683 1051 55 38 est

216 1084 94 34 tota
275 1084 152 34 perfectio
392 1084 164 34 possibilis
521 1084 140 34 reperiri
626 1084 70 34 in
649 1084 94 34 habitu

220 1111 116 32 entis,
302 1111 58 32 &
325 1111 104 32 istud
394 1111 81 32 est
441 1111 104 32 solus
510 1111 104 32 Deus,
580 1111 104 32 sicut
638 1111 104 32 scribit

221 1144 83 34 Com.
272 1144 72 34 8i.
314 1144 93 34 meta.
376 1144 83 34 con.
427 1144 72 34 ai.
469 1144 52 34 &
489 1144 83 34 tale
541 1144 103 34 verius
613 1144 114 34 dicitur
685 1144 52 34 est

223 1173 105 30 sentia,
300 1173 76 30 quae
347 1173 76 30 ens,
395 1173 67 30 cum
433 1173 67 30 sit
471 1173 67 30 ens
509 1173 67 30 per
547 1173 133 30 essentiam.
652 1173 76 30 Alia
690 1173 48 30 ve-

217 1204 69 30 ro
252 1204 92 30 sunt
310 1204 104 30 entia
379 1204 81 30 per
425 1204 230 30 participationem,
620 1204 104 30 sicut
678 1204 69 30 seri

223 1233 70 34 bit
263 1233 80 34 Com.
313 1233 60 34 i.
343 1233 90 34 meta.
403 1233 80 34 con.
453 1233 60 34 a.
483 1233 60 34 &.
513 1233 60 34 i.
543 1233 90 34 meta.
603 1233 80 34 con.
653 1233 60 34 i.
673 1233 70 34 omnia

223 1268 102 30 autem
290 1268 102 30 entia
358 1268 102 30 citra
426 1268 113 30 primum
505 1268 147 30 deficiunt
618 1268 113 30 aliquo
686 1268 56 30 gra

226 1294 67 36 du
259 1294 179 36 perfectionis
405 1294 156 36 possibilis
528 1294 134 36 reperiri
628 1294 67 36 in
651 1294 89 36 habitu

227 1332 124 31 entis:
314 1332 99 31 quia
376 1332 112 31 omnia
450 1332 137 31 emanant
550 1332 62 31 a
574 1332 124 31 primo,
661 1332 75 31 eo
686 1332 50 31 mo

224 1355 90 41 do,
276 1355 90 41 quo
327 1355 103 41 apta
391 1355 103 41 sunt
456 1355 154 41 emanare.
572 1355 129 41 nullum
649 1355 90 41 autem

223 1388 91 32 ens
275 1388 117 32 aptum
353 1388 117 32 natum
431 1388 91 32 est
483 1388 143 32 emanare
587 1388 65 32 a
613 1388 130 32 prinro
691 1388 52 32 in

223 1417 132 38 aequali
319 1417 108 38 gradu
391 1417 192 38 perfectionis
548 1417 120 38 primi,
632 1417 84 38 cum
668 1417 72 38 pos-

220 1448 120 34 sibile
304 1448 84 34 sit
352 1448 96 34 dari
412 1448 84 34 duo
460 1448 108 34 prima
533 1448 108 34 aeque
605 1448 144 34 perfecta
701 1448 48 34 in

215 1478 134 43 genere
309 1478 148 43 entium,
416 1478 134 43 quorum
510 1478 108 43 vnum
578 1478 94 43 sit
631 1478 81 43 ab
658 1478 81 43 alio

221 1509 102 29 immo
285 1509 115 29 nullo
362 1509 115 29 modo,
438 1509 115 29 sicut
515 1509 153 29 ostendit
617 1509 128 29 Philoso-

215 1538 102 41 phus
279 1538 102 41 nim.
343 1538 115 41 meta.
419 1538 76 41 ad
457 1538 127 41 finem,
546 1538 64 41 &
572 1538 115 41 etiam
635 1538 102 41 pulchr

219 1568 124 37 deducit
309 1568 124 37 Scotus.
400 1568 68 37 i.
434 1568 113 37 senten
513 1568 113 37 distin
592 1568 57 37 2
615 1568 147 37 quaestio.

224 1600 73 42 Et
260 1600 110 42 ideo,
334 1600 98 42 quia
394 1600 134 42 secunda
492 1600 207 42 intelligentia
650 1600 98 42 emanat

220 1630 60 36 a
244 1630 108 36 prima
316 1630 72 36 in
352 1630 143 36 alietate
459 1630 143 36 naturae,
567 1630 60 36 &
591 1630 84 36 cum
626 1630 120 36 essentia

219 1661 63 33 li
250 1661 156 33 dependentia
375 1661 52 33 a
396 1661 104 33 prima,
469 1661 94 33 licet
531 1661 125 33 secundum
615 1661 125 33 Phiosophos

223 1692 86 30 ista
277 1692 183 30 intelligentia
428 1692 76 30 sit
471 1692 65 30 ab
504 1692 129 30 aeterno,
601 1692 108 30 habens
665 1692 76 30 omnem

216 1725 191 36 perfectionem
371 1725 167 36 possibilem
502 1725 107 36 sibi,
573 1725 155 36 inquantum
680 1725 60 36 ta-

223 1756 76 30 lis
267 1756 186 30 intelligentia
420 1756 76 30 est
463 1756 65 30 in
496 1756 87 30 tali
550 1756 98 30 rerum
616 1756 109 30 oedine
681 1756 55 30 con

217 1782 130 36 stituta:
314 1782 86 36 quia
369 1782 76 36 ibi
412 1782 76 36 non
455 1782 119 36 differt
541 1782 97 36 posse
606 1782 65 36 ab
639 1782 97 36 esse,
693 1782 43 36 si

223 1821 66 31 cut
260 1821 95 31 patet.
327 1821 57 31 i.
355 1821 76 31 phy.
403 1821 76 31 rte.
450 1821 76 31 com.
497 1821 47 31 i
516 1821 57 31 i.
545 1821 152 31 possibilitas
668 1821 76 31 enim
715 1821 57 31 in

758 132 72 39 eis
799 132 72 39 est
840 132 153 39 necessitas,
962 132 92 39 sicut
1024 132 102 39 patet.
1095 132 61 39 8.
1126 132 102 39 coeli.
1197 132 72 39 com
1228 132 51 39 ra-

759 166 90 32 vnde
815 166 90 32 Conm
872 166 79 32 ibi
917 166 113 32 dicit.
996 166 147 32 possibile
1109 166 68 32 in
1143 166 102 32 rebus
1200 166 79 32 aeret

752 196 83 37 nis
799 196 83 37 est
847 196 189 37 necessarium,
1000 196 83 37 cum
1048 196 106 37 nihil
1119 196 83 37 sit
1154 196 130 37 possibile

766 225 68 35 in
800 225 80 35 eis
845 225 103 35 vere,
914 225 137 35 notanter
1017 225 103 35 dixit
1085 225 103 35 vere:
1154 225 91 35 quia
1199 225 80 35 nulla

762 257 79 34 vera
812 257 119 34 potentia
900 257 59 34 in
930 257 69 34 eis
970 257 79 34 est,
1019 257 59 34 vt
1049 257 109 34 deduxi,
1128 257 89 34 tamen
1187 257 79 34 ista
1227 257 49 34 in-

764 291 182 32 telligentia,
912 291 159 32 inquantum,
1037 291 80 32 ens
1082 291 159 32 reperituir
1196 291 80 32 priua

762 324 73 31 ta
798 324 122 31 aliqua
884 324 195 31 perfectione:
1042 324 97 31 quia
1103 324 97 31 sibi
1151 324 134 31 inquantum

762 349 92 37 ens
814 349 92 37 non
867 349 158 37 repugnat
986 349 132 37 habere
1078 349 145 37 maiorem
1170 349 105 37 perfe-

755 377 155 34 ctionem,
871 377 103 34 quam
936 377 90 34 sit
988 377 116 34 illa,
1065 377 103 34 quam
1130 377 103 34 actu
1182 377 103 34 habet.

763 412 98 36 quia,
829 412 65 36 si
861 412 76 36 sic
905 412 87 36 sibi
960 412 164 36 repugnaret,
1091 412 131 36 cuilibet
1189 412 87 36 enti
1232 412 55 36 hoc

757 445 172 34 repugnaret,
894 445 92 34 quod
952 445 115 34 falsum
1032 445 92 34 est,
1090 445 115 34 sicut,
1170 445 69 34 si
1193 445 92 34 talpae

761 471 147 33 repugnat
871 471 73 33 et
908 471 110 33 visio
981 471 159 33 inquantum
1103 471 135 33 animal,
1189 471 98 33 cuili-

760 499 90 39 bet
811 499 141 39 animali
914 499 115 39 visio
991 499 192 39 repugnaret.
1144 499 102 39 Ista
1195 499 90 39 autem

765 535 144 35 potentia
873 535 84 35 non
921 535 84 35 est
969 535 96 35 vera
1029 535 156 35 potentia,
1149 535 96 35 quia
1197 535 84 35 nihil

763 564 97 30 reale
828 564 108 30 dicit,
903 564 75 30 sed
946 564 97 30 solum
1011 564 75 30 est
1054 564 75 30 ens
1097 564 140 30 rationis,
1194 564 86 30 fictum

760 592 79 34 ab
799 592 185 34 intellectu
945 592 79 34 ex
985 592 93 34 non
1038 592 198 34 repugnantia
1183 592 106 34 talium

761 622 193 36 terminorum,
915 622 116 36 sicut
992 622 154 36 diximus.
1108 622 64 36 &
1134 622 77 36 de
1172 622 103 36 ista
1224 622 51 36 po

762 657 132 33 tentia
854 657 185 33 loquebatur
1000 657 132 33 Commen
1092 657 132 33 tertio
1185 657 79 33 de
1211 657 66 33 ani

760 684 95 32 ma.
815 684 136 32 commen
910 684 68 32 8
937 684 82 32 in
978 684 109 32 loco
1046 684 177 32 allegaro,
1169 684 109 32 quando

760 717 116 29 dixit
837 717 77 29 in
876 717 103 29 omni
940 717 218 29 intelligentia
1120 717 116 29 citra
1184 717 103 29 primam

758 744 143 41 reperiti
866 744 167 41 potentiam.
997 744 72 41 Et
1033 744 84 41 ego
1081 744 108 41 addo,
1153 744 96 41 quod
1200 744 84 41 etiam

762 774 74 36 in
799 774 99 36 omni
861 774 99 36 ente
923 774 149 36 absoluss
1034 774 112 36 citra
1109 774 124 36 primum
1195 774 87 36 est
1232 774 50 36 po

766 807 127 35 tentia.
859 807 58 35 &
882 807 92 35 ideo
939 807 115 35 opinio
1020 807 92 35 Illa
1078 807 138 35 Subtilis
1170 807 115 35 doctoris

763 837 69 36 in
798 837 115 36 octaua
879 837 150 36 distinct,
994 837 115 36 primi,
1075 837 162 36 quaestione
1191 837 92 36 prima,

764 867 94 31 vbi
817 867 121 31 tenet
898 867 174 31 quamlibet
1032 867 174 31 creaturam
1153 867 134 31 composi-

761 901 90 29 tam
812 901 102 29 esse
876 901 77 29 ex
915 901 115 29 actu,
992 901 64 29 &
1017 901 166 29 potentia,
1145 901 141 29 tanquam
1235 901 51 29 ex

757 928 165 39 priuatiuo,
887 928 59 39 &
910 928 153 39 positiuo:
1028 928 82 39 est
1075 928 118 39 opinio
1146 928 141 39 verissima,

765 959 56 35 &
787 959 68 35 de
821 959 158 35 intentione
945 959 102 35 Auer.
1013 959 90 35 sine
1070 959 113 35 dubio.
1149 959 79 35 sic
1182 959 102 35 igitur,

761 989 68 37 de
795 989 136 37 potentia
896 989 136 37 praefata
998 989 158 37 distinctio
1111 989 170 37 controuersiqu

758 1018 120 32 nodum
825 1018 120 32 soluit,

788 1045 148 45 Vndecima
899 1045 161 45 contradi.
1022 1045 87 45 est
1072 1045 74 45 in
1109 1045 87 45 tex
1158 1045 74 45 &.
1183 1045 99 45 Arist.

757 1078 65 37 &
783 1078 130 37 Commen
874 1078 78 37 in
913 1078 234 37 intelligentiis
1109 1078 130 37 ponunt
1187 1078 91 37 intel

759 1111 152 35 lectum,
870 1111 69 35 &
898 1111 208 35 voluntatem.
1064 1111 111 35 Vnde
1133 1111 125 35 primo
1202 1111 83 35 moue

762 1145 91 33 tur
814 1145 78 33 ad
853 1145 130 33 amatum
944 1145 78 33 in
983 1145 143 33 ratione
1086 1145 130 33 finis,
1177 1145 65 33 &
1190 1145 91 33 bonis

760 1174 95 36 quod
819 1174 83 36 est
867 1174 142 36 obiectum
974 1174 178 36 voluntatis.
1116 1174 83 36 Sed
1163 1174 107 36 huius
1223 1174 59 36 ope

760 1202 136 38 positum
859 1202 136 38 legimus
958 1202 74 38 in
995 1202 112 38 prima
1069 1202 149 38 disputa.
1181 1202 74 38 in
1206 1202 74 38 libs

760 1236 163 30 destructio
888 1236 198 30 destructionum
1051 1236 70 30 in
1086 1236 140 30 solutio,
1191 1236 58 30 i
1214 1236 70 30 t.
1237 1236 47 30 du

759 1263 92 35 bii.
816 1263 80 35 vbi
862 1263 103 35 dicit
930 1263 92 35 quod
987 1263 160 35 Philosophi
1113 1263 149 35 concedunt
1216 1263 69 35 hoc,

760 1294 110 37 quod,
833 1294 73 37 si
870 1294 147 37 antiquum
980 1294 135 37 haberet
1078 1294 184 37 voluntatem,
1213 1294 73 37 bene

762 1324 114 42 nouum
838 1324 76 42 ao
876 1324 139 42 antiquo
977 1324 190 42 proueniret.
1129 1324 89 42 vbi
1167 1324 114 42 videtur

765 1357 125 39 negare
852 1357 174 39 voluntatem
989 1357 75 39 in
1026 1357 137 39 entibus
1126 1357 162 39 antiquis,
1251 1357 62 39 &

764 1387 135 38 aeternis.
867 1387 83 38 Nisi
919 1387 104 38 esset,
992 1387 83 38 quod
1044 1387 124 38 voluntas
1137 1387 145 38 dupliciter
1241 1387 41 38 su

763 1415 128 35 mitur.
853 1415 90 35 vno
904 1415 102 35 modo
968 1415 77 35 vt
1006 1415 90 35 est
1058 1415 102 35 idem
1122 1415 102 35 quod
1173 1415 128 35 intelle-

762 1452 108 30 ctus,
834 1452 96 30 sola
894 1452 108 30 tamen
965 1452 131 30 ratione
1061 1452 167 30 distincta.
1192 1452 84 30 nam
1228 1452 48 30 ea

766 1475 78 31 dem
810 1475 111 31 virtus
888 1475 156 31 abstracta,
1011 1475 67 31 vt
1044 1475 122 31 cognosc
1133 1475 89 31 ens,
1178 1475 111 31 dicitur,

764 1507 188 32 intellectus:
917 1507 70 32 vt
952 1507 164 32 desyderans
1081 1507 59 32 &
1105 1507 117 32 amans,
1175 1507 106 32 dicitur

764 1538 154 32 voluntas.
882 1538 59 32 &
906 1538 95 32 ista
965 1538 83 32 est
1012 1538 95 32 mens
1071 1538 106 32 Auer.
1142 1538 59 32 &
1154 1538 130 32 Aristote.

758 1572 66 31 vt
791 1572 77 31 ego
835 1572 88 31 puto
890 1572 77 31 in.
935 1572 66 31 i.
968 1572 66 31 de
1001 1572 110 31 anima,
1078 1572 77 31 vbi
1122 1572 77 31 non
1167 1572 99 31 fecit
1222 1572 66 31 tra-

766 1599 127 35 ctatum
855 1599 164 35 specialem
981 1599 76 35 de
1019 1599 164 35 voluntate
1133 1599 152 35 distinctum

764 1629 69 33 ab
798 1629 92 33 illo
856 1629 69 33 de
890 1629 173 33 intellectu.
1028 1629 58 33 &
1051 1629 81 33 hoc
1097 1629 138 33 elicitur
1201 1629 69 33 ex
1224 1629 58 33 men

762 1661 69 32 te
797 1661 104 32 Auer.
866 1661 69 32 i.
901 1661 69 32 de
936 1661 115 32 anima.
1016 1661 127 32 conmen.
1109 1661 58 32 8
1132 1661 69 32 o.
1167 1661 92 32 Alio
1213 1661 69 32 modo

757 1692 141 39 sumitur
860 1692 90 39 pro
911 1692 167 39 desyderio
1040 1692 129 39 duorum
1117 1692 167 39 oppositorum

768 1724 134 31 equalit
865 1724 85 31 er.
914 1724 97 31 vnde
974 1724 85 31 sic
1023 1724 134 31 sumpsit
1120 1724 97 31 Con.
1169 1724 109 31 volunta

757 1756 84 31 tem
805 1756 72 31 in
841 1756 108 31 prima
914 1756 193 31 disputatione
1070 1756 120 31 inlib.
1142 1756 145 31 destructio

760 1781 212 36 destruetionum
934 1781 75 36 in
971 1781 199 36 disputatione
1133 1781 112 36 prima
1208 1781 75 36 in
1233 1781 50 36 so

762 1815 131 35 lutione
858 1815 131 35 secundi
953 1815 119 35 dubii.
1036 1815 60 35 &
1060 1815 143 35 voluntas
1168 1815 95 35 isto
1215 1815 72 35 modo
