1475 2066
216 133 111 41 sllud
289 133 98 41 quod
351 133 86 41 est
400 133 123 41 omnia.
486 133 98 41 quia
548 133 172 41 cognoscit:
671 133 61 41 eni

215 172 78 36 per
259 172 156 36 essentiam:
382 172 78 36 ens
427 172 100 36 autem
494 172 78 36 per
538 172 145 36 essentiam
639 172 100 36 species

212 199 83 40 est
260 199 178 40 participata
402 199 71 40 ab
437 199 130 40 entibus
532 199 83 40 per
568 199 166 40 participatio

219 231 72 40 nem
260 231 113 40 dictis.
342 231 92 40 Istud
403 231 92 40 autem
465 231 143 40 verificari
577 231 102 40 potest
649 231 72 40 per
680 231 51 40 d.i

217 261 87 33 ctum
272 261 98 33 Auer.
337 261 66 33 A.
370 261 87 33 phy.
425 261 197 33 auscultationis
589 261 87 33 com.
644 261 87 33 ros.
687 261 44 33 vb

214 293 115 38 habet.
294 293 69 38 si
328 293 115 38 illud,
408 293 92 38 quod
466 293 80 38 est
512 293 126 38 calidum
592 293 149 38 simpliciter

220 324 79 38 est
265 324 90 38 igns
321 324 180 38 simpliciter,
468 324 113 38 illud,
546 324 90 38 quod
603 324 79 38 est
637 324 101 38 aliquod

219 352 132 33 calidum,
318 352 77 33 est
362 352 121 33 aliquis
450 352 110 33 ignis.
528 352 77 33 vbi
572 352 99 33 patet
627 352 99 33 manife-

214 385 70 34 ste
254 385 120 34 secundum
344 385 100 34 ipsum,
414 385 80 34 ens,
464 385 170 34 participatiue
605 385 110 34 dictum,
675 385 60 34 esse

218 416 103 32 quasi
286 416 205 32 suppositumenus
457 416 80 32 per
503 416 160 32 essentiam.
628 416 68 32 Et
651 416 80 32 iuxta

217 445 89 37 hoc
268 445 166 37 consimili
396 445 102 37 modo
460 445 153 37 possumus
575 445 153 37 arguere,
677 445 64 37 si-

218 478 84 29 ens
266 478 179 29 simpliciter
409 478 155 29 perfectum
529 478 84 29 est
577 478 96 29 Deus
624 478 108 29 simplio

216 508 88 39 ter,
271 508 55 39 &
293 508 77 39 est
337 508 131 39 essentia
435 508 175 39 simpliciter:
578 508 88 39 ergo
632 508 77 39 ens
665 508 66 39 ali-

222 537 135 36 qualiter
323 537 146 36 perfectum
435 537 79 36 est
480 537 124 36 aliquis
570 537 101 36 Deus,
637 537 79 36 vel
671 537 56 36 ali

216 568 93 34 quid
275 568 140 34 deitatis
380 568 128 34 habens.
473 568 58 34 &
497 568 82 34 est
543 568 128 34 aliquod
637 568 93 34 ens,
683 568 47 34 ve

218 598 117 36 aliquid
304 598 139 36 entitaris
411 598 117 36 habens.
496 598 75 36 sic
539 598 107 36 igitur
614 598 85 36 Deum
656 598 75 36 omnia

217 629 156 30 cognoscere
339 629 134 30 secundum
440 629 122 30 speciem
529 629 156 30 intellexit
640 629 89 30 Commen

219 658 119 36 sicque
302 658 95 36 Deum
361 658 154 36 solicitum
480 658 95 36 esse
539 658 71 36 ad
575 658 119 36 extra,
646 658 83 36 intel

217 689 165 33 ligendum
341 689 110 33 Deum
409 689 96 33 pro
464 689 137 33 quanto
561 689 82 33 ad
602 689 137 33 gradum
684 689 55 33 en

222 724 137 29 titatis
321 724 75 29 in
359 724 150 29 quolibet
471 724 162 29 concurrit
596 724 137 29 tanquam
683 724 50 29 ad

217 750 153 39 effectum
332 750 140 39 primum,
434 750 64 39 &
459 750 267 39 vniuersalissimum:
675 750 64 39 qui

217 780 230 31 vniuersalissimae
412 780 57 31 &
435 780 115 31 primae
515 780 115 31 causae
595 780 138 31 atrtibui
687 780 46 31 de

222 808 82 34 bet,
273 808 72 34 iux
314 808 62 34 ta
345 808 92 34 illud
407 808 144 34 Philosophi
519 808 62 34 in
550 808 62 34 a.
581 808 82 34 phy.
632 808 82 34 tex.
673 808 62 34 con-

217 843 60 34 i
241 843 71 34 8.
277 843 143 34 Effectum
384 843 190 34 vniuersalium
539 843 119 34 causae
622 843 95 34 sunt
669 843 60 34 vni

222 870 102 36 uersa
290 870 91 36 les.
346 870 68 36 Et
380 870 91 36 ideo
437 870 102 36 recte
505 870 102 36 dixit
573 870 113 36 Author
652 870 68 36 de
674 870 57 36 cau

221 900 86 36 sis
270 900 196 36 propositione
429 900 134 36 quarta,
526 900 86 36 dum
575 900 110 36 dixit
636 900 98 36 primam

219 931 113 38 rerum
295 931 164 38 creatarum
421 931 101 38 esse
484 931 113 38 ipsum
560 931 113 38 esse,
635 931 63 38 &
648 931 88 38 nihil

221 961 93 33 ante
280 961 105 33 ipsum
349 961 140 33 causarum
454 961 105 33 esse.
524 961 81 33 Sic
570 961 105 33 etiam
628 961 105 33 verifi-

219 996 125 30 eantur
307 996 113 30 dicta
382 996 213 30 Philosophorum
558 996 163 30 dicentium
670 996 63 30 res

218 1024 107 33 mundi
289 1024 107 33 huius
361 1024 95 33 esse
420 1024 71 33 in
456 1024 166 33 intentione
586 1024 131 33 naturae
670 1024 59 33 sub

219 1050 129 40 ratione
313 1050 141 40 speciei,
419 1050 82 40 non
466 1050 82 40 sub
513 1050 129 40 ratione
596 1050 141 40 indiuidui.

216 1082 93 32 nisi
275 1082 82 32 per
321 1082 152 32 accidens,
438 1082 82 32 pro
485 1082 117 32 quanto
567 1082 105 32 Deus,
637 1082 58 32 &
648 1082 82 32 intel

218 1113 154 33 ligentiae
337 1113 166 33 concurrunt
467 1113 83 33 per
514 1113 71 33 se
550 1113 71 33 ad
585 1113 118 33 gradus
656 1113 71 33 natu

223 1148 62 31 ra
254 1148 135 31 communis.
357 1148 62 31 Ad
388 1148 104 31 gradum
461 1148 93 31 autem
523 1148 145 31 materialem
626 1148 104 31 concurri

217 1174 91 36 agens
278 1174 142 36 materiale,
389 1174 51 36 &
409 1174 71 36 sic
450 1174 172 36 solicitudinem
591 1174 111 36 habent,
662 1174 71 36 circa

225 1203 93 44 ista,
286 1203 72 44 quo
328 1203 62 44 ad
358 1203 72 44 ea,
400 1203 82 44 quae
451 1203 82 44 sunt
502 1203 123 44 naturae,
595 1203 72 44 sed
636 1203 72 44 quo
677 1203 62 44 ad
698 1203 41 44 ea

224 1235 83 39 quae
275 1235 83 39 sunt
327 1235 145 39 indiuidui,
441 1235 124 39 materiae
533 1235 165 39 relinquuntur
657 1235 83 39 ponem,

220 1268 96 30 tibus
284 1268 85 30 enim
337 1268 96 30 nobis
401 1268 74 30 duo
444 1268 117 30 extrema
529 1268 159 30 latitudinis
645 1268 96 30 entium,

216 1301 90 33 prima
276 1301 120 33 materia.
367 1301 120 33 scilicet
457 1301 50 33 &
477 1301 90 33 primo
537 1301 100 33 motore
608 1301 50 33 .
628 1301 60 33 en
658 1301 60 33 i.
678 1301 50 33 met

216 1326 70 36 eo
251 1326 82 36 is.
298 1326 140 36 congruum
403 1326 82 36 est
450 1326 164 36 materiales
579 1326 129 36 formas,
661 1326 70 36 quae

215 1356 99 34 sunt
276 1356 74 34 in
313 1356 148 34 potentia
424 1356 74 34 in
461 1356 111 34 prima
535 1356 148 34 materia,
646 1356 62 34 &
658 1356 74 34 sunt

214 1387 73 31 in
250 1387 97 31 actu
311 1387 73 31 in
347 1387 109 31 primo
420 1387 121 31 motore
505 1387 73 31 in
542 1387 158 31 aliquibus
651 1387 85 31 dispo

217 1420 156 30 sitionibus
339 1420 100 30 talia
406 1420 133 30 attribui
506 1420 144 30 materiae,
617 1420 56 30 &
639 1420 67 30 in
661 1420 67 30 ali-

223 1448 122 34 quibus
308 1448 146 34 attribui
418 1448 110 34 primo
491 1448 134 34 motori,
589 1448 61 34 &
613 1448 110 34 aliis
674 1448 61 34 ab-

212 1483 149 32 stractis
323 1483 198 32 substantiis:
484 1483 99 32 quae
546 1483 87 32 cum
596 1483 112 32 primo
658 1483 74 32 con-

221 1511 119 36 currunt
308 1511 130 36 insimul,
406 1511 65 36 vt
438 1511 65 36 ex
471 1511 76 36 eis
514 1511 87 36 fiat
568 1511 87 36 vnus
623 1511 108 36 actus,
688 1511 43 36 ex

218 1548 63 30 a.
250 1548 84 30 cap.
303 1548 63 30 de
334 1548 148 30 substantia
450 1548 105 30 orbis,
524 1548 53 30 &
545 1548 74 30 ii.
587 1548 84 30 met.
640 1548 84 30 con.
682 1548 53 30 AA-

219 1570 62 32 &.
250 1570 62 32 i.
281 1570 104 32 coeli.
354 1570 114 32 con.ai.
437 1570 62 32 Ex
468 1570 93 32 istis
530 1570 73 32 iam
571 1570 93 32 patet
623 1570 104 32 intelle-

225 1603 127 31 ctionem
318 1603 81 31 Dei
364 1603 197 31 actualissimam
527 1603 104 31 esse.
596 1603 81 31 cum
642 1603 81 31 sit
677 1603 58 31 tam

226 1632 78 34 tum
270 1632 78 34 per
315 1632 78 34 sui
360 1632 156 34 essentiam,
483 1632 89 34 quae
538 1632 78 34 est
583 1632 89 34 ipsa
628 1632 100 34 actuali

220 1662 90 31 tas.
276 1662 101 31 Patet
343 1662 101 31 etiam
411 1662 135 31 qualiter
512 1662 79 31 non
557 1662 79 31 est
602 1662 79 31 ibi
636 1662 101 31 vniuer-

224 1692 104 38 sale,
294 1692 81 38 nec
340 1692 186 38 particulare,
491 1692 81 38 nec
538 1692 139 38 potentia
631 1692 104 38 aliqua,

216 1725 82 28 nec
263 1725 153 28 multitudo
381 1725 141 28 idearum:
486 1725 141 28 secundum
592 1725 94 28 viam
639 1725 94 28 Auerro

226 1752 55 35 &
248 1752 109 35 Arist.
324 1752 65 35 vt
357 1752 76 35 ego
401 1752 98 35 puto.
466 1752 98 35 licet
532 1752 76 35 nos
575 1752 87 35 vera
630 1752 87 35 haec
673 1752 55 35 est

218 1781 119 37 minime
301 1781 155 37 fateamur,
420 1781 95 37 quia
480 1781 155 37 catholici
587 1781 143 37 confiternt

217 1812 92 46 Deum
275 1812 104 46 omnia
344 1812 185 46 intelligere,
495 1812 104 46 iuxta
564 1812 104 46 illud
622 1812 115 46 Hieroni

755 132 101 38 mi.
812 132 87 38 Ne
856 132 159 38 minimum
972 132 145 38 quidem
1073 132 145 38 folium
1160 132 116 38 eadens

760 168 70 38 in
795 168 105 38 terra
866 168 105 38 cadit
936 168 117 38 absque
1018 168 94 38 nutu
1076 168 94 38 Dei.
1135 168 82 38 Nec
1170 168 105 38 propter

754 197 83 37 hoc
802 197 142 37 sequitur
908 197 178 37 intellectum
1051 197 130 37 diuinum
1134 197 142 37 vilescere:

763 229 87 37 quia
817 229 87 37 tunc
872 229 163 37 intellectus
1002 229 119 37 aliquis
1089 229 130 37 vilescit
1186 229 65 37 ex
1208 229 65 37 per-

759 260 123 31 ceptione
851 260 72 31 rei
892 260 102 31 vilis,
964 260 102 31 quando
1035 260 92 31 talis
1097 260 72 31 est
1138 260 123 31 causatus
1230 260 51 31 a
1240 260 41 31 re

756 289 95 33 vili,
820 289 53 33 &
841 289 106 33 quando
915 289 159 33 distrahitur
1042 289 53 33 a
1063 289 159 33 perceptione
1190 289 74 33 rei
1222 289 53 33 no-

755 318 102 36 bilis
823 318 124 36 propter
913 318 79 36 rei
958 318 102 36 vilis
1026 318 226 36 consyderationem.
1207 318 68 36 Ista

756 356 111 31 autem
830 356 87 31 Deo
879 356 161 31 benedicto
1003 356 87 31 non
1052 356 210 31 atttribuimus:
1213 356 62 31 tum

752 386 97 27 quia
812 386 97 27 ipse
873 386 85 27 non
921 386 85 27 est
970 386 157 27 causatus,
1091 386 85 27 sed
1139 386 121 27 causa:
1212 386 60 27 tum

754 412 91 38 quia
811 412 171 38 percipiendo
947 412 91 38 alia
1004 412 57 38 a
1027 412 171 38 perceptione
1152 412 125 38 suijpsius

759 437 81 37 non
806 437 185 37 distrahitur,
956 437 81 37 cum
1002 437 93 37 alia
1060 437 81 37 non
1106 437 150 37 percipiat
1211 437 69 37 nisi

755 471 73 35 in
791 471 134 35 seipso,
889 471 86 35 nam
938 471 86 35 sua
987 471 110 35 entia
1060 471 86 35 est
1109 471 98 35 suum
1158 471 122 35 obiectum

758 509 129 32 primo
843 509 171 32 motiuum,
972 509 71 32 &
1001 509 129 32 primo
1072 509 200 32 terminatiuum

752 533 67 41 re
785 533 111 41 spectu
863 533 89 41 suae
919 533 211 41 intellectionis:
1096 533 89 41 alia
1152 533 100 41 autem
1207 533 67 41 obie

754 563 83 35 cta
802 563 95 35 sunt
861 563 167 35 secundaria
992 563 179 35 terminantia
1135 563 131 35 tantum,
1218 563 60 35 nul

755 593 78 33 lo
794 593 104 33 modo
859 593 157 33 mouentia
977 593 91 33 Dei
1029 593 209 33 intellectum.
1186 593 91 33 Licee

757 625 111 41 igitur
835 625 111 41 Arist.
912 625 89 41 ista
968 625 78 41 non
1012 625 133 41 viderit,
1112 625 78 41 nec
1146 625 133 41 Philosophi

760 655 130 35 viderunt
857 655 97 35 tamen
922 655 86 35 ista
976 655 151 35 Prophetae,
1095 655 76 35 qui
1138 655 65 35 in
1160 655 119 35 superiori

752 684 91 36 gradu
813 684 81 36 sunt
863 684 142 36 constituti
975 684 81 36 quam
1026 684 142 36 Philosophi
1137 684 122 36 secundum
1218 684 51 36 sa-

752 716 139 38 pientes.
857 716 58 38 &
880 716 93 38 ideo
938 716 116 38 stante
1019 716 162 38 discordia,
1146 716 69 38 in
1169 716 104 38 talibus

751 753 115 34 potius
832 753 150 34 Prophetis
947 753 161 34 credendum,
1074 753 92 34 quae
1120 753 161 34 Philosophis,

755 776 89 43 cum
806 776 101 43 ipsi
869 776 190 43 intentiores
1021 776 89 43 Deo
1072 776 114 43 sint,
1148 776 101 43 quam
1199 776 76 43 fue-

755 806 93 42 rint
802 806 150 42 philosophi-

781 836 200 38 Decimaquarta
944 836 163 38 contradi.
1070 836 88 38 est
1120 836 75 38 in
1157 836 75 38 8.
1182 836 88 38 conm-

757 870 97 37 Ait.
817 870 97 37 Com.
878 870 97 37 quod
938 870 109 37 forma
1011 870 133 37 hominis
1108 870 157 37 inquantum
1217 870 60 37 ho-

757 906 83 32 mo,
805 906 83 32 est
852 906 190 32 intellectus.
1006 906 83 32 Sed
1054 906 107 32 huius
1125 906 154 32 oppositum
1232 906 47 32 pa

754 929 71 36 ret
794 929 101 36 tertio
865 929 60 36 de
895 929 91 36 anima
956 929 81 36 con.
1006 929 60 36 c.
1036 929 71 36 vbi
1076 929 111 36 videtur
1157 929 91 36 velle
1208 929 60 36 quid

754 959 110 35 anima
827 959 195 35 intellectiua
985 959 85 35 non
1034 959 85 35 sit
1082 959 110 35 forma
1155 959 97 35 dans
1204 959 73 35 esse

755 990 136 36 homini.
854 990 173 36 Defenfores
990 990 112 36 Auer.
1064 990 74 36 in
1102 990 173 36 quaestione
1225 990 50 36 de

757 1019 135 33 vnitate
855 1019 197 33 intellectus,
1015 1019 86 33 non
1064 1019 148 33 potentes
1162 1019 111 33 euadere

755 1050 159 32 argumenta
877 1050 61 32 a
902 1050 123 32 sancto
988 1050 135 32 Poctore
1086 1050 74 32 in
1123 1050 147 32 tractatm
1221 1050 49 32 de

757 1084 123 36 vnitate
847 1084 180 36 intellectus.
992 1084 56 36 &
1015 1084 67 36 in
1049 1084 191 36 quaestionibus
1194 1084 79 36 dispu

754 1115 113 31 tatis
830 1115 76 31 de
868 1115 126 31 anima,
956 1115 63 31 &
981 1115 76 31 in
1019 1115 113 31 summa
1095 1115 126 31 contra
1170 1115 101 31 Genti-

757 1141 96 37 les,
817 1141 169 37 deuenerunt
950 1141 72 37 ad
986 1141 96 37 hoc,
1046 1141 72 37 vt
1082 1141 145 37 dicerent
1179 1141 96 37 animam

757 1171 225 32 intcllectiuam
942 1171 106 32 esse
1009 1171 119 32 veram
1088 1171 133 32 formam
1168 1171 106 32 dantem

753 1204 114 30 verum
829 1204 102 30 esse
893 1204 203 30 substantiale
1058 1204 127 30 homini
1147 1204 76 30 ad
1172 1204 102 30 inten-

752 1233 134 34 tionem
846 1233 107 34 Auet
913 1233 67 34 &
939 1233 94 34 sic
993 1233 134 34 volunt
1087 1233 148 34 hominem
1181 1233 94 34 intel

755 1264 116 34 ligere
837 1264 163 34 formaliter
965 1264 81 34 per
1011 1264 116 34 animam
1081 1264 186 34 intellectiuam,

754 1300 146 30 tanquam
860 1300 93 30 per
913 1300 186 30 principium
1060 1300 146 30 formale
1153 1300 120 30 coniun-

755 1325 86 31 ctum
809 1325 107 31 homini
884 1325 129 31 secundum
981 1325 97 31 esse.
1045 1325 54 31 &
1067 1325 75 31 sic
1110 1325 129 31 vnitatem
1196 1325 75 31 intel

759 1354 116 32 lectus
841 1354 116 32 volunt
922 1354 151 32 sustinere
1038 1354 70 32 de
1073 1354 105 32 mente
1143 1354 128 32 Aristo.
1236 1354 58 32 &

755 1384 221 34 inconuenientia
939 1384 123 34 miulta
1025 1384 135 34 euadunt
1123 1384 123 34 posito
1197 1384 74 34 isto

748 1416 195 34 fundamento.
904 1416 91 34 Nos
956 1416 117 34 autem
1035 1416 156 34 volumus,
1139 1416 130 34 ventatis

754 1452 102 31 amore
822 1452 148 31 astricti,
935 1452 57 31 &
958 1452 170 31 christianae
1095 1452 159 31 religionis
1208 1452 57 31 vin

753 1477 96 31 culo
813 1477 131 31 coacti,
908 1477 155 31 ostendere
1028 1477 155 31 opinionem
1147 1477 108 31 istam
1207 1477 60 31 mi-

752 1504 95 34 nime
811 1504 118 34 fuisse
894 1504 71 34 de
930 1504 166 34 intentione
1060 1504 107 34 Auer.
1131 1504 71 34 vt
1155 1504 107 34 destru-

752 1540 85 30 cto
800 1540 181 30 fundamento,
945 1540 109 30 super
1018 1540 85 30 quo
1066 1540 97 30 isti
1115 1540 145 30 innituntur

754 1572 155 31 destruatur
876 1572 122 31 positio
964 1572 133 31 vnitatis
1064 1572 177 31 intellectus.
1197 1572 66 31 Lice

754 1597 95 37 enim
813 1597 130 37 veritas
908 1597 95 37 ista
968 1597 83 37 sit
1015 1597 119 37 animam
1086 1597 178 37 intellectiuam

753 1630 104 29 esse
818 1630 129 29 formam
908 1630 220 29 substantialem
1090 1630 155 29 hominis,
1193 1630 78 29 dico

749 1658 108 32 tamen
821 1658 143 32 Auerroem
928 1658 108 32 istam
1000 1658 155 32 veritatem
1120 1658 84 32 non
1155 1658 108 32 vidisse

753 1691 128 31 Moueor
843 1691 115 31 autem
919 1691 77 31 ad
958 1691 89 31 hoc
1009 1691 192 31 rationibus,
1162 1691 64 31 &
1175 1691 89 31 autho

760 1721 159 32 ritatibus
882 1721 110 32 eius.
955 1721 183 32 Praesuppono
1102 1721 73 32 de
1126 1721 147 32 intentione

759 1751 106 36 eius
825 1751 132 36 formam
917 1751 159 36 hominis,
1036 1751 92 36 per
1089 1751 106 36 quam
1155 1751 106 36 homo
1208 1751 66 36 est

754 1782 182 37 generabilis,
901 1782 57 37 &
924 1782 204 37 corruptibilis,
1094 1782 91 37 esse
1151 1782 114 37 animam
1219 1782 57 37 co-

754 1810 147 41 gitatiuam,
869 1810 84 41 quae
922 1810 126 41 secundum
1016 1810 95 41 ipsum
1079 1810 105 41 educta
1153 1810 74 41 est
1195 1810 63 41 de
1216 1810 53 41 po
