1475 2066
214 148 131 38 secundum
312 148 98 38 Auet.
378 148 87 38 quia
432 148 109 38 potius
508 148 87 38 ista
563 148 87 38 vnio
617 148 131 38 impedit,
704 148 33 38 v

222 182 133 36 diximus,
322 182 167 36 intelligere
455 182 89 36 enim
511 182 78 36 non
555 182 78 36 fit
600 182 133 36 mediante
689 182 44 36 or

215 220 103 30 gano
280 220 168 30 corporeo,
409 220 116 30 quare
486 220 129 30 igitur
576 220 155 30 coguntur
679 220 52 30 po

211 251 101 23 nere
275 251 76 23 de
313 251 177 23 intentione
452 251 101 23 eius
515 251 127 23 animam
604 251 114 23 istam
667 251 63 23 con

212 276 112 33 poris
286 276 150 33 organici
398 276 112 33 actum
473 276 100 33 esse
536 276 187 33 intrinsecum
673 276 62 33 non

216 306 121 32 video.
300 306 97 32 Vnde
361 306 97 32 isti
421 306 97 32 sunt
482 306 109 32 medij
554 306 109 32 inter
614 306 121 32 Auerroen

224 335 59 35 &
248 335 190 35 Christianos.
402 335 119 35 volunt
485 335 95 35 enim
544 335 119 35 tenere
615 335 119 35 vnitatem

216 364 174 32 intellectus
356 364 81 32 cum
402 364 105 32 Auerr
472 364 105 32 omne,
542 364 58 32 &
565 364 116 32 volunt
647 364 81 32 eam
681 364 47 32 de

214 397 128 29 fendere
308 397 82 29 cum
354 397 163 29 principiis
483 397 210 29 Christianorum,
657 397 58 29 &
669 397 70 29 ista

222 429 80 29 non
267 429 125 29 possunt
358 429 114 29 stare:
438 429 91 29 quia
494 429 68 29 ex
528 429 148 29 oppositis
631 429 102 29 princi-

218 457 95 31 piis
277 457 154 31 sequuntur
396 457 154 31 oppositae
514 457 201 31 conclusiones.
668 457 71 31 Eru-

223 486 132 36 bescant
319 486 96 36 ergo
379 486 144 36 mendacio
487 486 108 36 velle
559 486 108 36 tueri
619 486 120 36 vnitatem

218 516 195 32 intellectus,
376 516 158 32 imponendo
498 516 73 32 ei
534 516 122 32 illud,
619 516 97 32 quod
680 516 85 32 non

222 547 112 31 dixit,
300 547 78 31 sed
345 547 112 31 potius
423 547 112 31 dicant
501 547 100 31 ipsum
568 547 134 31 ientitum
657 547 78 31 fuist

222 578 74 32 se,
265 578 96 32 sicut
329 578 74 32 rei
371 578 117 32 veritas
456 578 85 32 est,
509 578 85 32 quae
562 578 85 32 noua
616 578 138 32 sigmenta,
711 578 32 32 &

221 612 120 31 monstra
308 612 109 31 parere
385 612 65 31 in
418 612 76 31 via
461 612 98 31 eius.
527 612 76 31 Nam
570 612 65 31 vt
603 612 87 31 luce
647 612 98 31 clarius

220 637 122 38 oatet,
305 637 86 38 non
354 637 122 38 minora
440 637 220 38 inconuenientia
611 637 134 38 sequuntur

224 669 115 30 contra
304 669 92 30 hoc,
362 669 92 30 quod
419 669 127 30 dicunt,
511 669 81 30 qua
557 669 115 30 contra
626 669 115 30 vnitatem

218 699 198 31 intellectus.
379 699 62 31 &
403 699 112 31 illud
478 699 124 31 maximo
565 699 161 31 argumento
676 699 62 31 est

220 733 93 36 quod
279 733 105 36 omnes
348 733 116 36 latini
430 733 128 36 nostri,
523 733 105 36 sicut
593 733 140 36 Albertus
686 733 58 36 co-

212 761 168 36 gnomento
338 761 154 36 Magnus,
450 761 98 36 qui
505 761 182 36 opinionum
631 761 112 36 Arabum

224 790 55 36 &
246 790 144 36 praecipue
357 790 100 36 Auer.
423 790 89 36 fuit
479 790 177 36 fidelissimus
612 790 133 36 interpres,

219 821 63 30 &
245 821 113 30 eatus
320 821 138 30 doctor,
420 821 138 30 insuper
520 821 213 30 subtilissimus
682 821 63 30 Seo

222 849 100 33 tus,
284 849 75 33 ac
321 849 137 33 Egidius
421 849 149 33 Homanus,
533 849 124 33 quorum
620 849 100 33 isti
682 849 87 33 non

219 881 102 33 sunt
283 881 115 33 digni
360 881 141 33 soluere
462 881 153 33 corigiam
564 881 179 33 calciamenti,

215 916 169 31 voluerunt
345 916 117 31 Auer.
423 916 182 31 sententiam
565 916 130 31 fuisse
643 916 104 31 animam

217 943 212 35 intellectiuam
391 943 87 35 non
441 943 100 35 esse
504 943 125 35 formam
579 943 162 35 substantia-

213 972 99 36 lem
269 972 169 36 hominis.
396 972 127 36 Taceo
481 972 183 36 Gregorium
608 972 141 36 Ariminen

213 1005 120 29 sem,
288 1005 180 29 lohannem
423 1005 90 29 de
468 1005 180 29 Candauo,
587 1005 150 29 Gaetanum

224 1033 68 33 &
252 1033 136 33 Paulum
347 1033 163 33 Venetum,
469 1033 68 33 &
496 1033 136 33 multos
577 1033 163 33 praeclaros

228 1064 189 41 Auerroistas
380 1064 76 41 ex
417 1064 189 41 viuentibus,
569 1064 88 41 qui
606 1064 139 41 tenuerunt

218 1094 95 31 hanc
278 1094 119 31 fuisse
361 1094 107 31 Auer.
432 1094 178 31 sententiam.
575 1094 95 31 Sed,
634 1094 71 31 vt
658 1094 83 31 dixi-

216 1124 116 31 etiam
294 1124 103 31 isti
358 1124 103 31 bene
423 1124 194 31 intiinsecus
578 1124 168 31 deueniunt
694 1124 52 31 ad

220 1153 99 33 hoc.
281 1153 86 33 sed
331 1153 148 33 volentes
441 1153 135 33 euitare
528 1153 209 33 inconuenientiae

216 1184 129 34 contra
307 1184 155 34 vnitatem
423 1184 194 34 intellectus
578 1184 168 34 adueniunt
694 1184 52 34 ad

218 1214 99 36 hoc,
279 1214 74 36 vt
316 1214 123 36 dicant
403 1214 123 36 animam
489 1214 222 36 intellectiuam,
674 1214 62 36 &
686 1214 62 36 si-

225 1246 104 36 vnica
294 1246 92 36 sit,
351 1246 104 36 ipsam
420 1246 104 36 tamen
489 1246 92 36 dare
547 1246 92 36 esse
593 1246 150 36 asseuerant,

217 1276 119 42 aliter
300 1276 95 42 enim
360 1276 83 42 non
407 1276 119 42 posset
490 1276 95 42 homo
550 1276 178 42 intelligere
681 1276 59 42 per

216 1308 137 37 aliquod
315 1308 175 37 principium
453 1308 175 37 separatum.
590 1308 75 37 Et
628 1308 100 37 ideo
678 1308 62 37 pro

217 1341 135 32 positum
315 1341 123 32 nsecum
401 1341 98 32 fuit
462 1341 160 32 declarare
585 1341 160 32 oppositum
696 1341 49 32 de

220 1373 107 29 mente
291 1373 107 29 eius.
363 1373 71 29 vt
398 1373 71 29 ab
434 1373 95 29 ipsa
493 1373 119 29 tandem
577 1373 143 29 veritate
672 1373 71 29 coa-

224 1398 88 35 cti
274 1398 113 35 nullo
349 1398 113 35 pacto
424 1398 163 35 defendant
549 1398 163 35 vnitatem.
661 1398 75 35 immo

230 1430 108 36 potius
306 1430 151 36 fatuitatem
424 1430 172 36 intellectus.
564 1430 65 36 Ad
596 1430 108 36 formam
661 1430 86 36 igitur

227 1465 220 33 conrradictionis
413 1465 139 33 dicamus,
518 1465 93 33 quod
576 1465 104 33 cuom.
634 1465 104 33 seipsum

230 1492 130 40 declarat
328 1492 119 40 quomodo
414 1492 76 40 est
458 1492 97 40 anima
522 1492 173 40 intellectiua
652 1492 87 40 forma-

224 1519 112 35 hominis
305 1519 61 35 in
336 1519 81 35 isto
386 1519 91 35 conm.
447 1519 71 35 is.
488 1519 81 35 quia
539 1519 91 35 dicit
600 1519 81 35 quod
651 1519 71 35 est
681 1519 51 35 for

220 1550 83 36 ma,
268 1550 155 36 inquantum
387 1550 83 36 est
434 1550 107 36 agens
506 1550 83 36 nos
553 1550 95 36 quia
601 1550 143 36 intelligen

216 1589 96 31 tiae
276 1589 168 31 abstractae
408 1589 120 31 duobus
491 1589 108 31 modis
563 1589 96 31 sunt
611 1589 132 31 principia

223 1613 102 37 eorum,
294 1613 102 37 quorum
365 1613 81 37 sunt
416 1613 142 37 principia,
528 1613 51 37 &
548 1613 122 37 secundum
639 1613 81 37 quod
680 1613 61 37 sunt

226 1650 125 35 mouentes,
323 1650 48 35 &
342 1650 115 35 secundum
428 1650 77 35 quod
476 1650 77 35 sunt
524 1650 96 35 finis.
592 1650 67 35 est
630 1650 96 35 igitur
688 1650 48 35 fo-

227 1673 63 34 ma
258 1673 73 34 non
300 1673 146 34 perfiniens
414 1673 146 34 intrinsece
529 1673 125 34 secundum
622 1673 104 34 ipsum,
685 1673 52 34 sec

224 1707 176 31 extrinsece
363 1707 139 31 tantum.
464 1707 63 31 &
489 1707 101 31 ideo
552 1707 151 31 appellat
653 1707 88 31 Comen

232 1736 110 41 etiam
305 1736 123 41 formas
391 1736 172 41 abstractas
526 1736 159 41 postremas
636 1736 98 41 perfe-

226 1766 148 36 ctiones,
336 1766 61 36 &
361 1766 86 36 non
410 1766 123 36 primas
496 1766 148 36 respectu
607 1766 135 36 orbium.
693 1766 49 36 i.

224 1797 105 30 mera.
294 1797 93 30 con.
353 1797 128 30 vltimo.
446 1797 58 30 &
469 1797 105 30 anima
540 1797 187 30 intellectiua
680 1797 58 30 rei

225 1829 103 37 ctius
293 1829 92 37 apud
351 1829 103 37 ipsum
420 1829 126 37 dicitur
512 1829 103 37 actus
581 1829 149 37 secundus,
684 1829 69 37 quae

763 148 138 42 primus,
863 148 113 42 sicut
938 148 125 42 potest
1025 148 138 42 eollis:
1125 148 75 42 ex
1150 148 125 42 commenee

756 189 148 29 quinto.
863 189 148 29 secundi
971 189 81 29 de
1011 189 121 29 anim.
1092 189 67 29 &
1119 189 81 29 ex
1146 189 134 29 commento

761 213 127 45 quinto.
854 213 116 45 tertij
923 213 116 45 eiusdem,

784 238 191 41 Decimaquinta
939 238 155 41 contradi.
1059 238 84 41 est
1107 238 72 41 in
1143 238 131 41 com.es.
1226 238 48 41 Ha

753 270 88 36 bet
804 270 126 36 Commen
892 270 101 36 quod
955 270 189 36 intellectus
1107 270 139 36 diuidit
1195 270 76 36 mate

759 302 94 37 riam
818 302 59 37 a
841 302 117 37 forma.
923 302 152 37 Oppositum
1041 302 117 37 patet.
1123 302 70 37 i.
1158 302 117 37 physi,
1240 302 59 37 &

756 333 68 32 &.
790 333 68 32 8.
824 333 91 32 phy.
881 333 91 32 i.8.
938 333 57 32 &
960 333 102 32 primo
1029 333 80 32 ca.
1074 333 68 32 de
1108 333 159 32 substantia
1222 333 57 32 or-

763 365 84 38 bis,
815 365 73 38 vbi
857 365 125 38 dicitur,
950 365 84 38 quod
1003 365 157 38 impossibile
1128 365 73 38 est
1159 365 115 38 intellige

760 400 75 26 re
797 400 150 26 materiam
909 400 125 26 absque
997 400 125 26 forma.
1084 400 162 26 Soluitur.
1196 400 75 26 quic

760 428 78 38 quid
809 428 166 38 intelligitur,
946 428 157 38 intelligitur
1073 428 117 38 secundum
1162 428 78 38 quod
1210 428 69 38 est
1240 428 39 38 in

757 457 111 34 actu,
831 457 62 34 &
856 457 87 34 cum
905 457 136 34 materia
1004 457 87 34 non
1053 457 87 34 sit
1103 457 74 34 in
1140 457 111 34 actu,
1202 457 74 34 nifi

755 492 138 36 propter
856 492 138 36 formam:
956 492 100 36 ideo
1019 492 138 36 materia
1107 492 176 36 intelligitur

754 523 95 33 per
809 523 150 33 formam.
918 523 109 33 nam,
986 523 95 33 cum
1040 523 150 33 materia
1149 523 95 33 sit
1190 523 95 33 purum

765 549 168 29 potentiale,
899 549 101 29 caret
967 549 146 29 principio
1079 549 135 29 formali,
1180 549 79 29 quo
1214 549 67 29 ali-

761 580 92 36 quid
819 580 139 36 cognosci
923 580 127 36 potest.
1015 580 69 36 Et
1050 580 92 36 ideo
1108 580 104 36 dixit
1166 580 115 36 Philoso-

764 613 97 32 phus
825 613 73 32 in
861 613 134 32 septimo
958 613 194 32 metaphysicae
1116 613 73 32 in
1153 613 97 32 tex.
1201 613 73 32 com-

762 639 68 35 men
801 639 59 35 i.
831 639 78 35 quod
879 639 107 35 materia
958 639 117 35 secundum
1046 639 59 35 se
1075 639 98 35 ignota
1143 639 78 35 est.
1182 639 98 35 Intelle-

762 669 82 37 cta
809 669 106 37 autem
880 669 82 37 sic
927 669 141 37 materia,
1032 669 70 37 in
1068 669 106 37 primo
1126 669 153 37 intellectus

763 698 135 32 oecursu
861 698 123 32 potest
947 698 184 32 intellectus
1095 698 148 32 diuidere
1193 698 86 32 mate-

757 733 101 29 riam
821 733 63 29 a
846 733 127 29 forma:
934 733 63 29 &
960 733 190 29 intelligere
1112 733 152 29 materiam
1213 733 63 29 non

764 764 105 31 esse
830 764 145 31 formam,
935 764 92 31 nec
988 764 145 31 aliquam
1093 764 132 31 habens
1172 764 105 31 formam

762 791 65 32 &
788 791 104 32 isto
853 791 104 32 modo
917 791 194 32 consyderata
1073 791 142 32 materia
1176 791 91 32 non
1215 791 65 32 ha-

756 822 85 37 bet
804 822 97 37 esse
865 822 109 37 extra
937 822 133 37 animam,
1034 822 85 37 qui
1082 822 60 37 a
1106 822 85 37 non
1154 822 121 37 potest
1227 822 48 37 se

762 849 125 33 cundum
849 849 125 33 ipsum.
936 849 75 33 i.
973 849 125 33 physi.
1061 849 125 33 commen
1148 849 87 33 ia.
1185 849 100 33 existe

755 880 76 32 re
793 880 102 32 sine
857 880 127 32 forma,
946 880 102 32 quia
1009 880 102 32 tunc
1073 880 102 32 quod
1136 880 89 32 non
1187 880 89 32 est
1225 880 51 32 in

760 913 89 33 actu
816 913 101 33 esset
883 913 67 33 in
916 913 101 33 actu,
983 913 78 33 sed
1028 913 101 33 solum
1095 913 67 33 vt
1129 913 78 33 sic
1173 913 101 33 habet
1229 913 56 33 es-

758 942 67 35 se
791 942 67 35 in
825 942 111 35 amnia,
903 942 56 35 &
925 942 78 35 est
969 942 78 35 ens
1014 942 145 35 rationis,
1125 942 67 35 vt
1159 942 100 35 dixit
1214 942 67 35 Con-

760 976 90 27 men
811 976 90 27 ni.
863 976 179 27 metaphysi.
1003 976 128 27 commen
1093 976 90 27 ia.
1144 976 90 27 pro
1195 976 115 27 quan

759 1002 65 32 to
792 1002 65 32 vt
824 1002 76 32 sic
868 1002 109 32 solius
944 1002 130 32 rationis
1041 1002 109 32 potest
1117 1002 87 32 esse
1161 1002 119 32 obiectum,

759 1033 90 34 non
810 1033 115 34 autem
887 1033 154 34 naturae,
1002 1033 77 34 vl
1041 1033 141 34 agentis
1130 1033 154 34 naturalis.

756 1068 111 30 quia,
830 1068 160 30 simateria
953 1068 111 30 extra
1027 1068 123 30 animam
1113 1068 111 30 esset
1187 1068 99 30 sine
1237 1068 49 30 om

757 1101 69 30 ni
792 1101 116 30 forma,
873 1101 81 30 non
919 1101 116 30 posset
1000 1101 127 30 aliquam
1093 1101 139 30 recipere
1197 1101 69 30 in
1220 1101 69 30 actu

761 1122 71 33 vt
797 1122 131 33 scribit
892 1122 143 33 Conimen.
999 1122 83 33 in.
1047 1122 71 33 8.
1083 1122 179 33 physieorum.
1214 1122 71 33 com-

762 1157 84 29 men
810 1157 72 29 A.
846 1157 84 29 sic
893 1157 107 29 patet
965 1157 143 29 qualiter
1072 1157 179 29 intellectus
1203 1157 72 29 mate

758 1185 94 33 riam
817 1185 59 33 a
841 1185 106 33 forma
911 1185 141 33 diuidere
1017 1185 129 33 potest,
1111 1185 59 33 &
1134 1185 71 33 in
1170 1185 82 33 quo
1205 1185 82 33 actu.

761 1214 61 36 &
785 1214 146 36 qualiter
894 1214 97 36 non

794 1248 124 34 Decima
880 1248 111 34 sexta
954 1248 161 34 contradi.
1078 1248 87 34 est
1128 1248 74 34 in
1165 1248 111 34 comm.
1227 1248 49 34 Ar

757 1275 101 32 Habet
824 1275 101 32 Conm.
891 1275 89 32 quod
947 1275 67 32 in
980 1275 101 32 coelo
1047 1275 101 32 nulla
1114 1275 78 32 est
1159 1275 89 32 alia
1204 1275 78 32 poten

761 1308 89 38 tia
812 1308 102 38 nisi
876 1308 77 38 ad
914 1308 153 38 quietem.
1029 1308 166 38 Oppositum
1157 1308 115 38 patet
1220 1308 64 38 per

764 1336 95 35 ipsum.
830 1336 57 35 &.
858 1336 95 35 physi.
925 1336 76 35 com.
972 1336 76 35 ris.
1020 1336 57 35 &.
1048 1336 57 35 v.
1077 1336 95 35 physi.
1143 1336 76 35 com.
1191 1336 57 35 i.
1219 1336 57 35 &.
1238 1336 38 35 S.

762 1367 97 35 meta.
827 1367 97 35 conm.
891 1367 54 35 &
913 1367 86 35 tex.
967 1367 75 35 2v.
1010 1367 75 35 vbi
1053 1367 129 35 dicitur,
1149 1367 86 35 quod
1203 1367 75 35 non
1235 1367 54 35 est

762 1397 144 37 timendum
870 1397 96 37 quod
930 1397 132 37 corpora
1027 1397 156 37 coelestia
1147 1397 120 37 stent.
1219 1397 60 37 Ma-

763 1436 80 31 gna
808 1436 103 31 fuit,
877 1436 149 31 magnifice
991 1436 126 31 domine,
1083 1436 160 31 altercatio
1197 1436 92 31 inter.

760 1467 86 31 nos
809 1467 86 31 hoc
858 1467 98 31 anno
919 1467 73 31 in
956 1467 257 31 exercitationibus,
1176 1467 61 31 &
1188 1467 98 31 dispu-

760 1493 178 29 tationibus,
902 1493 95 29 quas
961 1493 154 29 habuistis
1080 1493 83 29 vos
1127 1493 130 29 nobiles
1210 1493 71 29 inui

757 1521 100 39 ceni.
823 1521 67 39 Et
857 1521 177 39 inagnificus,
1001 1521 67 39 ac
1034 1521 188 39 perfectissimi
1178 1521 100 39 iudicis

760 1552 147 34 dominus
867 1552 134 34 Gaspar
960 1552 187 34 Contarenus
1107 1552 67 34 a
1121 1552 160 34 micissimus

761 1581 121 37 tius,
841 1581 67 37 &
868 1581 175 37 studiorum
1003 1581 134 37 meorum
1097 1581 148 37 collega
1191 1581 94 37 dubi-

760 1615 107 37 tauit
832 1615 167 37 acutissime
963 1615 119 37 contra
1046 1615 119 37 Commen
1130 1615 72 37 in
1154 1615 131 37 praesenti

759 1645 114 39 passu.
839 1645 80 39 Nam
884 1645 114 39 dictum
964 1645 103 39 eius,
1033 1645 91 39 quod
1090 1645 69 39 in
1124 1645 103 39 coelo
1193 1645 80 39 non
1227 1645 57 39 est

762 1676 143 38 potentia
870 1676 72 38 ad
905 1676 203 38 corruptionem,
1073 1676 84 38 sed
1121 1676 108 38 solum
1192 1676 84 38 est
1228 1676 48 38 in

762 1708 140 38 potentia
867 1708 70 38 ad
902 1708 140 38 quietem,
1007 1708 81 38 aut
1053 1708 81 38 hoc
1100 1708 186 38 intelligitur
1239 1708 47 38 de

761 1740 106 35 coelo
832 1740 154 35 inquantum
950 1740 118 35 celum,
1033 1740 83 35 aut
1080 1740 83 35 hoc
1116 1740 165 35 intelligitur

762 1768 70 37 de
797 1768 105 37 coelo
867 1768 152 37 inquantum
984 1768 129 37 coruus.
1078 1768 70 37 Si
1113 1768 70 37 de
1136 1768 152 37 coeloinquam

761 1802 84 34 tum
809 1802 132 34 coelum,
905 1802 84 34 hoc
953 1802 84 34 est
1001 1802 132 34 falsum:
1098 1802 96 34 quia
1158 1802 84 34 per
1194 1802 84 34 ipsum

756 1830 119 36 con.i.
840 1830 72 36 v.
875 1830 95 36 phy.
935 1830 119 36 coelum
1019 1830 155 36 inquantum
1138 1830 119 36 coelum
1221 1830 84 36 non
