1475 2066
194 173 92 46 hoc
247 173 119 46 coelo
326 173 145 46 nomnie,
432 173 66 46 &
458 173 211 46 definitione.
630 173 66 46 &
643 173 66 46 abs

196 213 187 42 stractum
337 213 109 42 non
399 213 156 42 potest
508 213 171 42 moueri.
617 213 93 42 D.d.

210 253 79 38 Et
249 253 171 38 similiter
381 253 145 38 dicimus
487 253 79 38 de
526 253 132 38 rebus,
619 253 92 38 &c.
658 253 53 38 i.

204 291 71 53 &
232 291 128 53 talia
317 291 227 53 inopinabilia
501 291 198 53 contingunt
643 291 71 53 eis

195 326 80 54 in
235 326 173 54 scientiis
367 326 226 54 Perspectiuis,
554 326 66 54 &
580 326 80 54 in
607 326 106 54 scien-

203 366 115 48 tiis,
280 366 154 48 Musicae,
395 366 154 48 scilicet
510 366 77 48 in
549 366 90 48 hoc
600 366 102 48 quod
651 366 64 48 po-

200 412 108 31 nunt
268 412 135 31 radios
363 412 122 31 esse,
444 412 68 31 &
471 412 122 31 sones
553 412 122 31 alios
634 412 68 31 a
647 412 68 31 sen

194 444 181 39 sibilibus.
336 444 194 39 impossibile
492 444 91 39 est
544 444 104 39 enim
608 444 78 39 vt
634 444 78 39 ista

194 480 179 50 scientiae
332 480 207 50 consyderent
498 480 83 50 de
539 480 110 50 alio
595 480 110 50 aliquo

194 527 102 35 nisi
258 527 76 35 de
296 527 114 35 istis
372 527 216 35 sensibilibus.
550 527 102 35 D.d.
613 527 64 35 &
626 527 89 35 dedit

193 564 183 45 maximum
327 564 250 45 impossibile
510 564 200 45 contingens

200 597 69 48 in
235 597 93 48 hoc.
293 597 116 48 quiam,
374 597 69 48 si
409 597 127 48 fuerint
502 597 81 48 res
548 597 162 48 sensibiles
664 597 46 48 in

203 636 88 49 ter
254 636 139 49 formas,
355 636 88 49 &c.
405 636 76 49 i.
443 636 63 49 &
468 636 101 49 quod
531 636 88 49 hoc
569 636 139 49 contingit

195 673 115 50 eis,
266 673 115 50 quia
338 673 186 50 concedunt
481 673 115 50 quod
538 673 172 50 Mathemati-

204 711 78 51 ci
243 711 196 51 consyderant
400 711 78 51 de
439 711 118 51 rebus
505 711 196 51 sensibilibus.

197 748 64 53 &
223 748 140 53 ponunt,
325 748 102 53 quod
389 748 115 53 istae
465 748 89 53 res
516 748 102 53 sunt
580 748 128 53 mediae
657 748 51 53 in

193 788 98 46 ter
249 788 140 46 formas
347 788 210 46 intellectas
516 788 210 46 abstractas,
670 788 42 46 &

195 828 149 53 formas
300 828 209 53 sensibiles
464 828 75 53 &
494 828 224 53 generabiles
673 828 75 53 &

200 865 242 53 corruptibiles.
401 865 107 53 vnde
468 865 175 53 contingit
603 865 94 53 eis
643 865 67 53 sen

200 904 135 43 sibilia
298 904 98 43 esse
359 904 135 43 aeterna
458 904 98 43 alia
519 904 61 43 a
531 904 172 43 sensibilibus

194 943 236 55 generabilibus
389 943 69 55 &
416 943 278 55 corruptibilibus.
639 943 69 55 eci

197 985 78 49 go
236 985 168 49 contingit
365 985 129 49 sensus
456 985 104 49 esse
521 985 117 49 alios
598 985 78 49 ab
624 985 91 49 istis

204 1019 154 39 ensibus,
320 1019 64 39 &
345 1019 77 39 vt
384 1019 103 39 sint
448 1019 154 39 aeterni.
563 1019 128 39 sensus
640 1019 77 39 enim

204 1060 87 38 est
253 1060 75 38 in
291 1060 149 38 capitulo
403 1060 187 38 relationis.
552 1060 62 38 &
577 1060 75 38 si
614 1060 100 38 sunt
664 1060 50 38 Se

195 1101 88 46 sus
245 1101 150 46 aeterni,
357 1101 63 46 &
382 1101 100 46 sunt
445 1101 113 46 etiam
520 1101 150 46 animalia
620 1101 88 46 aeter

199 1135 97 44 na,
255 1135 194 44 necessario
407 1135 125 44 etiam
491 1135 111 44 haec
546 1135 167 44 inopinabi-

194 1173 97 54 lia
249 1173 193 54 contingunt
388 1173 110 54 istis.

238 1217 264 46 Dubitauerit
450 1217 159 46 autem
538 1217 176 46 aliquis,

196 1264 132 43 circa
284 1264 117 43 quae
357 1264 132 43 entia
445 1264 161 43 oportet
563 1264 103 43 has
606 1264 103 43 scien

200 1298 119 48 tias
275 1298 194 48 quaerere.
424 1298 89 48 si
468 1298 119 48 enim
543 1298 89 48 in
588 1298 104 48 hoc
632 1298 75 48 dif

190 1340 173 40 ferret
311 1340 155 40 solum
414 1340 86 40 a
449 1340 225 40 Geometria
604 1340 104 40 Geo-

193 1379 153 49 daesia,
305 1379 112 49 quod
374 1379 112 49 haec
444 1379 139 49 quidem
542 1379 126 49 eorum
625 1379 112 49 est,

192 1429 128 38 quae
272 1429 208 38 sentimus,
432 1429 128 38 illa
511 1429 128 38 vero
591 1429 112 38 non
639 1429 80 38 sen

191 1466 190 40 sibilium
334 1466 127 40 est,
413 1466 142 40 patet
507 1466 127 40 quod
571 1466 142 40 praeter

191 1508 212 51 Medicinam
354 1508 130 51 erit
435 1508 163 51 aliqua
533 1508 179 51 scientia,

189 1549 90 54 &
225 1549 198 54 praeter
369 1549 252 54 quamcunque
549 1549 162 54 aliarum

193 1589 155 47 inter
296 1589 155 47 ipsam
399 1589 241 47 Medicinam,
589 1589 86 47 &
606 1589 103 47 hanc

189 1631 253 51 medicinam.
387 1631 108 51 At
441 1631 126 51 quo
514 1631 144 51 modo
586 1631 126 51 possi

191 1676 130 38 bile
272 1676 114 38 est
337 1676 178 38 (etenim
467 1676 146 38 etiam
548 1676 162 38 salubria

192 1717 176 49 quaedam
320 1717 176 49 essent,
448 1717 176 49 praeter
560 1717 144 49 sensibi

197 1756 121 46 lia,
273 1756 76 46 &
303 1756 136 46 ipsum
394 1756 182 46 salubre.
530 1756 136 46 Simul
606 1756 106 46 autem

195 1797 107 53 nec
256 1797 107 53 hoc
317 1797 138 53 verum
409 1797 122 53 est,
485 1797 122 53 quod
547 1797 168 53 Geodaesia

190 1841 277 41 sensibilium,
415 1841 87 41 &
432 1841 277 41 corruptibilium

728 172 278 54 magnitudinum
954 172 139 54 sit.
1041 172 244 54 corrumpere
1215 172 52 54 l

734 220 103 40 tur
793 220 118 40 enim
867 220 132 40 illis
955 220 206 40 corruptis.
1117 220 88 40 At
1146 220 103 40 neque

724 265 268 41 sensibilium
939 265 304 41 magnitudinum,
1171 265 72 41 ne

733 308 112 46 que
797 308 143 46 circa
892 308 112 46 hoc
956 308 159 46 coelum
1052 308 191 46 Astrologia

729 348 151 38 esset.
835 348 106 38 Nec
895 348 121 38 enim
971 348 212 38 sensibiles
1122 348 121 38 lineae

731 385 143 43 tales
826 385 127 43 sunt
906 385 159 43 quales
1017 385 206 43 Geometria
1160 385 79 43 di-

730 423 111 43 cit.
800 423 97 43 nil
855 423 111 43 enim
925 423 209 43 sensibilium
1092 423 97 43 ita
1134 423 111 43 rectum

730 469 130 50 atque
816 469 188 50 rotundum.
961 469 145 50 tangit
1062 469 116 50 enim
1120 469 116 50 circu-

724 509 106 50 lus
784 509 182 50 regulam,
921 509 106 50 non
981 509 182 50 secundum
1103 509 136 50 punctum

722 549 112 54 sed
786 549 145 54 sicut
883 549 225 54 Protagoras
1059 549 193 54 dicebat,
1188 549 64 54 re

725 589 224 45 darguens
894 589 262 45 Geometras,
1099 589 131 45 nec
1155 589 94 45 mo-

727 629 122 45 tus,
803 629 106 45 nec
864 629 243 45 reuolutiones
1061 629 137 45 coeli
1138 629 106 45 simi-

727 671 127 60 les,
806 671 95 60 de
854 671 158 60 quibus
964 671 221 60 Astrologia
1123 671 127 60 ratio-

722 710 104 58 nes
782 710 149 58 facit.
886 710 134 58 neque
975 710 149 58 puncta
1079 710 149 58 eandem
1169 710 74 58 na-

730 757 162 45 turam,
843 757 129 45 quam
924 757 178 45 stellae
1037 757 146 45 habent.

774 813 87 69 Et
817 813 145 69 rectum
918 813 116 69 est,
991 813 116 69 quod
1063 813 159 69 aliquis
1164 813 87 69 quae

728 866 108 61 rat
789 866 231 61 quaestionem
974 866 231 61 difficilem,
1159 866 77 61 &
1174 866 77 61 di-

726 914 102 61 cat
785 914 88 61 in
829 914 146 61 quibus
931 914 132 61 rebus
1019 914 161 61 oportet
1136 914 146 61 quaere

728 962 78 63 re
767 962 117 63 istas
845 962 182 63 scientias.
988 962 156 63 Quoniam,
1104 962 91 63 cum
1143 962 104 63 fuerit

732 1009 251 50 differentia
933 1009 151 50 inter
1033 1009 234 50 Geometria,
1201 1009 50 50 &

731 1057 182 62 Medicina,
871 1057 112 62 quod
941 1057 98 62 vna
997 1057 112 62 earu
1067 1057 98 62 est
1109 1057 140 62 scientia

724 1104 139 50 media
816 1104 139 50 rerum
909 1104 232 50 sensibilium
1094 1104 77 50 &
1125 1104 124 50 alia
1187 1104 62 50 in

722 1149 233 61 sensibilium,
912 1149 204 61 manifestam
1072 1149 131 61 erit,
1160 1149 117 61 quod

731 1197 126 55 erit
810 1197 126 55 alia
889 1197 110 55 ars
952 1197 205 55 Medicinae
1109 1197 95 55 ab
1157 1197 126 55 arte

732 1244 183 62 Medicinae
873 1244 99 62 sem
929 1244 155 62 sibili,
1042 1244 71 62 &
1071 1244 113 62 erit
1141 1244 113 62 alia
1198 1244 56 62 Me

733 1292 127 70 dicina
822 1292 115 70 inter
899 1292 166 70 Medicina,
1026 1292 102 70 quod
1090 1292 89 70 est
1141 1292 76 70 in
1167 1292 76 70 for-

730 1341 127 61 mis,
809 1341 79 61 &
841 1341 127 61 hanc
920 1341 190 61 Medicina
1047 1341 190 61 sensibilem

725 1389 77 65 &
755 1389 199 65 similiter
909 1389 92 65 de
955 1389 215 65 vnaquaque,
1108 1389 138 65 aliarum

732 1441 207 60 scientiaru,
898 1441 96 60 Sed
953 1441 96 60 quo
1008 1441 138 60 potest
1104 1441 96 60 hoc
1146 1441 96 60 esses

732 1485 174 64 quoniam,
862 1485 87 64 si
905 1485 188 64 possibile
1050 1485 159 64 fuerit,
1166 1485 87 64 vt
1195 1485 58 64 Me

729 1533 148 66 dicina
833 1533 119 66 alia
907 1533 104 66 sit
966 1533 74 66 a
996 1533 178 66 Medicina
1115 1533 133 66 sensibi

725 1588 102 59 li,
784 1588 73 59 &
813 1588 87 59 vt
856 1588 102 59 sit
914 1588 131 59 etiam
1001 1588 131 59 agens
1074 1588 174 59 sanitatem,

729 1628 117 67 aliud
807 1628 78 67 ab
846 1628 130 67 agente
937 1628 182 67 sensibili,
1079 1628 143 67 necesse
1183 1628 91 67 est

733 1680 88 60 vt
777 1680 118 60 sint
851 1680 103 60 res
910 1680 221 60 recipientes
1072 1680 162 60 sanitatem

734 1725 124 64 aliae
817 1725 69 64 a
844 1725 124 64 rebus
927 1725 234 64 sensibilibus,
1120 1725 69 64 &
1148 1725 83 64 vt
1175 1725 69 64 sit

726 1776 142 58 etiam
821 1776 142 58 aliud
915 1776 221 58 principium
1089 1776 79 58 a
1104 1776 142 58 princi-

728 1821 94 61 pio
781 1821 189 61 sensibili.
930 1821 81 61 Et
970 1821 94 61 cum
1024 1821 94 61 hoc
1078 1821 162 61 dicimus,
1199 1821 81 61 et
