1475 2066
185 148 140 63 quod
272 148 157 63 sermo
377 148 227 63 dicentium
552 148 140 63 quod
622 148 87 63 Me-

196 197 147 61 dicina
299 197 103 61 est
358 197 176 61 scientia
490 197 132 61 eorum
563 197 147 61 corporis

198 244 213 62 sensibiltum
369 244 270 62 corruptibilium,
596 244 100 62 non
639 244 71 62 est

200 292 146 62 verus.
303 292 161 62 quoniam
420 292 88 62 si
464 292 103 62 ita
523 292 146 62 esset,
625 292 117 62 tunc

196 341 290 62 corrumperentur
437 341 113 62 per
486 341 225 62 corruptionem

190 387 202 64 corporum
342 387 320 64 corruptibilium.
595 387 118 64 Neque

191 435 118 60 etiam
270 435 158 60 scicntia
388 435 184 60 stellarum,
533 435 66 60 &
559 435 105 60 celi
612 435 105 60 istius

194 483 104 61 est
254 483 178 61 corporum
387 483 238 61 sensibilium.
580 483 104 61 Non
625 483 89 61 enim

192 526 115 68 sunt
263 526 143 68 lineae
363 526 215 68 sensibiles,
535 526 129 68 sicut
607 526 100 68 ponis

194 577 215 50 Geometer.
360 577 149 50 nulla
460 577 133 50 enim
542 577 116 50 res
592 577 116 50 rerum

190 628 213 54 sensibilium
360 628 99 54 est
417 628 128 54 linea
501 628 142 54 recta,
601 628 99 54 aut
643 628 71 54 ro-

198 673 149 49 tunda,
302 673 134 49 sicut
392 673 134 49 ponit
481 673 194 49 Geometer.
616 673 89 49 cur-

188 720 130 59 culus
274 720 115 59 enim
346 720 101 59 non
404 720 144 59 tangit
505 720 173 59 mensuram
635 720 101 59 per

193 765 184 61 punctum,
331 765 107 61 sed
392 765 107 61 per
453 765 169 61 lineam,
576 765 138 61 sicut
653 765 61 61 di

197 812 109 62 xit
259 812 217 62 protagoras
429 812 93 62 in
476 812 109 62 sua
522 812 186 62 redargutio

187 869 100 51 ne
237 869 166 51 contra
353 869 232 51 Geometras,
536 869 149 51 neque
619 869 83 51 mo-

197 909 96 61 tus
252 909 137 61 coeli,
348 909 68 61 &
375 909 164 61 circulus
498 909 109 61 eius
566 909 123 61 sunt,
635 909 68 61 si-

196 956 100 63 cut
253 956 171 63 disponit
381 956 171 63 Scientia
510 956 200 63 stellarum.
653 956 57 63 ne

194 1005 112 62 que
258 1005 224 62 conueniunt
434 1005 160 62 puncta
545 1005 112 62 cum
593 1005 112 62 stel-

193 1053 106 45 lus
253 1053 91 45 in
284 1053 136 45 natura.

215 1109 74 39 In
252 1109 86 39 hoc
301 1109 98 39 cap.
362 1109 135 39 inducit
461 1109 148 39 rationes
559 1109 148 39 contrarias

193 1145 79 41 in
232 1145 92 41 hac
285 1145 145 41 quidne,
391 1145 159 41 dicente,
510 1145 106 41 quod
563 1145 145 41 Mathemati

194 1185 84 41 ti
236 1185 210 41 consyderant
404 1185 84 41 de
446 1185 140 41 natura
543 1185 140 41 media,
641 1185 70 41 &
655 1185 56 41 d.

200 1224 74 50 in
237 1224 124 50 quibus
324 1224 112 50 rebus
398 1224 87 50 opi
448 1224 161 50 quaerere,
572 1224 87 50 &c.
621 1224 74 50 i.
646 1224 62 50 per

199 1260 170 52 scrutandum
332 1260 85 52 est
381 1260 97 52 quae
442 1260 97 52 sunt
503 1260 146 52 subiecta
600 1260 109 52 istarum

189 1301 216 47 scientiarum,
364 1301 81 47 de
404 1301 135 47 quibus
499 1301 202 47 consyderant
647 1301 54 47 Ma

193 1337 177 42 thematrci.
332 1337 151 42 secundum
446 1337 101 42 enim
509 1337 151 42 sermonem
610 1337 88 42 dicen

198 1376 129 53 tium,
283 1376 114 53 quod
355 1376 214 53 consyderant
526 1376 86 53 de
569 1376 143 53 natura
655 1376 57 53 me

198 1421 88 37 dia
249 1421 138 37 apparet
349 1421 100 37 quod
412 1421 138 37 necesse
512 1421 100 37 est,
575 1421 75 37 vt
600 1421 113 37 consyde

192 1447 125 43 ratio
275 1447 83 43 de
317 1447 125 43 eodem
400 1447 97 43 sit
455 1447 83 43 in
497 1447 166 43 diuersis
607 1447 97 43 subie

197 1490 130 42 ctis.
283 1490 115 42 D.d.
355 1490 173 42 Quoniam,
485 1490 101 42 cum
542 1490 144 42 fuerit
629 1490 86 42 dif-

200 1532 145 51 ferentia
309 1532 109 51 inter
381 1532 181 51 Geometriam,
527 1532 85 51 &c.
575 1532 73 51 i.
599 1532 109 51 quoniam

191 1573 91 37 cum
243 1573 130 37 fuerit
334 1573 143 37 positum
438 1573 104 37 quod
503 1573 195 37 differentia
646 1573 52 37 in

198 1606 97 44 ter
254 1606 181 44 scientiam
393 1606 237 44 consyderantem
588 1606 84 44 de
616 1606 97 44 rebus

196 1647 226 42 sensibilibus,
382 1647 67 42 &
409 1647 120 42 inter
489 1647 226 42 consyderantem
662 1647 53 42 in

200 1685 117 51 istis
278 1685 117 51 rebus
356 1685 221 51 mathematicis,
539 1685 91 51 est
591 1685 104 51 quod
643 1685 65 51 con

199 1722 168 48 syderans
325 1722 84 48 in
367 1722 224 48 mathematicis
549 1722 84 48 in
591 1722 126 48 istis
661 1722 56 48 re

201 1760 98 52 bus
257 1760 195 52 consyderat
410 1760 84 52 de
452 1760 139 52 natura
550 1760 126 52 media
619 1760 98 52 inter

199 1800 188 58 sensibilia
346 1800 67 58 &
373 1800 148 58 formas,
481 1800 175 58 continget
602 1800 107 58 neces

734 149 117 45 sario
812 149 78 45 vt
851 149 207 45 consyderatio
1019 149 78 45 de
1058 149 104 45 omni
1110 149 142 45 sensibili

728 189 85 49 sit
776 189 121 49 duplex
861 189 146 49 scilicet
971 189 194 49 consyderatio
1129 189 73 49 in
1153 189 97 49 natura

734 229 158 50 sensibilis,
861 229 127 50 secundum
956 229 84 50 quod
1009 229 74 50 est
1051 229 148 50 sensibile,
1167 229 53 50 &
1178 229 63 50 con-

726 267 182 38 syderatio
866 267 84 38 in
908 267 140 38 natura
1007 267 126 38 medij
1091 267 126 38 inter
1161 267 84 38 for-

732 308 95 53 mas
787 308 68 53 &
814 308 204 53 sensibilia.
977 308 109 53 Omne
1045 308 136 53 igitur
1127 308 122 53 sensibi

732 343 65 43 le
765 343 118 43 habebit
851 343 86 43 duas
904 343 118 43 naturas
991 343 129 43 scilicet
1088 343 140 43 nautandum
1184 343 65 43 sen-

729 380 153 40 sibilem,
844 380 64 40 &
869 380 127 40 nausam
958 380 140 40 mediam.
1060 380 64 40 &
1085 380 89 40 sic
1136 380 102 40 erit
1187 380 51 40 ar

726 425 186 34 Medicinae
869 425 114 34 alia
940 425 71 34 a
969 425 171 34 medicina
1083 425 157 34 sensibili

735 461 99 51 D.d.
797 461 87 51 Sed
846 461 124 51 quismo
933 461 124 51 potest
1020 461 87 51 hoc
1069 461 124 51 esse:s
1156 461 87 51 &c.
1193 461 50 51 i.

733 498 58 50 &
757 498 152 50 contingit
873 498 93 50 huic
932 498 152 50 positioni
1049 498 140 50 scilicet
1154 498 70 50 si
1177 498 70 50 fue-

726 537 97 41 rit
782 537 111 41 haec
851 537 166 41 Medicina
975 537 194 41 sensibilis
1127 537 111 41 alia
1183 537 55 41 al

728 576 108 42 ista
795 576 175 42 Medicina,
929 576 81 42 vt
970 576 108 42 sint
1037 576 94 42 hae
1077 576 162 42 Medicinae,

724 617 186 45 recipientes
873 617 174 45 sanitatem,
1009 617 112 45 aliae
1084 617 74 45 ab
1121 617 124 45 instis
1195 617 50 45 Me

732 652 136 53 dicinis
831 652 210 53 sensibilibus,
1004 652 62 53 &
1029 652 74 53 vt
1066 652 87 53 sit
1115 652 87 53 hoc
1152 652 87 53 agens

722 690 186 52 sanitatem
865 690 129 52 aliud
951 690 86 52 ab
994 690 143 52 agente
1080 690 158 52 sensibili

726 731 92 38 Et,
779 731 92 38 cum
831 731 145 38 induxit
937 731 79 38 in
977 731 198 38 nopinabilia
1122 731 119 38 contin-

727 768 129 49 gentia
817 768 103 49 huic
882 768 167 49 opinioni,
1010 768 154 49 incoepit
1126 768 116 49 etiam
1191 768 51 49 in

728 805 136 38 ducere
823 805 163 38 rationes
946 805 163 38 mouentes
1068 805 95 38 eos
1122 805 81 38 ad
1149 805 95 38 dicen

725 845 104 35 dum
784 845 133 35 nausm
873 845 148 35 mediam
977 845 133 35 esse,
1066 845 74 35 &
1096 845 89 35 d.
1140 845 89 35 Et
1170 845 74 35 cum

728 880 87 43 hoc
777 880 137 43 dicimus
877 880 124 43 etiam,
964 880 99 43 quod
1026 880 112 43 sermo
1088 880 149 43 dicentium,

726 920 90 39 &c.
778 920 77 39 i.
816 920 129 39 Sedcum
906 920 90 39 hoc
958 920 167 39 inuenimus
1087 920 116 39 etiam
1151 920 90 39 quas-

730 956 89 43 dam
781 956 166 43 rationes,
909 956 77 43 ex
947 956 128 43 quibus
1037 956 128 43 pedent
1113 956 128 43 dicentes

730 1003 118 43 naturas
816 1003 108 43 medias
892 1003 97 43 esse.
956 1003 65 43 v.
989 1003 65 43 g.
1021 1003 129 43 quoniam,
1118 1003 65 43 si
1139 1003 108 43 scientia

729 1033 280 47 Mathematicorum
963 1033 218 47 consyderat
1134 1033 93 47 de
1165 1033 78 47 re-

729 1071 94 44 bus
782 1071 215 44 sensibilibus
957 1071 229 44 generabilibus
1146 1071 67 44 &
1159 1071 81 44 corn

729 1116 223 45 ruptibilibus,
913 1116 105 45 tunc
978 1116 158 45 scientia
1097 1116 118 45 eorum
1162 1116 79 45 cor-

723 1147 189 50 rumpetur
865 1147 110 50 cum
928 1147 236 50 corruptione
1101 1147 142 50 illarum

725 1189 133 37 rerum
814 1189 236 37 sensibilium:
1006 1189 103 37 sed
1065 1189 103 37 nos
1109 1189 133 37 videmus

725 1222 189 44 scientiam
870 1222 203 44 permanere,
1029 1222 73 44 &
1058 1222 102 44 non
1102 1222 131 44 transmu

729 1267 96 35 tari
789 1267 84 35 cum
837 1267 96 35 hoc,
896 1267 96 35 quod
956 1267 84 35 est
1004 1267 72 35 in
1040 1267 108 35 rebus
1100 1267 143 35 sensibili-

729 1301 104 51 bus:
794 1301 104 51 ergo
859 1301 143 51 necesse
963 1301 91 51 est
1014 1301 78 51 vt
1053 1301 91 51 sit
1105 1301 117 51 rerum
1170 1301 65 51 non

721 1339 305 47 transmutabilium.
980 1339 122 47 D.d.
1056 1339 137 47 Neque
1132 1339 107 47 etiam

732 1374 148 53 scientia,
845 1374 79 53 &c.
891 1374 68 53 i.
925 1374 102 53 neque
993 1374 102 53 etiam
1061 1374 136 53 scientia
1152 1374 79 53 forma

723 1413 104 45 rum
783 1413 163 45 orbium,
901 1413 74 45 &
931 1413 149 45 motuum
1035 1413 193 45 stellarum
1169 1413 74 45 est

722 1452 164 51 istorum
841 1452 179 51 corporum
975 1452 238 51 sensibilium.
1154 1452 89 51 Cir-

734 1492 107 52 culi
801 1492 107 52 enim
868 1492 134 52 quibus
962 1492 134 52 vtitur
1056 1492 201 52 Astrologus,
1204 1492 40 52 &

730 1530 127 40 lineae
819 1530 89 40 non
870 1530 102 40 sunt
934 1530 127 40 lineae
1023 1530 178 40 sensibiles
1150 1530 89 40 rema-

731 1572 76 49 net
774 1572 108 49 igitur
850 1572 76 49 aut
893 1572 65 49 vt
926 1572 86 49 illi
980 1572 130 49 circuli,
1077 1572 65 49 de
1109 1572 108 49 quibus
1174 1572 65 49 conm

729 1608 142 42 syderat
832 1608 194 42 Astrologus,
988 1608 103 42 sint
1052 1608 129 42 ficti,
1143 1608 90 42 aut
1181 1608 65 42 fal

732 1644 81 46 si,
778 1644 81 46 aut
824 1644 127 46 habeant
916 1644 92 46 esse
973 1644 104 46 aliud
1042 1644 69 46 ab
1077 1644 92 46 esse
1134 1644 104 46 rerum
1192 1644 58 46 sen

729 1686 181 45 sibilium.
869 1686 112 45 D.d.
938 1686 126 45 sicut
1022 1686 126 45 ponit
1092 1686 153 45 Geometer,

736 1725 82 50 &c.
783 1725 70 50 i.
818 1725 58 50 &
841 1725 210 50 existimabitur,
1016 1725 93 50 quod
1074 1725 128 50 subtum,
1167 1725 70 50 de
1191 1725 58 50 quo

734 1765 185 37 considerat
879 1765 225 37 Mathematicus,
1064 1765 92 37 non
1117 1765 92 37 est
1157 1765 92 37 rerum

731 1800 181 42 sensibilium,
878 1800 124 42 quoniam
968 1800 113 42 illud,
1047 1800 90 42 quod
1093 1800 158 42 demonstratur
