1475 2066
202 181 95 33 in
250 181 191 33 scientia
393 181 302 33 Mathematieorum,
647 181 111 33 non

221 212 90 39 est
273 212 116 39 verum
350 212 77 39 in
388 212 116 39 rebus
466 212 219 39 sensibilibus.
633 212 90 39 verbi

217 253 134 50 gratia
310 253 107 50 quod
377 253 120 50 linea
457 253 120 50 recta
537 253 93 50 non
577 253 147 50 inuenitur

211 290 82 47 in
252 290 233 47 sensibilibus,
445 290 165 47 secundum
568 290 110 47 quod
623 290 96 47 ponit

215 332 250 38 Mathematicus.
421 332 177 38 Geometer
554 332 118 38 enim
613 332 103 38 demon

215 368 127 52 strat,
304 368 102 52 quod
368 368 115 52 linea
445 368 115 52 recta
521 368 127 52 tangit
598 368 127 52 circulum

219 404 82 50 in
260 404 151 50 puncto:
370 404 96 50 sed
425 404 124 50 linea
507 404 192 50 sensibilis
658 404 96 50 non

218 452 141 44 tangit
316 452 169 44 circulum
443 452 211 44 sensibilem,
612 452 112 44 nisi
668 452 56 44 in

213 484 131 51 linea.
304 484 78 51 Et
343 484 170 51 similiter
474 484 117 51 ponit
552 484 104 51 quod
605 484 117 51 sphaera

218 520 126 50 tangit
307 520 177 50 supeficies
445 520 76 50 in
483 520 139 50 puncto:
584 520 88 50 sed
622 520 101 50 sphae-

214 558 84 54 ra
256 558 195 54 sensibilis
409 558 97 54 non
465 558 139 54 tangit
548 558 181 54 superficiem

217 597 195 38 sensibilem,
373 597 104 38 nisi
438 597 78 38 in
477 597 195 38 superficie.
633 597 65 38 &
646 597 78 38 ideo

220 637 223 50 Protagoras
395 637 191 50 sophista
523 637 207 50 redarguebat

220 676 180 38 Geometras,
361 676 64 38 &
387 676 141 38 dicebat
490 676 103 38 quod
554 676 154 38 scientia
657 676 64 38 eo-

214 714 96 48 rum
269 714 96 48 est
324 714 123 48 falsa
406 714 151 48 propter
516 714 110 48 hoc,
584 714 110 48 quod
639 714 82 48 acci

217 751 96 43 dit
272 751 110 43 eis.
341 751 151 43 Temanet
450 751 137 43 igitur
546 751 151 43 alterum
642 751 69 43 duo

215 789 99 45 rum.
276 789 86 45 aut
326 789 111 45 enim,
400 789 111 45 istae
474 789 161 45 scientiae
598 789 99 45 sunt
647 789 74 45 fal-

208 829 103 38 sae,
272 829 90 38 aut
324 829 154 38 subiecta
440 829 116 38 earum
517 829 103 38 sunt
581 829 90 38 res
620 829 103 38 insen-

209 868 153 46 sibiles.
324 868 102 46 D.d.
387 868 114 46 neque
464 868 114 46 motus
540 868 127 46 coeli,
629 868 89 46 &c.
667 868 51 46 i.

208 909 82 49 &
240 909 198 49 affirmat
389 909 214 49 opinionem
537 909 181 49 dicentium

202 946 208 40 subiectum
362 946 240 40 scientiarum
539 946 176 40 Mathemati

215 982 119 44 carum
294 982 93 44 est
347 982 119 44 aliud
427 982 66 44 a
453 982 119 44 rebus
519 982 199 44 sensibilibus,

211 1020 86 46 hoc
260 1020 86 46 est
309 1020 99 46 quod
371 1020 111 46 motus
445 1020 123 46 coeli,
532 1020 74 46 et
569 1020 136 46 circuli
655 1020 74 46 eius

209 1061 110 50 non
272 1061 221 50 conueniunt
446 1061 110 50 cum
509 1061 189 50 motibus,
635 1061 95 50 quos

210 1108 127 45 ponit
294 1108 197 45 Astrologus
449 1108 112 45 loco
519 1108 169 45 istorum,
632 1108 98 45 neque

206 1136 151 50 naturae
316 1136 178 50 stellarum
453 1136 110 50 sunt
521 1136 151 50 naturae
617 1136 110 50 puncto

206 1175 99 44 rum,
267 1175 99 44 quae
329 1175 172 44 Astrologus
464 1175 111 44 ponit
538 1175 99 44 loco
588 1175 135 44 stellarum

253 1252 134 52 Sunt
337 1252 151 52 autem
437 1252 184 52 quidam,
555 1252 167 52 dicentes

212 1293 115 53 esse
283 1293 143 53 quidem
383 1293 129 53 haec,
469 1293 115 53 quae
541 1293 186 53 formarum,
684 1293 72 53 &

208 1335 242 51 sensibilium
401 1335 145 51 media
498 1335 210 51 dicuntur,
643 1335 81 51 non

206 1376 133 42 tamen
295 1376 74 42 a
324 1376 236 42 sensibilibus
516 1376 192 42 separata,
649 1376 74 42 sec

202 1420 93 46 in
249 1420 124 46 eis.
327 1420 124 46 Quos
404 1420 124 46 quae
482 1420 248 46 impossibilia
668 1420 62 46 se

208 1468 204 47 quuntur,
361 1468 153 47 omnia
463 1468 170 47 quidem
565 1468 153 47 enumera

208 1509 87 38 re
251 1509 116 38 logi
323 1509 173 38 sermonis
453 1509 145 38 esset.
555 1509 173 38 sufficit
670 1509 58 38 au

205 1546 107 48 tem
266 1546 138 48 talia
358 1546 214 48 speculari.
526 1546 122 48 Nomn
603 1546 122 48 enim
664 1546 61 48 de

207 1589 94 38 his
260 1589 134 38 solum,
354 1589 80 38 vt
394 1589 94 38 ita
448 1589 80 38 se
488 1589 161 38 habeant,
595 1589 134 38 rationa-

215 1629 106 46 bile
281 1629 106 46 est,
347 1629 93 46 sed
400 1629 132 46 patet,
493 1629 106 46 quod
559 1629 119 46 etiam
625 1629 106 46 formas

213 1674 227 40 contingeret
394 1674 91 40 in
440 1674 242 40 sensibilibus
621 1674 106 40 esse.

203 1712 193 42 eiusdem
344 1712 140 42 enim
431 1712 210 42 rationis
571 1712 158 42 vtraque

206 1756 124 38 haec
283 1756 140 38 sunt.
376 1756 124 38 ltem
454 1756 109 38 duo
516 1756 155 38 solida
624 1756 93 38 in
655 1756 62 38 eo

213 1796 102 54 dem
272 1796 116 54 loco
344 1796 160 54 necesse
461 1796 131 54 esset
548 1796 131 54 esse,
636 1796 73 54 &
650 1796 73 54 non

211 1837 111 46 esse
280 1837 208 46 imnmobilia,
447 1837 83 46 in
488 1837 222 46 sensibilibus
655 1837 69 46 exi

738 165 192 53 stentia
877 165 175 53 motis.
999 165 105 53 Et
1052 165 175 53 omnino
1174 165 157 53 cuius

737 220 143 50 causa
833 220 127 50 quis
912 220 143 50 ponet
1007 220 159 50 quidem
1119 220 127 50 esse
1182 220 64 50 ea

737 254 120 44 esse
812 254 134 44 autem
901 254 90 44 in
946 254 239 44 sensibilibus
1140 254 75 44 *
1155 254 105 44 eadem

740 295 136 51 enim,
831 295 121 51 quae
907 295 197 51 praedicta
1058 295 136 51 sunt,
1134 295 121 51 absur-

734 340 98 50 da
783 340 229 50 sequentur.
962 340 131 50 erit
1044 340 163 50 nanque
1142 340 114 50 aliud

739 381 185 46 quoddam
874 381 168 46 coelum
991 381 185 46 praeter
1109 381 151 46 coelum:

739 420 116 55 nisi
812 420 116 55 quod
885 420 102 55 non
943 420 204 55 separatum,
1103 420 102 55 sed
1161 420 87 55 in
1190 420 73 55 eo-

744 461 102 46 dem
803 461 131 46 loco,
890 461 117 46 quod
963 461 248 46 impossibilius
1153 461 88 46 est.

785 533 94 67 Et
832 533 173 67 fingunt
958 533 173 67 quidam,
1084 533 126 67 quod
1147 533 110 67 ista,

744 581 119 61 quae
819 581 179 61 dicuntur
952 581 119 61 esse
1027 581 134 61 inter
1116 581 149 61 formas
1205 581 45 61 &

747 629 201 66 sensibilia,
907 629 134 66 habent
1001 629 121 66 esse,
1082 629 94 66 sed
1135 629 94 66 non
1176 629 80 66 sunt

741 677 173 66 separata
870 677 72 66 a
899 677 245 66 sensibilibus,
1101 677 115 66 immo
1173 677 115 66 sunt

744 725 86 61 in
787 725 242 61 sensibilibus.
986 725 114 61 Sed,
1057 725 86 61 si
1086 725 171 61 voluerimus

732 773 191 61 numerare
875 773 143 61 omnia
971 773 143 61 impos
1066 773 175 61 sibilia
1177 773 80 61 con

739 820 193 63 tingentia
887 820 208 63 sermonibus
1050 820 178 63 istorum,
1184 820 104 63 in

743 868 200 62 digebimus
896 868 154 62 multis
1004 868 230 62 sermonibus.
1188 868 108 62 sed

739 917 176 61 contenti
871 917 132 61 sumus
959 917 88 61 in
1003 917 117 61 hoc,
1076 917 117 61 quod
1135 917 132 61 dixcia,

733 964 122 62 mus.
809 964 106 62 Non
870 964 122 62 enim
946 964 106 62 est
1007 964 182 62 necesse,
1143 964 91 62 vt
1174 964 91 62 haec

743 1012 134 63 media
832 1012 119 63 sint
907 1012 89 63 in
951 1012 238 63 sensibilibus
1129 1012 134 63 tantum,

739 1060 104 63 sed
798 1060 208 63 manifestum
962 1060 104 63 est
1021 1060 133 63 quod,
1110 1060 89 63 si
1139 1060 119 63 fuerit

743 1109 93 61 pos
796 1109 133 61 sibile
889 1109 80 61 vt
929 1109 106 61 ista
995 1109 120 61 media
1075 1109 106 61 sint
1141 1109 80 61 in
1168 1109 93 61 sensi

747 1156 157 62 bilibus,
864 1156 91 62 pos
917 1156 131 62 sibile
1008 1156 117 62 etiam
1086 1156 104 62 erit
1152 1156 78 62 vt
1178 1156 78 62 for-

741 1204 101 62 mae
798 1204 115 62 sint
870 1204 86 62 in
913 1204 245 62 sensibilibus,
1115 1204 130 62 sermo
1187 1204 86 62 enim

743 1252 101 62 de
794 1252 168 62 formis
911 1252 84 62 &
944 1252 151 62 medus
1045 1252 117 62 est
1112 1252 151 62 idem.
1196 1252 67 62 Et

747 1301 124 61 etia,
830 1301 82 61 si
871 1301 96 61 ita
926 1301 151 61 fuerit,
1036 1301 178 61 continget
1173 1301 82 61 vt
1200 1301 69 61 duo

739 1332 185 78 corpora
874 1332 134 78 sint
957 1332 101 78 in
1008 1332 151 78 eodem
1109 1332 134 78 loco
1192 1332 84 78 &
1226 1332 101 78 Vt
1260 1332 50 78 M

742 1397 118 54 sint
816 1397 133 54 media
905 1397 192 54 immobilia
1052 1397 89 54 in
1082 1397 177 54 sensibili-

746 1444 106 46 bus
807 1444 213 46 mobilibus.
974 1444 91 46 Et
1020 1444 167 46 dicimus
1126 1444 137 46 vniuer-

743 1492 183 54 saliter,
880 1492 168 54 propter
1002 1492 122 54 quam
1078 1492 152 54 causam
1170 1492 91 54 fin-

741 1540 102 63 git
800 1540 160 63 aliquis
916 1540 116 63 haec
989 1540 131 63 media
1076 1540 131 63 esse,
1163 1540 73 63 &
1178 1540 87 63 esse

745 1589 91 61 in
790 1589 258 61 sensibilibus:
1002 1589 76 61 &
1033 1589 106 61 cum
1093 1589 121 61 hoc,
1169 1589 121 61 quod

738 1637 188 62 diximus,
879 1637 125 62 quod
957 1637 203 62 contingit
1098 1637 172 62 sermonia,

742 1684 101 46 bus
799 1684 174 46 istorum,
930 1684 159 46 accidit
1046 1684 116 46 etia
1118 1684 101 46 eis
1162 1684 101 46 aliud

749 1732 106 63 impos
820 1732 129 63 sibile,
914 1732 141 63 scilicet
1020 1732 71 63 vt
1055 1732 118 63 coelum
1138 1732 82 63 sit
1185 1732 106 63 aliud

739 1780 88 62 ab
783 1780 103 62 hoc
842 1780 147 62 coelo,
945 1780 103 62 non
1004 1780 191 62 separatum
1151 1780 88 62 ab
1195 1780 103 62 eo,

732 1828 116 62 sed
799 1828 116 62 cum
865 1828 99 62 eo
914 1828 99 62 in
964 1828 149 62 eodem
1063 1828 149 62 loco.
1163 1828 83 62 &
1179 1828 83 62 hoc
