1475 2066
176 157 103 49 est
235 157 221 49 definitorum
412 157 133 49 etiam
501 157 192 49 principia
633 157 74 49 ge-

193 198 107 44 nera
260 198 121 44 esse.
340 198 80 44 Et
380 198 80 44 si
420 198 134 44 entium
514 198 134 44 habere
595 198 107 44 scien-

194 242 127 40 tiam
274 242 111 40 est
337 242 143 40 ipsum
433 242 159 40 habere
528 242 175 40 specierum

192 282 229 40 scientiam,
372 282 196 40 secundum
519 282 131 40 quas
584 282 115 40 etiam

193 324 190 46 dicuntur,
340 324 190 46 specierum
486 324 190 46 principia
617 324 88 46 ipsa

189 365 155 49 genera
297 365 139 49 sunt.
390 365 186 49 Videntur
529 365 139 49 autem
606 365 93 49 qui-

191 413 119 37 dam
259 413 152 37 etiam
360 413 169 37 eorum,
479 413 119 37 qui
530 413 169 37 elementa

186 453 164 46 entium
300 453 147 46 ipsum
399 453 147 46 vnum,
497 453 115 46 aut
563 453 131 46 ens,
628 453 82 46 aut

184 484 179 46 magnum,
314 484 114 46 aut
379 484 163 46 paruum
493 484 179 46 dicunt,
607 484 98 46 tan-

196 528 123 50 quam
272 528 199 50 generibus
425 528 107 50 eis
487 528 123 50 vti.
563 528 107 50 Aut
609 528 92 50 vero

191 573 116 38 non
258 573 216 38 possibile
424 573 116 38 est
491 573 183 38 vtroque
607 573 100 38 modo

194 614 186 45 principia
337 614 158 45 dicere:
452 614 129 45 ratio
537 614 143 45 namque
623 614 72 45 sub

192 653 186 45 stantiae
331 653 124 45 vna.
409 653 171 45 diuersa
533 653 124 45 vero
595 653 109 45 erit.

199 694 103 49 quae
263 694 90 49 sit
315 694 90 49 per
366 694 141 49 genera:
468 694 179 49 definitio,
609 694 64 49 &
622 694 77 49 quae

195 739 155 48 dicit,
303 739 93 48 ex
350 739 155 48 quibus
443 739 264 48 inexistentibus,

194 781 89 45 Et
239 781 89 45 ad
283 781 134 45 haec,
372 781 74 45 &
402 781 89 45 si
447 781 119 45 quam
521 781 148 45 maxime
610 781 89 45 ipsa

191 829 150 45 genera
296 829 195 45 principia
446 829 135 45 sunt,
536 829 135 45 vtrum
611 829 90 45 pri-

190 870 95 46 ma
238 870 174 46 generum
364 870 238 46 arbitrandum
554 870 111 46 sit
602 870 95 46 esse

188 915 188 46 principia,
336 915 81 46 an
376 915 148 46 vltima,
484 915 108 46 quae
551 915 81 46 de
578 915 121 46 indiui-

190 954 114 41 duis
261 954 242 41 praedicantur.
460 954 142 41 etenim
560 954 100 41 hoc
602 954 100 41 dubi-

191 993 108 54 tatur.
267 993 65 54 Si
299 993 86 54 enim
353 993 119 54 quoniam
440 993 173 54 vniversalia,
580 993 97 54 magis
634 993 65 54 prin

188 1044 132 48 cipia
276 1044 132 48 sunt,
365 1044 132 48 patet
453 1044 118 48 quod
526 1044 162 48 suprema
629 1044 59 48 ge

189 1077 133 46 nerum.
282 1077 107 46 haec
349 1077 107 46 enim
415 1077 80 46 de
455 1077 147 46 omnibus
548 1077 147 46 dicuntur,

194 1124 104 38 Tot
254 1124 148 38 igitur
357 1124 193 38 principia
506 1124 148 38 entium
595 1124 104 38 erunt

186 1165 141 51 quot
274 1165 158 51 prima
380 1165 194 51 generum
521 1165 158 51 sunt.
609 1165 88 51 Qua

187 1205 107 45 re
241 1205 89 45 &
276 1205 161 45 ipsum
384 1205 143 45 ens,
473 1205 89 45 &
509 1205 161 45 ipsum
598 1205 107 45 vnum

183 1253 197 45 principia,
338 1253 70 45 &
366 1253 211 45 substantiae
534 1253 141 45 erunt,
619 1253 84 45 haec

188 1288 134 42 enim
272 1288 100 42 de
322 1288 184 42 omnibus
456 1288 167 42 maxime
556 1288 151 42 entibus

189 1329 162 53 dicuntur.
313 1329 87 53 Non
363 1329 87 53 est
413 1329 112 53 autem
487 1329 174 53 possibile,
612 1329 87 53 neque

190 1377 155 50 ipsum
293 1377 137 50 vnum
379 1377 172 50 entium
499 1377 137 50 esse
568 1377 137 50 genus,

190 1413 147 46 neque
287 1413 147 46 ipsum
385 1413 130 46 ens,
467 1413 179 46 necesse
581 1413 130 46 etenim

188 1456 87 42 est
237 1456 211 42 vniuscuiusque
411 1456 137 42 generis
511 1456 199 42 differentias
660 1456 50 42 et

189 1496 134 42 esse,
279 1496 75 42 &
308 1496 224 42 vnanquanque
487 1496 119 42 vnam
562 1496 134 42 esse.
636 1496 60 42 im

193 1541 182 48 possibile
333 1541 112 48 vero
403 1541 112 48 est,
473 1541 98 48 aut
529 1541 154 48 species
627 1541 84 48 gene

193 1578 98 48 ris
249 1578 84 48 de
291 1578 169 48 proprijs
418 1578 239 48 differentijis
601 1578 98 48 praed

193 1629 127 45 cari,
278 1629 99 45 aut
334 1629 127 45 genus
419 1629 141 45 absque
518 1629 113 45 suis
574 1629 127 45 specie-

194 1663 130 43 bus.
275 1663 147 43 Quare
373 1663 98 43 si
422 1663 147 43 vnum,
520 1663 114 43 vel
585 1663 114 43 ens
634 1663 65 43 ge

185 1707 99 40 nus
242 1707 114 40 est,
313 1707 128 40 nulla
398 1707 213 40 differentia
568 1707 99 40 nec
611 1707 85 40 vnum

183 1756 98 38 nec
239 1756 98 38 ens
295 1756 127 38 erit.
380 1756 98 38 at,
436 1756 84 38 si
478 1756 98 38 non
534 1756 155 38 genera,
633 1756 70 38 neo

189 1789 212 53 principia
352 1789 163 53 erunt:
466 1789 196 53 siquidem
596 1789 98 53 gene

185 1832 94 51 ra
232 1832 204 51 principia
374 1832 110 51 sunt.

764 147 86 72 Et
807 147 214 72 difficultas
978 147 100 72 est
1035 147 129 72 etiam
1121 147 86 72 in
1164 147 143 72 tegni.

714 197 142 65 tione
809 197 268 65 principiorum.
1014 197 221 65 perscrutadum

722 245 114 61 est
787 245 130 61 enim
868 245 146 61 vtrum
966 245 260 61 existimandum
1161 245 81 61 sit

716 293 130 61 quod
797 293 211 61 elementa,
960 293 81 61 &
992 293 211 61 principia
1138 293 98 61 sunt

720 340 172 63 genera,
846 340 110 63 aut
908 340 125 63 sunt
987 340 141 63 illa,
1080 340 94 63 ex
1112 340 125 63 quibus

720 388 146 65 fiunt
817 388 162 65 omnia.
930 388 146 65 verbi
1027 388 162 65 gratia
1125 388 113 65 vtrum

724 437 183 62 elementa
861 437 137 62 vocis
952 437 76 62 &
982 437 198 62 principia
1135 437 137 62 eius.

718 485 123 61 sunt
795 485 139 61 ista,
887 485 93 61 ex
934 485 154 61 quibus
1026 485 216 61 componuntur,

716 532 134 62 omnes
805 532 149 62 voces,
910 532 104 62 aut
969 532 104 62 sit
1029 532 104 62 vox
1073 532 164 62 vniuersa-

720 580 118 63 lis.
794 580 74 63 &
824 580 133 63 vtrum
912 580 192 63 elementae
1045 580 192 63 propositio-

722 629 107 61 num
783 629 122 61 sint
859 629 259 61 propsitiones,
1072 629 152 61 quarum
1164 629 76 61 de-

718 676 228 62 monstratio
897 676 146 62 habet
994 676 130 62 esse
1075 676 114 62 cum
1124 676 114 62 demon

719 724 199 63 stratione
871 724 168 63 aliarum
994 724 275 63 propositionum:

719 773 110 62 aut
782 773 173 62 elemeta
908 773 141 62 eorum
1002 773 110 62 est
1049 773 189 62 demonstra-

718 820 115 63 tio,
789 820 115 63 quae
861 820 101 63 est
919 820 144 63 omnium
1005 820 230 63 propositionum,

720 869 101 62 aut
777 869 173 62 plurium.
907 869 87 62 Et
951 869 130 62 etiam
1038 869 101 62 qui
1095 869 173 62 fingunt,

717 917 126 61 quod
796 917 188 61 elementa
937 917 126 61 sunt
1015 917 157 61 plura,
1125 917 78 61 &
1157 917 110 61 qui

719 964 180 63 fingunt
849 964 196 63 elementa
996 964 131 63 esse
1078 964 147 63 vnum,
1159 964 82 63 di-

713 1013 139 61 cunt,
805 1013 123 61 quod
882 1013 201 61 principia
1036 1013 170 61 corporu
1144 1013 93 61 sunt

719 1061 110 61 ea,
782 1061 95 61 ex
830 1061 158 61 quibus
940 1061 236 61 componuntur
1129 1061 79 61 &
1145 1061 95 61 con-

714 1109 212 61 stituuntur,
884 1109 127 61 sicut
968 1109 127 61 dicit
1053 1109 156 61 Empedo.
1152 1109 85 61 fin-

718 1157 104 62 git
777 1157 133 62 enim,
866 1157 119 62 quod
941 1157 178 62 elementa
1074 1157 119 62 sint
1133 1157 104 62 aqua,

715 1213 84 53 &
749 1213 152 53 ignis
850 1213 118 53 non
917 1213 253 53 vniuersalia
1102 1213 135 53 eorum,

720 1253 76 61 &
750 1253 122 61 quod
827 1253 199 61 composita
980 1253 122 61 sunt
1056 1253 92 61 ex
1102 1253 122 61 eis,
1178 1253 76 61 &

714 1300 81 63 in
755 1300 108 63 eis:
823 1300 95 63 sed
877 1300 95 63 non
931 1300 135 63 dicit,
1026 1300 108 63 quod
1094 1300 108 63 ista
1148 1300 81 63 ele-

718 1344 145 66 menta
814 1344 129 66 sunt
895 1344 145 66 sicut
991 1344 161 66 genera
1087 1344 145 66 entium.

723 1394 84 60 Et
765 1394 98 60 cum
821 1394 112 60 hoc,
891 1394 84 60 si
933 1394 154 60 aliquis
1045 1394 168 60 voluerit
1157 1394 84 60 sci-

719 1444 87 56 re
763 1444 160 56 naturas
880 1444 146 56 rerum,
982 1444 131 56 debet
1055 1444 189 56 perscrutari

721 1492 95 63 ex
769 1492 158 63 quibus
879 1492 253 63 componuntur.
1085 1492 142 63 verbi
1164 1492 79 63 gra

723 1535 112 68 tia,
793 1535 84 68 si
835 1535 153 68 aliquis
946 1535 167 68 voluerit
1072 1535 126 68 scire
1141 1535 98 68 natu-

717 1587 108 63 ram
778 1587 154 63 lecti,
886 1587 277 63 perscrutabitur
1117 1587 92 63 ex
1148 1587 92 63 qui-

722 1636 106 65 bus
783 1636 213 65 componiiur
950 1636 167 65 lectus.
1072 1636 106 65 cum
1117 1636 122 65 igitur

716 1685 179 66 sciuerit
851 1685 90 66 ex
895 1685 149 66 quibus
1000 1685 179 66 partibus
1119 1685 120 66 comps-

714 1732 141 62 nitur,
813 1732 71 62 &
841 1732 99 62 quo
897 1732 240 62 constituitur,
1095 1732 99 62 tuc
1137 1732 99 62 scies

719 1781 153 63 naturam
831 1781 126 63 eius.
914 1781 84 63 Ex
956 1781 126 63 istis
1040 1781 139 63 igitur
1123 1781 112 63 sermo-

708 1828 150 63 nibus
809 1828 284 63 declarabitur,
1042 1828 134 63 quod
1109 1828 134 63 genera
