1475 2066
215 140 123 47 etiam
297 140 109 47 esse
365 140 123 47 vnum,
447 140 150 47 opinati
556 140 109 47 sunt
610 140 123 47 princi-

218 177 99 46 pia
274 177 113 46 esse
345 177 240 46 indiuidualia,
542 177 85 46 ex
585 177 141 46 quibus
669 177 71 46 con

225 216 182 49 stituuntur
368 216 195 49 sensibilia,
523 216 78 49 vt
562 216 117 49 Empe.
640 216 91 49 qui
679 216 65 49 fin

230 261 100 43 git
287 261 114 43 quod
358 261 171 43 elementa
486 261 228 43 compositorum
657 261 85 43 sunt

231 291 97 53 aqua,
296 291 54 53 &
317 291 107 53 ignis,
392 291 54 53 &
414 291 86 53 aer,
468 291 54 53 &
489 291 107 53 terra.
564 291 129 53 scilicet
661 291 86 53 ista
704 291 43 53 in

234 329 159 49 diuidualia,
362 329 74 49 non
404 329 159 49 vniversalia
532 329 106 49 eorum,
606 329 96 49 verbi
659 329 85 49 gratia

232 366 142 44 corpus:
335 366 64 44 &
361 366 103 44 quod
426 366 116 44 omnia
503 366 168 44 composita
619 366 116 44 indiui-

230 408 136 34 dualia
326 408 82 34 ex
366 408 122 34 istis
448 408 218 34 componuntur,
625 408 68 34 &
652 408 95 34 per
693 408 54 34 ea

229 451 242 40 constituuntur:
430 451 67 40 &
457 451 94 40 non
511 451 162 40 opinatur
632 451 108 40 quod
686 451 54 40 ge

225 479 92 43 nera
282 479 138 43 istorum,
386 479 81 43 aut
432 479 173 43 vniversalia
570 479 104 43 eorum
627 479 115 43 intelle-

233 518 81 44 cta
280 518 93 44 sunt
338 518 140 44 elementa
443 518 186 44 vniversalia.
594 518 58 44 &
617 518 81 44 hoc
652 518 93 44 inten-

224 555 108 51 debat
296 555 84 51 cum
344 555 72 51 d.
379 555 84 51 sed
427 555 84 51 non
475 555 108 51 dicit
547 555 96 51 quod
607 555 108 51 insta
666 555 72 51 ele-

228 597 115 45 menta,
309 597 81 45 &c.
355 597 69 45 i.
390 597 81 45 sed
436 597 81 45 non
482 597 115 45 dicit,
563 597 92 45 quod
620 597 92 45 ista
666 597 81 45 sunt,

225 633 172 54 elementa,
357 633 92 54 sed
410 633 106 54 quod
476 633 106 54 sunt
542 633 119 54 quasi
621 633 119 54 genus
687 633 53 54 om

229 672 103 51 nium
294 672 219 51 generabilium.
474 672 77 51 Et
513 672 90 51 cum
564 672 77 51 d.
603 672 116 51 istos
668 672 64 51 di-

225 709 132 45 centes,
321 709 96 45 quod
381 709 156 45 principia
502 709 96 45 sunt
562 709 156 45 principia
670 709 72 45 sin-

231 749 120 51 gularia
319 749 77 51 non
362 749 175 51 vniversalia,
504 749 131 51 incoepit
603 749 109 51 dicere
668 749 77 51 etiam

223 789 151 45 rationes
337 789 126 45 eorum,
425 789 63 45 &
450 789 76 45 d.
488 789 76 45 Et
526 789 88 45 cum
576 789 101 45 hoc,
639 789 76 45 si
664 789 76 45 ali-

218 830 113 37 quis
288 830 183 37 voluerit,
429 830 99 37 &c.
486 830 85 37 i.
528 830 70 37 &
542 830 197 37 ratiocinatio

225 868 167 46 dicentium
354 868 180 46 singularia
495 868 103 46 esse
560 868 167 46 principia
676 868 64 46 non

220 905 177 53 intellecta,
362 905 59 53 &
386 905 106 53 quod,
456 905 71 53 si
492 905 130 53 aliquis
586 905 142 53 voluerit
681 905 59 53 sci

231 947 70 39 re
266 947 94 39 quid
325 947 82 39 est
372 947 129 39 lectus,
466 947 211 39 perscrutabitur
641 947 70 39 de
665 947 70 39 his,

227 980 81 52 ex
268 980 136 52 quibus
363 980 190 52 componitur
512 980 149 52 lectus.
621 980 95 52 cum
662 980 81 52 enim

222 1021 167 51 sciuerit
347 1021 97 51 ea,
403 1021 83 51 ex
444 1021 139 51 quibus
542 1021 208 51 componitur,
694 1021 42 51 &

228 1069 143 38 quomodo
332 1069 195 38 componitur,
489 1069 130 38 statim
580 1069 117 38 sciet
645 1069 91 38 natu-

224 1108 101 43 ram
281 1108 145 43 lecti.
383 1108 116 43 D.d.
455 1108 87 43 Ex
499 1108 130 43 istis
586 1108 116 43 ergo
644 1108 101 43 sermo

226 1136 119 62 nibus,
309 1136 83 62 &c.
357 1136 71 62 i.
392 1136 71 62 ex
428 1136 107 62 istis
499 1136 119 62 igitur
571 1136 166 62 ratiocinatio

226 1175 126 52 nibus,
314 1175 63 52 &
339 1175 88 52 eis
390 1175 163 52 similibus
515 1175 138 52 apparet
616 1175 100 52 quod
666 1175 75 52 vni-

230 1214 162 45 uersalia
351 1214 121 45 rerum
431 1214 94 45 non
485 1214 108 45 sunt
553 1214 175 45 principia
674 1214 67 45 ea-

226 1252 108 47 rum.
294 1252 135 47 Deinde
389 1252 162 47 incoepit
510 1252 122 47 etiam
591 1252 135 47 dicere
672 1252 68 47 ra-

217 1291 211 40 tiocinationes
391 1291 174 40 inducentes
528 1291 187 40 vniversalia
664 1291 75 40 esse

225 1332 187 46 principia,
372 1332 67 46 &
398 1332 80 46 d.
438 1332 80 46 Si
478 1332 120 46 autem
558 1332 134 46 scimus
639 1332 93 46 omnia

227 1369 78 41 ex
266 1369 246 41 definitionibus,
473 1369 90 41 &c.
524 1369 78 41 i.
563 1369 65 41 &
589 1369 103 41 ista
641 1369 90 41 ratio

233 1412 78 47 est
277 1412 156 47 sufficiens
400 1412 111 47 etiam.
478 1412 134 47 quoniam,
578 1412 78 47 cum
623 1412 111 47 fuerit
689 1412 45 47 po

229 1445 119 52 situm,
312 1445 95 52 quod
371 1445 142 52 scientia
478 1445 107 52 rerum
549 1445 83 52 est
597 1445 83 52 per
632 1445 107 52 defini-

227 1485 117 49 tiones
309 1485 117 49 earum:
391 1485 59 49 &
415 1485 117 49 fuerit
497 1485 141 49 positum,
602 1485 94 49 quod
649 1485 82 49 defi-

226 1526 161 49 nitiones
346 1526 161 49 sciuntur
467 1526 94 49 per
521 1526 148 49 genera:
615 1526 121 49 manife-

228 1561 90 54 stum
284 1561 90 54 est,
340 1561 90 54 quod
397 1561 146 54 contingit
509 1561 68 54 ex
543 1561 90 54 hoc,
599 1561 90 54 quod
644 1561 90 54 scien-

232 1600 93 54 tia
285 1600 120 54 rerum
365 1600 93 54 sit
419 1600 93 54 per
472 1600 134 54 genera
565 1600 134 54 earum.
659 1600 67 54 &
672 1600 67 54 cum

225 1638 158 54 coniungetur
352 1638 74 54 ei,
394 1638 84 54 quod
446 1638 126 54 scientia
541 1638 74 54 rei
583 1638 74 54 est
625 1638 74 54 per
656 1638 74 54 prin-

225 1689 106 33 cipia
296 1689 106 33 eius,
367 1689 177 33 concludetur
509 1689 71 33 ex
545 1689 83 33 hoc
592 1689 95 33 quod
639 1689 83 33 gene-

224 1716 85 55 ra
266 1716 127 55 rerum
351 1716 113 55 sunt
422 1716 198 55 principia.
577 1716 113 55 D.d.
648 1716 85 55 Et
676 1716 57 55 si

224 1756 153 54 possibile
342 1756 82 54 est
389 1756 70 54 vt
424 1756 117 54 entia,
506 1756 82 54 &c.
553 1756 70 54 i.
588 1756 59 54 &
612 1756 94 54 iste
659 1756 70 54 ser-

230 1793 78 49 mo
269 1793 92 49 est
321 1793 196 49 manifestus,
478 1793 157 49 quoniam,
596 1793 92 49 cum
635 1793 105 49 fuerit

759 133 154 52 positum,
874 133 102 52 quod
938 133 115 52 entia
1015 133 205 52 cognoscurtur
1182 133 90 52 per
1220 133 77 52 suas

761 176 160 53 formas,
878 176 102 53 pro
936 176 116 53 quas
1008 176 218 53 disponuntur
1168 176 116 53 secun-

760 213 98 54 dum
816 213 126 54 quid:
900 213 70 54 &
928 213 140 54 fuerit
1026 213 154 54 positum
1137 213 112 54 quod
1193 213 98 54 gene-

761 261 83 41 ra
803 261 111 41 sunt
872 261 181 41 principia
1011 261 167 41 instarum
1136 261 181 41 formarum:

763 290 203 53 concludetur,
928 290 101 53 quod
991 290 114 53 entia
1068 290 203 53 cognoscuntur
1220 290 63 53 per

760 327 101 52 sua
817 327 159 52 genera.
933 327 72 52 &
962 327 101 52 cum
1019 327 216 52 coniungetur
1178 327 101 52 huic,

763 365 101 45 quod
826 365 88 45 ea,
877 365 88 45 pro
927 365 101 45 quae
990 365 202 45 cognoscuntur
1154 365 101 45 res,
1204 365 76 45 sunt

766 411 174 45 principia
900 411 134 45 earum,
994 411 201 45 concludetur
1155 411 107 45 quod
1208 411 81 45 gene

762 441 97 53 ra,
818 441 111 53 quae
887 441 111 53 sunt
957 441 181 53 principia
1082 441 194 53 cognitionis,

760 480 102 43 non
819 480 117 43 sunt
892 480 190 43 principia
1038 480 175 43 essendi.
1169 480 117 43 D.d.
1228 480 58 43 Et

768 519 156 52 videtur
881 519 113 52 quod
952 519 142 52 quidam
1051 519 142 52 eorum,
1150 519 99 52 qui
1193 519 85 52 fin-

759 556 117 54 gunt,
837 556 91 54 &c.
889 556 78 54 i.
928 556 65 54 &
954 556 156 54 dicentes
1072 556 143 54 genera,
1163 556 117 54 faciunt

766 595 89 45 ea,
817 595 101 45 quae
880 595 101 45 sunt
944 595 76 45 ex
982 595 101 45 eis,
1045 595 114 45 sicut
1121 595 101 45 vnum
1184 595 63 45 &
1197 595 76 45 ens,

764 635 59 52 &
788 635 119 52 magnum
871 635 59 52 &
895 635 131 52 paruum,
990 635 59 52 &
1014 635 202 52 vniversaliter
1168 635 107 52 genera,

764 665 109 48 quae
832 665 163 48 dicuntur
955 665 150 48 vniuoce
1063 665 109 48 esse
1118 665 163 48 principia.

760 716 68 39 &
788 716 82 39 d.
829 716 96 39 hoc
883 716 164 39 videtur,
1006 716 109 39 quia
1075 716 137 39 quidam
1157 716 123 39 istorum

762 753 94 41 non
815 753 135 41 ponunt
910 753 135 41 genera
1004 753 108 41 esse
1071 753 189 41 principia,
1206 753 81 41 nisi

752 792 101 43 ea,
809 792 116 43 quae
882 792 173 43 dicuntur
1012 792 173 43 vniuoce.
1142 792 116 43 D.d.
1214 792 101 43 Sed

762 829 181 50 impossibile
907 829 84 50 est
955 829 72 50 vt
991 829 169 50 principia,
1123 829 84 50 &c.
1172 829 72 50 i.
1208 829 60 50 &
1220 829 60 50 im-

759 865 169 48 possibile
889 865 91 48 est
941 865 195 48 congregare,
1097 865 65 48 &
1123 865 130 48 facere
1201 865 78 48 con-

760 908 140 38 uenire
858 908 140 38 instos
956 908 168 38 sermones
1082 908 112 38 sibi
1138 908 140 38 contradi

759 945 144 41 centes,
864 945 92 41 ita
916 945 105 41 quod
981 945 170 41 principia
1099 945 170 41 inueniantur

750 994 165 41 duobus
865 994 148 41 modis
964 994 198 41 insimul.
1096 994 181 41 principia

762 1020 103 46 enim
826 1020 103 46 sunt
891 1020 206 46 substantiae:
1058 1020 64 46 &
1084 1020 180 46 substantia
1213 1020 64 46 est

760 1064 84 42 vna
808 1064 132 42 natura:
904 1064 168 42 vniversale
1035 1064 108 42 autem
1107 1064 60 42 &
1119 1064 156 42 indiuiduale

750 1100 111 38 sunt
819 1100 111 38 duae
889 1100 166 38 naturae.
1013 1100 97 38 hoc
1068 1100 111 38 enim
1124 1100 138 38 intelle-

755 1136 129 42 ctum,
840 1136 100 42 hoc
898 1136 129 42 autem
983 1136 200 42 sensibile.
1140 1136 143 42 Deinde
1226 1136 57 42 di

756 1173 85 56 cit
804 1173 61 56 &
829 1173 73 56 si
865 1173 121 56 dictum
950 1173 133 56 fuerit,
1047 1173 85 56 &c.
1095 1173 73 56 i.
1132 1173 61 56 &
1144 1173 133 56 contingit

762 1213 83 54 vt
804 1213 221 54 definitiones
984 1213 221 54 principiorum
1150 1213 125 54 diuersi

755 1253 175 51 ficentur.
889 1253 175 51 definitio
1024 1253 108 51 enim
1078 1253 188 51 principiorum

756 1300 121 45 secundum
846 1300 80 45 quod
897 1300 131 45 principia
997 1300 80 45 sunt
1048 1300 101 45 genera
1118 1300 50 45 &
1128 1300 141 45 vniversalia,

757 1332 81 49 est
804 1332 93 49 alia
862 1332 58 49 a
885 1332 174 49 definitione
1025 1332 116 49 eorum,
1106 1332 140 49 secundum
1199 1332 70 49 quod

750 1367 113 45 sunt
821 1367 142 45 partes
920 1367 99 45 rei
977 1367 227 45 definibilis.
1161 1367 99 45 Et,
1203 1367 71 45 cum

755 1415 129 35 dedit
840 1415 229 35 dubitationes
1026 1415 229 35 contingentes
1198 1415 71 35 po-

755 1443 156 47 nentibus
872 1443 169 47 principia
1002 1443 104 47 esse
1067 1443 91 47 aut
1119 1443 91 47 non
1171 1443 104 47 esse
1223 1443 52 47 ge

757 1493 116 38 nera,
834 1493 155 38 incoepit
951 1493 129 38 dicere
1041 1493 90 38 est
1080 1493 193 38 difficultatem

750 1525 235 52 contingentem,
944 1525 69 52 &
971 1525 235 52 inquisitionem
1165 1525 83 52 in
1192 1525 83 52 posi

750 1567 130 47 tione
836 1567 130 47 eorum
923 1567 159 47 essendi
1039 1567 159 47 genera.
1155 1567 72 47 &
1184 1567 87 47 d.
1213 1567 58 47 Et

758 1600 84 52 cum
806 1600 96 52 hoc,
866 1600 72 52 si
903 1600 133 52 fuerint
999 1600 120 52 genera
1083 1600 169 52 principia,
1204 1600 60 52 &c.

756 1641 119 49 idest,
839 1641 59 49 &
863 1641 83 49 cum
910 1641 95 49 hoc,
970 1641 71 49 si
1005 1641 202 49 concesserimus
1171 1641 95 49 quod
1219 1641 47 49 ge

751 1677 103 45 nera
815 1677 103 45 sunt
880 1677 180 45 principia,
1021 1677 154 45 nascetur
1137 1677 90 45 hic
1176 1677 90 45 locus

759 1716 207 50 perscrutationis
934 1716 55 50 &
956 1716 186 50 difficultatis
1108 1716 131 50 scilicet
1196 1716 76 50 vtrum

761 1765 142 45 principia
870 1765 87 45 sint
925 1765 142 45 altissima
1034 1765 120 45 genera,
1122 1765 131 45 scilicet
1209 1765 55 45 ge-

752 1796 204 55 neralissima,
918 1796 89 55 aut
969 1796 140 55 vltima,
1071 1796 102 55 quae
1122 1796 153 55 diuiduntur
