1475 2066
211 173 146 45 siodi
308 173 195 45 fuerunt,
455 173 81 45 &
487 173 163 45 cuncti
585 173 146 45 Theolo-

212 221 113 45 gi,
276 221 145 45 solum
373 221 129 45 quom
454 221 97 45 ad
502 221 129 45 sibi
567 221 161 45 persuade

222 261 137 45 rent,
313 261 137 45 curae
404 261 213 45 habuerunt,
571 261 106 45 nos
617 261 121 45 autem,

213 304 315 50 contempserunt.
475 304 122 50 Cum
545 304 140 50 enim
615 304 122 50 prin-

211 343 151 51 cipia
312 343 134 51 Deos
396 343 218 51 facerent,
564 343 84 51 &
598 343 101 51 ex
631 343 101 51 Dijs

213 382 151 44 fuisse
318 382 196 44 dicerent,
469 382 211 44 quaecunque
635 382 105 44 non
680 382 60 44 gu

218 425 192 41 starunt
357 425 192 41 nectar,
497 425 87 41 &
514 425 210 41 ambrosiam,

221 469 192 44 mortalia
365 469 160 44 dicunt
477 469 176 44 fuisse.
589 469 144 44 Manife-

215 509 100 45 stum
278 509 113 45 autem
354 509 100 45 est:
416 509 100 45 quod
479 509 100 45 sibi
542 509 113 45 ipsis
617 509 100 45 haec
667 509 63 45 no-

219 552 117 50 mina
292 552 160 50 cognita
409 552 190 50 dicentes,
555 552 175 50 talesque
672 552 58 50 af

221 596 186 38 ferentes
361 596 171 38 causas,
486 596 140 38 supra
579 596 140 38 vires
656 596 78 38 no-

222 637 135 38 stras
312 637 195 38 dixerunt.
462 637 120 38 nam.
536 637 90 38 si
566 637 165 38 volupta

216 685 109 37 tis
279 685 156 37 gratia
388 685 94 37 ea
435 685 234 37 attigerunt,
606 685 125 37 nequa-

224 717 112 46 quam
294 717 112 46 sunt
365 717 141 46 ipsius
463 717 112 46 esse
533 717 127 46 causa
603 717 127 46 nectar,

229 757 68 48 &
257 757 177 48 ambrosia,
392 757 109 48 quod
460 757 82 48 si
501 757 136 48 ipsius
596 757 109 48 esse
651 757 82 48 gra-

215 804 134 40 tia,
299 804 184 40 quomodo
433 804 167 40 essent
533 804 201 40 sempitern-

227 843 117 48 cum
294 843 200 48 alimento
444 843 267 48 indigerenteu
661 843 117 48 Sed

219 885 96 45 de
267 885 129 45 his,
347 885 96 45 qu
396 885 193 45 fabulose
540 885 80 45 &
556 885 177 45 sophisti.

215 933 100 37 ce
265 933 216 37 dicuntur,
432 933 116 37 non
498 933 116 37 est
565 933 166 37 dignum
664 933 67 37 ac

212 965 158 46 curate
323 965 252 46 consyderare.
527 965 95 46 Ab
575 965 142 46 illis
653 965 79 46 ve-

210 1011 119 39 ro,
278 1011 119 39 qui
346 1011 119 39 per
413 1011 322 39 demonstrationem
667 1011 68 39 di

221 1060 136 39 cunt,
311 1060 151 39 petere
417 1060 181 39 oportet,
552 1060 90 39 ac
582 1060 151 39 interro-

213 1100 134 46 gare,
303 1100 105 46 cur
362 1100 105 46 cum
422 1100 90 46 ex
467 1100 149 46 eisdem
572 1100 134 46 sint,
646 1100 90 46 haec

218 1133 178 46 quidem
343 1133 178 46 entium
468 1133 250 46 sempiterna
646 1133 89 46 na-

212 1175 132 57 tura
294 1175 148 57 sunt,
393 1175 132 57 haec
475 1175 132 57 vero
541 1175 197 57 corrumpunm

224 1221 101 38 tur:
288 1221 89 38 cum
338 1221 114 38 autem
414 1221 114 38 neque
490 1221 127 38 dicant
579 1221 139 38 causam,
668 1221 63 38 ne-

221 1268 105 38 que
281 1268 225 38 rationabile
461 1268 105 38 sit
521 1268 105 38 ita
581 1268 90 38 se
611 1268 120 38 habere

220 1301 122 54 patet
302 1301 109 54 quod
370 1301 95 54 non
424 1301 109 54 sunt
492 1301 122 54 eorum
574 1301 122 54 eadem
642 1301 95 54 prin-

212 1344 135 50 cipia
302 1344 135 50 neque
392 1344 165 50 causae.
511 1344 150 50 Emped.
601 1344 135 50 nanque,

214 1384 139 43 quem
300 1384 139 43 quis
387 1384 173 43 maxime
509 1384 139 43 sibi
595 1384 139 43 ipsi
665 1384 69 43 pu

219 1429 165 44 tauerit
339 1429 165 44 consona
459 1429 165 44 dicere,
580 1429 90 44 is
610 1429 120 44 quoque

223 1468 114 56 idem
294 1468 142 56 passus
394 1468 114 56 est.
465 1468 128 56 ponit
550 1468 114 56 enim
607 1468 128 56 quoddam

216 1513 229 49 principium
396 1513 262 49 corruptionis
592 1513 147 49 causam,

215 1551 281 43 contentionem.
447 1551 248 43 nihilominus
629 1551 116 43 tamen

216 1599 81 50 &
248 1599 130 50 haec
329 1599 211 50 videbitur
491 1599 211 50 generare,
637 1599 97 50 prae

225 1634 114 49 ter
290 1634 147 49 Deum,
388 1634 147 49 dicit
469 1634 114 49 enim.

241 1677 91 54 Ex
286 1677 151 54 quibus
392 1677 136 54 omnia
482 1677 121 54 quae
558 1677 151 54 erant,
648 1677 91 54 quae

222 1718 140 44 sunt,
316 1718 171 44 quaeque
440 1718 93 44 in
487 1718 187 44 posterum
612 1718 125 44 erunt,

209 1757 105 53 Ac
262 1757 193 53 arbores
402 1757 280 53 pullularunt,
630 1757 88 53 &
647 1757 88 53 vi-

210 1801 143 49 ri,
291 1801 122 49 ac
352 1801 265 49 mulieres,
556 1801 183 49 (triti,

214 1843 131 55 Ferae,
306 1843 183 55 alitecque,
450 1843 66 55 &
476 1843 131 55 pisces
568 1843 79 55 in
607 1843 118 55 aquae
672 1843 66 55 nu

767 173 99 55 Ac
817 173 116 55 Dii
867 173 182 55 longaeui.

749 228 96 49 At
797 228 144 49 etiam
893 228 160 49 absque
1005 228 112 49 his
1070 228 160 49 patet.
1166 228 96 49 nam.

746 260 89 51 si
791 260 104 51 non
850 260 163 51 inesset
969 260 89 51 in
1013 260 133 51 rebus
1087 260 178 51 contentio,

754 302 129 44 vnum
834 302 161 44 omnia,
947 302 96 44 vt
995 302 129 44 ait,
1075 302 177 44 essent.
1188 302 80 44 cum

745 349 143 37 enim
835 349 269 37 conueniant,
1050 349 143 37 tunc
1122 349 143 37 extima

745 386 214 40 statuitur
909 386 230 40 contentio.
1090 386 132 40 Vnde
1172 386 82 40 &
1189 386 82 40 ac-

749 429 151 45 cidit
850 429 101 45 ci
900 429 268 45 felicissimum
1118 429 134 45 Deum
1185 429 84 45 mi-

748 468 108 46 nus
809 468 200 46 sapientem
963 468 184 46 caeteris
1101 468 138 46 esse.
1193 468 108 46 non

747 510 143 44 enim
837 510 233 44 cognoscit
1016 510 161 44 omnia
1106 510 161 44 elemen-

751 558 105 36 ta.
811 558 240 36 contentionem
1006 558 150 36 nanque
1112 558 105 36 non
1157 558 105 36 habet

756 589 185 45 cognitio
894 589 139 45 autem
987 589 169 45 similis
1094 589 139 45 simili.

770 636 142 49 Terra
865 636 126 49 enim
943 636 126 49 ait,
1022 636 157 49 terram
1116 636 142 49 inspici

750 684 146 44 mus,
841 684 164 44 aquam
950 684 146 44 vero
1023 684 128 44 aquas

763 717 206 54 Aetherae
917 717 154 54 autem
1020 717 206 54 iaethera
1157 717 137 54 diuum,

751 758 123 57 sed
822 758 141 57 igne
910 758 159 57 ignem
998 758 229 57 manifestum.

768 800 104 43 Ac
820 800 209 43 amicitia
976 800 244 43 amicitiam,
1168 800 87 43 &
1185 800 87 43 con

754 852 196 44 tentionem
905 852 226 44 contentione
1071 852 196 44 pernitiosa,

752 883 116 55 Sed
819 883 132 55 vnde
901 883 149 55 sermo
1000 883 215 55 digressus
1166 883 132 55 est:

749 925 118 46 hoc
816 925 118 46 est
884 925 252 46 manifestum,
1085 925 134 46 quod
1152 925 118 46 acci-

751 970 118 40 dit
818 970 118 40 ei,
886 970 269 40 contentionem
1104 970 118 40 non
1154 970 118 40 magis

749 1008 248 42 corruptionis,
954 1008 117 42 quam
1027 1008 146 42 ipsius
1129 1008 117 42 esse
1187 1008 88 42 cau-

758 1049 106 49 sam
819 1049 137 49 esse.
910 1049 198 49 similiter
1062 1049 106 49 nec
1108 1049 167 49 amicitiam

754 1094 163 53 ipsius
868 1094 146 53 esse.
965 1094 114 53 cum
1030 1094 130 53 enim
1095 1094 179 53 congreget

748 1133 102 45 in
799 1133 154 45 vnum.
902 1133 222 45 corrumpit
1072 1133 205 45 caetera.
1226 1133 85 45 &

753 1174 143 44 simul
849 1174 159 44 ipsius
960 1174 303 44 transmutationis
1199 1174 80 44 nul

754 1216 100 43 lam
811 1216 143 43 causam
911 1216 143 43 dicit,
1011 1216 115 43 nisi
1083 1216 115 43 quid
1154 1216 100 43 ita
1197 1216 72 43 na-

749 1261 130 48 tura
830 1261 146 48 aptum
927 1261 130 48 est.
1009 1261 114 48 ait
1057 1261 114 48 enim.

770 1301 167 57 Magna
882 1301 242 57 contentio
1068 1301 111 57 in
1105 1301 167 57 membris

752 1344 179 43 nutrita
865 1344 114 43 fuit.

766 1381 104 53 Ac
818 1381 104 53 ad
870 1381 191 53 honores
1009 1381 209 53 ascendit
1148 1381 122 53 tempo

748 1425 97 48 re
780 1425 177 48 perfecto.

779 1465 126 57 Quod
858 1465 111 57 eis
921 1465 111 57 cum
985 1465 190 57 alternum
1127 1465 126 57 sit,
1190 1465 79 57 am-

757 1510 138 47 plum
843 1510 242 47 praecessit
1016 1510 242 47 iusiurandum.

760 1550 171 55 Tanquam
885 1550 171 55 necesse
1009 1550 109 55 sit
1072 1550 156 55 quidem
1165 1550 109 55 trant

749 1598 160 51 mutari,
866 1598 145 51 causam
967 1598 131 51 tamen
1054 1598 203 51 necessario
1199 1598 73 51 nul

756 1633 85 41 lam
804 1633 181 41 manifestat.
949 1633 121 41 tantum
1034 1633 109 41 tamen
1107 1633 97 41 sibi
1167 1633 97 41 ipsi
1216 1633 60 41 con

757 1677 174 45 sentanee
888 1677 145 45 dicit,
990 1677 116 45 quod
1062 1677 102 45 non
1120 1677 131 45 facit
1193 1677 87 45 haec

756 1716 182 54 quidem
883 1716 182 54 entium
992 1716 273 54 corruptibilia

762 1760 113 42 haec
832 1760 113 42 vero
903 1760 282 42 incorruptibilia.
1142 1760 99 42 sed
1184 1760 99 42 omnia

753 1804 288 37 corruptibilia,
993 1804 176 37 praeter
1105 1804 176 37 elementa.

755 1843 139 55 Quae
841 1843 156 55 autem
945 1843 191 55 dicitur
1084 1843 139 55 nunc
1154 1843 121 55 dubi
