1475 2066
200 139 131 63 lia,
282 139 82 63 &
314 139 98 63 ex
363 139 213 63 quibusdam
511 139 213 63 incorrupti-

209 189 162 45 bilia.
322 189 114 45 hoc
387 189 130 45 enim
468 189 114 45 non
533 189 114 45 est
582 189 146 45 rectum:

206 236 95 54 sed
261 236 95 54 aut
315 236 204 54 impossibile
478 236 95 54 est
532 236 95 54 hoc
586 236 122 54 esse,
654 236 68 54 au-

209 284 173 59 indiget
335 284 142 59 multo
430 284 173 59 sermone
556 284 95 59 ad
587 284 142 59 confir-

216 329 155 50 mandum
324 329 124 50 hoc.
402 329 93 50 Et
448 329 155 50 etianm
557 329 155 50 nullus
650 329 78 50 di-

213 376 122 63 xit,
289 376 122 63 quod
366 376 199 63 principia
518 376 122 63 sunt
579 376 138 63 diuersa

209 426 107 57 sed
270 426 138 57 omnes
362 426 215 57 finxerunt,
531 426 123 57 quod
592 426 138 57 princi-

205 469 125 60 pia
277 469 179 60 omnium
402 469 143 60 sunt
491 469 179 60 eadem,
616 469 89 60 &
634 469 89 60 vo-

209 516 174 63 luerunt
335 516 237 63 perscrutari
525 516 95 63 de
556 516 174 63 praedicta

213 564 207 62 quaestione,
379 564 83 62 vt
420 564 124 62 illi,
503 564 96 62 qui
544 564 179 62 perscruta

216 613 87 61 ti
259 613 116 61 sunt
331 613 87 61 de
375 613 101 61 hac
418 613 188 61 quaestione.

256 676 104 54 Ista
321 676 156 54 quaestio
438 676 91 54 sit
490 676 143 54 ponendo
593 676 104 54 esse
645 676 78 54 ali-

206 717 101 52 qua
263 717 101 52 hic
321 717 173 52 aeterna,
451 717 72 52 &
480 717 144 52 aliqua
566 717 159 52 corrupti-

209 758 146 50 bilia,
312 758 73 50 &
341 758 160 50 vtraque
457 758 146 50 habere
545 758 175 50 principia.

215 796 80 51 Et
255 796 80 51 d.
294 796 120 51 Qnam,
374 796 80 51 si
414 796 173 51 principia
547 796 120 51 rerum
614 796 106 51 corru-

206 832 194 50 ptibilium,
359 832 97 50 &c.
414 832 83 50 i.
456 832 83 50 si
498 832 111 50 enim
553 832 167 50 dixerimus,

213 870 106 54 quod
279 870 172 54 principia
412 870 119 54 rerum
478 870 252 54 incorruptibilium,

210 908 69 46 &
238 908 250 46 corruptibilium
446 908 111 46 sunt
516 908 139 46 eadem,
599 908 125 46 quomodo

214 954 86 40 ex
257 954 143 40 eisdem
356 954 200 40 principiis
513 954 128 40 fiunt
584 954 143 40 corrupti

207 989 125 49 bilia
291 989 70 49 &
318 989 292 49 incorruptibilia:s
569 989 70 49 &
597 989 125 49 causa
666 989 56 49 in

206 1029 209 51 aeternitate
373 1029 70 51 &
401 1029 209 51 corruptione
568 1029 111 51 sunt
624 1029 97 51 prin-

210 1066 129 51 cipia:
301 1066 104 51 D.d.
365 1066 155 51 Epicurei
482 1066 129 51 autem,
573 1066 65 51 &
598 1066 117 51 omnes
663 1066 52 51 lo

210 1107 159 46 quentes
325 1107 87 46 in
369 1107 174 46 Diuinis,
499 1107 101 46 &c.
557 1107 72 46 &
572 1107 159 46 intendit,

206 1142 92 49 per
258 1142 170 49 loquentes
389 1142 78 49 in
428 1142 144 49 Diuinis
533 1142 170 49 loquentes
651 1142 78 49 ser-

204 1181 143 39 monem
300 1181 143 39 extra
395 1181 239 39 intellectum
571 1181 159 39 hominis.

209 1220 66 52 &
235 1220 105 52 ideo
301 1220 132 52 dixit,
393 1220 105 52 quod
459 1220 105 52 isti
525 1220 79 52 in
564 1220 145 52 sermone
656 1220 66 52 suo

215 1259 190 50 sufficiunt
365 1259 122 50 sibi,
446 1259 95 50 non
500 1259 136 50 nobis:
595 1259 109 50 quia
650 1259 81 50 ipsi

200 1295 233 56 intelligunt
387 1295 109 56 per
449 1295 202 56 Apologos,
588 1295 140 56 aliquas

215 1337 224 41 intentiones,
397 1337 98 41 per
453 1337 112 41 quas
524 1337 112 41 sunt
580 1337 140 41 contenti

211 1375 110 44 D.d.
280 1375 137 44 Ponunt
376 1375 110 44 enim
445 1375 178 44 principia
582 1375 110 44 esse
637 1375 82 44 Deos

206 1416 69 49 &
234 1416 83 49 ex
275 1416 124 49 Deis.
358 1416 124 49 idest
441 1416 138 49 ponunt
538 1416 110 49 enim
593 1416 124 49 princi-

210 1453 97 49 pia
266 1453 153 49 eiusdem
377 1453 167 49 naturae,
502 1453 69 49 &
530 1453 153 49 faciunt
641 1453 83 49 ea
668 1453 56 49 di

206 1493 136 49 uina,
296 1493 75 49 &
327 1493 106 49 est
387 1493 151 49 natura
493 1493 136 49 rerum
568 1493 151 49 ingenera

205 1531 170 39 bilium:
328 1531 77 39 &
359 1531 170 39 faciunt
483 1531 124 39 Deos
545 1531 185 39 corruptibi

211 1568 92 42 les
263 1568 79 42 ex
303 1568 303 42 incorrumpeibilibus.
566 1568 105 42 D.d.
619 1568 105 42 causam

212 1606 113 53 eorum
288 1606 75 53 in
325 1606 100 53 hoc,
388 1606 63 53 &
413 1606 75 53 d.
451 1606 63 53 &
476 1606 138 53 fingunt
576 1606 100 53 quod
626 1606 88 53 prin-

209 1645 135 51 cipia,
304 1645 108 51 quae
372 1645 95 51 non
426 1645 149 51 potant,
534 1645 95 51 &c.
588 1645 81 51 i.
615 1645 108 51 dicunt

202 1693 109 36 quod
270 1693 109 36 Dii,
338 1693 95 36 qui
393 1693 136 36 potant
488 1693 122 36 aquam
569 1693 82 36 de
597 1693 122 36 talilo-

206 1722 84 40 co
248 1722 127 40 noto,
332 1722 70 40 &
361 1722 155 40 gustant
473 1722 84 40 de
515 1722 127 40 tali,
600 1722 112 40 sunt
656 1722 56 40 im

207 1764 194 49 mortales:
356 1764 75 49 &
386 1764 120 49 Dii,
461 1764 105 49 qui
521 1764 105 49 non
566 1764 149 49 gustant,

203 1799 120 43 sunt
278 1799 194 43 mortales.
427 1799 120 43 D.d.
502 1799 209 43 Manifestum
651 1799 75 43 est

744 141 132 52 igitur,
840 141 96 52 quod
900 141 96 52 ipsi
960 141 144 52 dixerunt
1069 141 108 52 ista,
1141 141 84 52 &c.
1189 141 72 52 i.
1225 141 60 52 &

745 180 162 46 diximus,
867 180 108 46 quod
935 180 203 46 sollicitudo
1097 180 122 46 eorum
1164 180 95 46 fuit,

752 217 74 48 vt
789 217 185 48 sufficerent
936 217 111 48 sibi:
1010 217 98 48 quia
1072 217 148 48 dixerunt
1170 217 86 48 ista,

740 261 70 37 &
768 261 112 37 ipsi
838 261 210 37 intelligunt
1006 261 224 37 intentiones,
1175 261 84 37 quas

745 294 121 53 ipsi
820 294 287 53 apologixauerunt
1062 294 91 53 in
1107 294 121 53 hoc.
1167 294 91 53 D.d.

745 331 83 51 ed
787 331 111 51 hoc,
856 331 111 51 quod
926 331 181 51 posuerunt
1065 331 83 51 de
1106 331 125 51 istis
1176 331 83 51 cau-

744 369 110 41 sis,
813 369 96 41 &c.
868 369 82 41 i.
909 369 69 41 &
936 369 110 41 hoc,
1005 369 110 41 quod
1074 369 178 41 posuerunt
1197 369 55 41 de

745 413 204 48 differentia
909 413 123 48 inter
990 413 218 48 corruptibile
1167 413 68 48 &
1181 413 68 48 in-

745 453 240 37 corruptibile,
942 453 99 37 est
999 453 127 37 extra
1070 453 183 37 intellectum

739 484 148 46 hominis.
850 484 111 46 quam,
924 484 74 46 si
961 484 124 46 potant
1048 484 111 46 aquam
1122 484 74 46 de
1159 484 99 46 illo
1209 484 49 46 lo

746 524 89 44 co,
797 524 63 44 &
822 524 165 44 recipiunt
949 524 114 44 cibum
1025 524 76 44 ab
1063 524 101 44 illo
1126 524 101 44 loco
1177 524 76 44 alio

742 565 142 45 propter
845 565 232 45 delectationem,
1039 565 103 45 tunc
1090 565 168 45 delectatio,

744 605 124 43 secundum
837 605 83 43 quod
888 605 72 43 est
929 605 155 43 delectatio,
1053 605 72 43 non
1094 605 72 43 est
1136 605 93 43 causa
1187 605 62 43 per-

735 636 199 48 manentiae
888 636 184 48 alicuius
1026 636 123 48 rei.
1102 636 169 48 Deindem
1210 636 61 48 di

744 676 94 47 cit:
803 676 141 47 quoniam,
909 676 70 47 si
944 676 153 47 receptio,
1061 676 82 47 &c.
1108 676 117 47 idest,
1190 676 59 47 &
1202 676 47 47 si

735 717 187 53 accipiunt
879 717 130 53 potum
965 717 86 53 ab
1008 717 115 53 illo
1080 717 130 53 loco,
1167 717 72 53 &
1181 717 72 53 ci-

744 757 106 37 bum
804 757 91 37 ab
850 757 136 37 alio,
940 757 91 37 vt
985 757 106 37 non
1046 757 211 37 moriantur,
1197 757 60 37 mi

742 794 104 52 rum
802 794 104 52 est
861 794 104 52 quo
920 794 119 52 modo
995 794 104 52 qui
1054 794 163 52 indiget
1158 794 89 52 cibe

746 834 76 48 &
776 834 122 48 potu
853 834 183 48 remaneat
990 834 92 48 in
1036 834 199 48 aeternum.
1174 834 76 48 ci-

741 869 106 53 bus
801 869 136 53 enim,
892 869 76 53 &
923 869 136 53 potus
1014 869 106 53 non
1074 869 121 53 sunt
1135 869 106 53 neces

745 914 139 45 sarij,
842 914 111 45 nisi
912 914 83 45 vt
954 914 195 45 restaurent
1093 914 153 45 corruptum

746 951 145 43 quomodo
851 951 132 43 igitur
944 951 145 43 remanet
1049 951 158 43 aeternum
1155 951 92 43 illud

745 989 112 45 quod
815 989 98 45 est
871 989 154 45 innatum
983 989 182 45 corrumpi:
1123 989 98 45 Et,
1165 989 84 45 quia

743 1029 110 51 iste
812 1029 124 51 sermo
894 1029 96 51 non
949 1029 96 51 est
1004 1029 137 51 dignus
1100 1029 82 51 vt
1128 1029 124 51 persru-

742 1063 110 43 tetur
815 1063 73 43 de
851 1063 73 43 eo
888 1063 73 43 in
924 1063 170 43 scientiis,
1058 1063 73 43 d.
1095 1063 73 43 Et
1131 1063 97 43 iono
1192 1063 85 43 non

737 1102 102 51 ops
796 1102 233 51 perscrutari,
985 1102 102 51 &c.
1043 1102 116 51 D.d.
1116 1102 102 51 Sed
1159 1102 102 51 opor-

742 1139 97 51 tet
797 1139 207 51 persrutari,
963 1139 97 51 &c.
1018 1139 138 51 idest,
1115 1139 97 51 sed
1156 1139 97 51 opor-

741 1185 92 46 tet
793 1185 158 46 quaerere
912 1185 79 46 de
951 1185 92 46 hoc
1004 1185 79 46 ab
1043 1185 105 46 eis,
1109 1185 92 46 qui
1149 1185 105 46 dicunt

737 1221 128 48 illud,
827 1221 103 48 quod
891 1221 141 48 dicunt,
994 1221 154 48 secundum
1097 1221 154 48 demonstra-

745 1258 122 48 tionem,
834 1258 134 48 scilicet
934 1258 78 48 quo
979 1258 89 48 modo
1034 1258 100 48 omnia
1101 1258 100 48 fiunt
1168 1258 67 48 ex
1190 1258 67 48 eis-

746 1300 99 46 dem
802 1300 197 46 principiis
957 1300 85 46 in
999 1300 155 46 natura,
1112 1300 70 46 &
1126 1300 127 46 quaedam

745 1336 120 49 sunt
820 1336 179 49 aeferna,
954 1336 75 49 &
984 1336 164 49 quaedam
1089 1336 164 49 corrupti-

744 1372 142 46 bilia,
843 1372 99 46 cum
900 1372 128 46 causa
985 1372 227 46 permanentiae
1170 1372 71 46 &
1184 1372 71 46 non

744 1413 218 51 permanentiae
922 1413 123 51 nihil
1004 1413 123 51 aliud
1086 1413 96 51 sit
1140 1413 109 51 nisi
1195 1413 68 51 na-

743 1460 115 33 tura
814 1460 157 33 illius,
929 1460 115 33 quod
1000 1460 100 33 est
1058 1460 143 33 causa.
1143 1460 115 33 Deinde

741 1484 123 56 dicit:
827 1484 172 56 manifestum
961 1484 86 56 est
1010 1484 135 56 igitur,
1108 1484 98 56 quod
1157 1484 86 56 prin-

736 1526 140 45 cipia
830 1526 156 45 entium
939 1526 109 45 non
1002 1526 125 45 sunt
1064 1526 187 45 conuenien-

746 1565 103 54 tia,
810 1565 128 54 idest,
900 1565 179 54 manifestum
1041 1565 90 54 est
1092 1565 141 54 igitur,
1182 1565 77 54 quo-

735 1606 132 45 niam
817 1606 115 45 cum
883 1606 214 45 principia
1047 1606 148 45 rerum
1129 1606 132 45 corru-

734 1638 205 59 ptibilium
892 1638 173 59 fuerint
1018 1638 110 59 per
1081 1638 126 59 suam
1144 1638 110 59 natu-

735 1684 122 46 ram,
811 1684 77 46 &
842 1684 230 46 permanentia
1025 1684 138 46 rerum
1102 1684 153 46 aeterna-

736 1719 109 43 rum
799 1719 125 43 sint
877 1719 141 43 etiam
971 1719 109 43 per
1033 1719 125 43 suam
1096 1719 156 43 naturam.

735 1766 76 36 &
765 1766 152 36 natura
871 1766 137 36 eorum
963 1766 106 36 non
1023 1766 106 36 est
1084 1766 121 36 nisi
1145 1766 106 36 cause

738 1797 97 46 ex
786 1797 161 46 quibus
899 1797 258 46 componuntur,
1093 1797 161 46 manifen
