1475 2066
209 173 114 48 stum
280 173 100 48 est
337 173 114 48 quod
409 173 143 48 causae
509 173 229 48 generabilium
695 173 72 48 &

212 197 225 52 corruptibilium
399 197 113 52 aliae
474 197 100 52 sunt
537 197 63 52 a
562 197 125 52 causis
637 197 88 52 aeter

213 248 136 48 norum.
309 248 109 48 D.d.
377 248 82 48 Si
418 248 136 48 igitur
514 248 150 48 aliquis
609 248 123 48 existit

219 284 131 46 mauerit
315 284 72 46 se
351 284 131 46 dicere,
446 284 84 46 &c.
494 284 72 46 i.
530 284 60 46 &
554 284 108 46 ideo,
625 284 72 46 si
649 284 72 46 ali-

217 322 102 41 quis
281 322 153 41 voluerit
395 322 102 41 dare
459 322 153 41 rationem
573 322 76 41 in
612 322 102 41 hoc,
662 322 64 41 con

220 359 134 42 tinget
313 359 93 42 eni
367 359 160 42 quaestio
487 359 147 42 similis
580 359 147 42 contingen

219 396 81 44 ti
259 396 189 44 Empedocli.
408 396 108 44 Empe
475 396 108 44 enim
543 396 122 44 dixit
624 396 81 44 in
651 396 68 44 hoc

220 443 87 44 quod
274 443 76 44 lis
318 443 76 44 est
361 443 98 44 causa
427 443 185 44 corruptionis,
579 443 54 44 &
601 443 87 44 quod
644 443 87 44 amici-

211 477 93 49 tia
264 477 93 49 est
317 477 119 49 causa
396 477 225 49 generationis:
582 477 66 49 &
609 477 106 49 quod
662 477 66 49 en-

209 513 117 51 tium
282 513 160 51 quaedam
399 513 117 51 sunt
472 513 131 51 facta
559 513 87 51 ex
588 513 146 51 quatuor,

212 552 195 42 elementis,
365 552 70 42 &
393 552 112 42 lite
463 552 70 42 &
491 552 181 42 amicitia,
630 552 70 42 &
644 552 84 42 sunt

214 597 208 45 generabilia
381 597 69 45 &
409 597 250 45 corruptibilia:
617 597 69 45 &
631 597 97 45 quae-

215 628 171 46 damsunt
340 628 140 46 facta
433 628 93 46 ex
480 628 171 46 quatuor
589 628 140 46 elemen-

222 677 98 30 tis,
283 677 62 30 &
308 677 148 30 amicitia
419 677 98 30 sine
480 677 111 30 lite.
554 677 62 30 &
578 677 86 30 hoc
628 677 86 30 est
665 677 62 30 co-

213 706 105 40 lam,
279 706 105 40 quod
344 706 92 40 est
397 706 105 40 Deus
462 706 105 40 apud
528 706 131 40 ipsum.
620 706 92 40 Et,
659 706 66 40 cum

214 743 202 43 narrauit
365 743 202 43 sermonem
516 743 168 43 Emped.
617 743 101 43 indu

209 783 99 53 xit
265 783 170 53 sermonem
393 783 127 53 eius,
478 783 85 53 ne
520 783 156 53 aliquis
619 783 113 53 singat

215 822 102 44 quod
279 822 166 44 diminutus
406 822 102 44 erat
470 822 127 44 Arist.
559 822 76 44 in
598 822 115 44 illo,
674 822 64 44 &
687 822 38 44 a

216 861 135 52 Eingit
311 861 108 52 enim
379 861 81 52 in
420 861 95 52 suo
474 861 149 52 sermone
582 861 108 52 esse
636 861 95 52 mani-

211 900 168 38 festum,
333 900 107 38 &c.
394 900 91 38 i.
439 900 168 38 quoniam
561 900 168 38 Empedo.
668 900 61 38 in

213 941 104 37 hoc,
278 941 104 37 quod
343 941 117 37 ponit
421 941 117 37 litem
498 941 130 37 causam
576 941 143 37 corruptio

216 981 99 46 nis,
278 981 186 46 contradicit
427 981 99 46 sibi
489 981 75 46 in
526 981 99 46 hoc,
588 981 99 46 quod
638 981 87 46 ponit

214 1021 103 37 eam
273 1021 220 37 necessariam
449 1021 88 37 in
493 1021 220 37 generatione
654 1021 73 37 om-

212 1052 127 53 nium
291 1052 269 53 generabilium.
513 1052 158 53 Deinde
608 1052 111 53 indu-

214 1094 110 44 xit
277 1094 173 44 causam,
403 1094 173 44 propter
529 1094 126 44 quam
592 1094 141 44 ponebat

217 1132 121 54 litem
297 1132 107 54 esse
364 1132 201 54 necessariam
525 1132 80 54 in
565 1132 147 54 omnibus
658 1132 54 54 ge

215 1172 198 53 nerabilibus,
375 1172 62 53 &
400 1172 74 53 d.
437 1172 74 53 Et
474 1172 136 53 fingit,
573 1172 99 53 quod
635 1172 74 53 si
659 1172 62 53 lis

214 1213 99 47 non
271 1213 142 47 esset,
370 1213 99 47 &c.
427 1213 85 47 i.
469 1213 71 47 &
498 1213 142 47 Emped.
583 1213 142 47 opinaba-

211 1259 85 32 tur
259 1259 97 32 quod
320 1259 157 32 amicitia,
440 1259 121 32 quando
525 1259 169 32 dominatur,
646 1259 85 32 facit

211 1286 127 44 entia
296 1286 113 44 esse
366 1286 127 44 vnum:
451 1286 71 44 &
479 1286 113 44 ideo
550 1286 99 44 lis
606 1286 99 44 est
648 1286 71 44 ne-

209 1326 173 55 cessaria
339 1326 87 55 in
382 1326 246 55 multiplicando
584 1326 72 55 &
598 1326 116 55 dispar

213 1365 152 46 gendo,
319 1365 76 46 &
349 1365 182 46 amicitia
486 1365 91 46 in
531 1365 197 46 adunando.
667 1365 61 46 D.

212 1396 130 54 dedit
298 1396 217 54 inopinabile
472 1396 203 54 contingens
631 1396 87 54 ex
660 1396 58 54 il

209 1445 112 51 lis,
279 1445 70 51 &
307 1445 70 51 d
335 1445 153 51 Accidit
446 1445 139 51 igitur
544 1445 84 51 ex
586 1445 98 51 hoc
627 1445 98 51 sermo

217 1492 98 39 ne,
273 1492 84 39 vt
315 1492 112 39 Deus
386 1492 98 39 &c.
442 1492 84 39 i.
484 1492 70 39 &
512 1492 183 39 contingit
639 1492 84 39 Empe

219 1522 130 52 docli
305 1522 86 52 in
348 1522 101 52 hac
406 1522 187 52 opinione,
550 1522 86 52 vt
593 1522 115 52 Deus
651 1522 72 52 sit

216 1559 144 44 minoris
321 1559 171 44 scientiae
452 1559 131 44 aliis.
544 1559 158 44 Scientia
649 1559 79 44 enim

215 1598 115 53 apud
287 1598 144 53 ipsum,
387 1598 72 53 &
416 1598 129 53 alios
502 1598 173 53 Antiquos
632 1598 101 53 sit
675 1598 43 53 p

221 1633 136 49 simile.
319 1633 123 49 Dicunt
406 1633 99 49 enim
467 1633 99 49 quod
529 1633 111 49 terra
591 1633 123 49 cognosci

219 1685 84 45 tur
267 1685 84 45 per
315 1685 132 45 terram,
411 1685 96 45 quae
471 1685 84 45 est
519 1685 72 45 in
555 1685 120 45 nobis,
639 1685 60 45 &
651 1685 72 45 aqua

216 1720 98 43 per
272 1720 140 43 aquam,
370 1720 70 43 &
398 1720 168 43 amicitia
525 1720 98 43 per
567 1720 154 43 amicitiam

221 1757 57 37 &
243 1757 80 37 lis
289 1757 80 37 per
334 1757 114 37 litem:
414 1757 80 37 sed
459 1757 68 37 in
494 1757 80 37 Deo
539 1757 80 37 non
585 1757 80 37 est
630 1757 91 37 lis:
676 1757 45 37 et

214 1792 72 50 go
250 1792 84 50 non
298 1792 156 50 cognoscit
418 1792 120 50 litem,
502 1792 108 50 neque
574 1792 96 50 quod
634 1792 84 50 fit
670 1792 48 50 ex

211 1833 82 57 ea:
258 1833 94 57 ergo
317 1833 82 57 est
364 1833 129 57 minoris
457 1833 152 57 scientiae
575 1833 129 57 omnibus
657 1833 70 57 enti

743 164 104 59 bus.
808 164 104 59 D.d.
873 164 182 59 Manifestum
1016 164 91 59 est
1067 164 130 59 igitur
1158 164 104 59 quod
1210 164 65 59 ac-

750 205 117 45 cidit
828 205 78 45 ex
867 205 91 45 suo
919 205 156 45 sermone,
1037 205 91 45 &c.
1089 205 78 45 i.
1115 205 143 45 contingit

744 245 132 52 igitur
836 245 79 52 ex
875 245 145 52 sermone
981 245 118 52 Empe.
1060 245 158 52 dicentis
1178 245 105 52 quod

754 282 80 53 lis
799 282 80 53 est
845 282 103 53 causa
914 282 195 53 corruptionis,
1074 282 69 53 vt
1108 282 80 53 lis
1154 282 80 53 sit
1188 282 69 53 cau-

748 322 84 40 sa
790 322 237 40 corruptionis,
985 322 111 40 ipsa
1054 322 70 40 &
1082 322 181 40 amicitia.
1207 322 56 40 D.

742 364 124 39 dedit
825 364 138 39 causam
922 364 152 39 propter
1032 364 110 39 quam
1101 364 166 39 accidit,
1212 364 55 39 vt

747 399 130 40 amicitia
845 399 76 40 sit
888 399 97 40 cauma
953 399 184 40 corruptionis,
1104 399 54 40 &
1126 399 65 40 d.
1148 399 108 40 quoniam,

748 437 93 55 cum
801 437 187 55 congregata
948 437 147 55 fuerint
1055 437 134 55 aliqua
1148 437 80 55 in
1175 437 80 55 vnum

745 477 216 48 corrumpentur
920 477 121 48 alia.
1001 477 108 48 D.d.
1068 477 67 48 &
1095 477 94 48 cum
1149 477 94 48 hoc
1190 477 67 48 Em-

752 517 95 48 ped.
811 517 83 48 non
859 517 154 48 narrauit,
977 517 83 48 &c.
1025 517 71 48 i.
1060 517 59 48 &
1084 517 83 48 cum
1131 517 95 48 hoc,
1179 517 71 48 quod

746 552 95 43 iste
805 552 95 43 homo
865 552 107 43 ponit
936 552 119 43 causas
1019 552 154 43 mouentes,
1137 552 107 43 tamen
1197 552 59 43 non

742 588 136 54 potest
838 588 109 54 dare
906 588 123 54 nobis
988 588 136 54 causas
1070 588 191 54 generationis

752 636 62 41 &
776 636 210 41 corruptionis.
950 636 161 41 Quaeritur
1073 636 99 41 enim
1135 636 74 41 ab
1172 636 74 41 eo
1197 636 62 41 qua

748 674 80 50 re
788 674 159 50 amicitia
907 674 106 50 agit
973 674 80 50 in
1013 674 133 50 aliqua
1106 674 119 50 hora,
1185 674 66 50 &
1199 674 66 50 lis

745 708 70 51 in
780 708 94 51 alia
839 708 94 51 tunc
898 708 94 51 enim
956 708 129 51 cogetur
1050 708 70 51 ad
1085 708 141 51 dicendum
1179 708 70 51 ser-

751 749 109 52 monem
824 749 158 52 negantium
945 749 122 52 causam
1030 749 146 52 agentem,
1140 749 97 52 quid
1188 749 61 52 di-

746 785 112 41 cunt,
820 785 99 41 quod
882 785 124 41 natura
969 785 124 41 entium
1056 785 149 41 queritur
1156 785 99 41 denen-

745 821 186 54 cessitate
888 821 229 54 generationem
1075 821 72 54 &
1089 821 172 54 corruptio-

745 861 115 45 nem.
817 861 144 45 Deinde
917 861 158 45 induxit
1033 861 173 45 sermonem
1162 861 130 45 eius,

742 901 86 54 ex
785 901 101 54 quo
842 901 187 54 contingit
986 901 115 54 hoc,
1058 901 72 54 &
1087 901 86 54 d.
1130 901 72 54 &
1144 901 115 54 finxit

751 947 106 36 quod
817 947 93 36 cum
870 947 93 36 lis
924 947 146 36 maxima,
1030 947 93 36 &c.
1083 947 120 36 idest
1163 947 66 36 &
1176 947 80 36 iste

744 979 118 39 homo
818 979 88 39 in
862 979 103 39 rei
921 979 176 39 veritate
1053 979 147 39 nullam
1141 979 118 39 causam

743 1019 128 40 dedit
828 1019 85 40 in
870 1019 227 40 generatione.
1055 1019 85 40 D.
1097 1019 113 40 enim
1154 1019 99 40 quod,

746 1060 88 39 cum
797 1060 88 39 lis
847 1060 126 39 maxima
935 1060 151 39 imposita
1048 1060 88 39 est
1098 1060 75 39 in
1123 1060 126 39 ma

744 1092 125 46 bris
823 1092 219 46 animalium,
995 1092 125 46 tunc
1073 1092 157 46 membra
1167 1092 94 46 eius

741 1133 164 45 fuerunt
860 1133 193 45 generata:
1009 1133 119 45 quia
1069 1133 193 45 distinguit,

748 1172 125 54 vnum
826 1172 250 54 congregatum,
1029 1172 156 54 deinde
1139 1172 94 54 in
1170 1172 78 54 fi-

739 1220 86 30 ne
782 1220 173 30 temporis
911 1220 158 30 venient
1027 1220 130 30 omnia
1113 1220 86 30 ad
1142 1220 115 30 corru-

750 1252 159 50 ptionem
865 1252 159 50 propter
981 1252 144 50 litem.
1082 1252 116 50 Scum
1139 1252 116 50 igitur

740 1279 113 61 hunc
810 1279 169 61 sermonem
937 1279 183 61 contingit
1078 1279 85 61 vt
1120 1279 99 61 res
1162 1279 85 61 gene

742 1326 135 44 rentur
837 1326 95 44 per
891 1326 95 44 se,
945 1326 68 44 &
972 1326 216 44 corrumpantur
1148 1326 95 44 per
1188 1326 68 44 se.

746 1365 65 45 &
772 1365 91 45 sic
824 1365 117 45 nihil
902 1365 143 45 prodest
1006 1365 130 45 ponere
1097 1365 104 45 hanc
1149 1365 104 45 causam

739 1405 189 51 mouentem
881 1405 95 51 in
928 1405 236 51 generatione
1117 1405 79 51 &
1133 1405 126 51 corru-

743 1450 145 41 ptione,
848 1450 92 41 sed
901 1450 119 41 erunt
981 1450 119 41 sicut
1060 1450 119 41 illi,
1139 1450 92 41 qui
1192 1450 92 41 non

745 1492 135 39 ponunt
839 1492 81 39 in
879 1492 215 39 generatione,
1054 1492 121 39 neque
1135 1492 81 39 in
1162 1492 94 39 corru

743 1524 166 44 ptione
860 1524 166 44 causam
976 1524 199 44 mouentem
1109 1524 149 44 omnino,

742 1559 78 43 &
774 1559 125 43 sunt
852 1559 187 43 dicentes
992 1559 203 43 materiam.
1132 1559 125 43 Deinde

742 1599 122 43 dicit
824 1599 122 43 neque
905 1599 176 43 narrauit,
1041 1599 109 43 quae
1109 1599 95 43 est
1149 1599 109 43 causa-

743 1636 181 46 huiusmodi
883 1636 237 46 necessitatis,
1078 1636 98 46 &c.
1134 1636 126 46 idest
1217 1636 70 46 &

740 1677 182 37 secundum
876 1677 121 37 hoc,
952 1677 136 37 sermo
1043 1677 121 37 eius
1119 1677 121 37 erit
1179 1677 76 37 im-

739 1724 215 38 perfectior
908 1724 169 38 sermone
1031 1724 200 38 dicentium
1169 1724 77 38 ne-

739 1755 191 39 cessitatem
890 1755 123 39 esse.
972 1755 109 39 Illi
1040 1755 109 39 enim
1109 1755 137 39 dicunt
1191 1755 68 39 ne-

741 1795 219 39 cessitatem,
916 1795 73 39 &
946 1795 117 39 dant
1019 1795 146 39 causam
1106 1795 146 39 necessi-

739 1832 129 43 tatis,
829 1832 64 43 &
855 1832 90 43 est
907 1832 155 43 materia:
1023 1832 103 43 iste
1087 1832 116 43 autem
1152 1832 103 43 nullam
