1475 2066
210 165 122 45 vnum
286 165 243 45 substantiale
484 165 122 45 esse
544 165 198 45 significans

220 212 187 38 intentionem
369 212 199 38 vniuersalem,
531 212 62 38 &
556 212 75 38 d.
593 212 100 38 vnum
656 212 112 38 autem

221 248 86 48 est
270 248 135 48 aliquid
368 248 147 48 existens
478 248 86 48 per
527 248 86 48 se.
577 248 74 48 i.
613 248 98 48 vnum
662 248 74 48 aute

223 284 216 46 intelligitur,
401 284 102 46 quod
465 284 89 46 est
515 284 152 46 intentio
617 284 127 46 existens

218 332 98 39 per
274 332 98 39 se,
330 332 98 39 non
386 332 140 39 habens
484 332 196 39 subiectum,
638 332 126 39 neque

220 361 125 40 situm.
307 361 87 40 est
357 361 125 40 igitur
444 361 87 40 vna
494 361 187 40 substantia,
644 361 75 40 i.
669 361 62 40 par

230 401 175 41 ticularis.
367 401 100 41 D.d.
429 401 87 41 Et,
479 401 87 41 cum
529 401 137 41 aliquid
629 401 87 41 sit
666 401 75 41 vnum

226 442 73 40 &
256 442 117 40 ens,
329 442 103 40 &c.
387 442 88 40 i.
431 442 73 40 &
461 442 103 40 cum
519 442 103 40 hoc
578 442 132 40 nomen
651 442 88 40 vnum

227 477 73 44 &
257 477 102 44 ens
315 477 219 44 significant
490 477 117 44 vnam
548 477 190 44 intentionem

221 517 165 38 numero,
341 517 165 38 necesse
461 517 120 38 est,
537 517 90 38 vt
582 517 105 38 ens
642 517 75 38 &
657 517 90 38 vnum

226 557 222 43 significent
404 557 119 43 vnam
478 557 222 43 substantiam
641 557 104 43 parti

232 602 145 41 cularem
337 602 79 41 in
377 602 145 41 numero.
482 602 105 41 D.d.
548 602 145 41 quoniam
653 602 79 41 de
679 602 66 41 eis

224 637 97 37 non
279 637 166 37 dicetur,
404 637 97 37 &c.
459 637 83 37 i.
500 637 69 37 &
528 637 97 37 cum
583 637 110 37 vnum
652 637 69 37 &
666 637 83 37 ens,

231 670 152 44 fuerint
342 670 221 44 substantiae,
522 670 69 44 &
549 670 138 44 nullum
632 670 111 44 habent

233 708 161 53 vniversale
359 708 230 53 substantialiter,
555 708 92 53 quod
601 708 150 53 praedicetur

225 746 64 48 de
257 746 75 48 eis
300 746 129 48 secundum
397 746 97 48 quid,
461 746 75 48 est
504 746 161 48 manifestum,
633 746 86 48 quod
676 746 64 48 vnum

225 785 74 52 &
255 785 104 52 ens
314 785 222 52 significant
492 785 119 52 vnam
551 785 193 52 substantiam

231 825 150 50 numero.
340 825 109 50 D.d.
408 825 82 50 Et
449 825 95 50 non
503 825 95 50 est
558 825 190 50 possibile,
694 825 54 50 si

231 861 127 45 aliquis
323 861 138 45 dixerit,
426 861 81 45 &c.
472 861 69 45 i.
507 861 58 45 &
530 861 173 45 impossibile
668 861 81 45 est
702 861 46 45 di

229 899 114 54 cere,
306 899 102 54 quod
369 899 114 54 vnum,
445 899 64 54 &
471 899 89 54 ens
522 899 191 54 significant
662 899 76 54 sub-

226 938 165 40 stantiam
350 938 110 40 vnam
419 938 151 40 numero.
529 938 193 40 dicentibus
666 938 83 40 enim

222 983 108 35 hoc
283 983 216 35 contingunt
453 983 232 35 quaestiones
623 983 124 35 graues

226 1015 82 43 ad
267 1015 219 43 dissoluendum
446 1015 164 43 quoniam,
569 1015 82 43 si
610 1015 96 43 vnu
665 1015 69 43 &
678 1015 69 43 ens

221 1055 251 43 significarent
428 1055 221 43 substantiam
605 1055 118 43 vnam
664 1055 74 43 nu-

224 1100 120 46 mero,
303 1100 146 46 quomodo
410 1100 120 46 erunt
490 1100 93 46 res
543 1100 199 46 generabiles
689 1100 53 46 in

228 1133 189 50 substantia:
380 1133 176 50 generabile
518 1133 101 50 enim
581 1133 113 50 aliud
657 1133 88 50 est
695 1133 50 50 ab

225 1170 118 48 ente
299 1170 118 48 vno.
373 1170 74 48 &
402 1170 103 48 sic
461 1170 118 48 vnum
535 1170 118 48 erit
609 1170 118 48 duo,
668 1170 74 48 aut

224 1208 111 51 plus,
298 1208 136 51 quoniam
396 1208 197 51 generationes
557 1208 86 51 non
606 1208 111 51 sunt,
668 1208 74 51 nisi

223 1246 84 43 in
265 1246 225 43 substantiis,
448 1246 98 43 non
504 1246 84 43 in
532 1246 211 43 accidentibus,

239 1284 74 54 Et
276 1284 173 54 intendebat
412 1284 111 54 quod,
486 1284 74 54 si
523 1284 111 54 esset
597 1284 74 54 in
622 1284 124 54 acciden-

230 1325 124 51 tibus,
316 1325 87 51 non
366 1325 185 51 contingeret
514 1325 99 51 eis,
576 1325 74 51 vt
613 1325 87 51 ens
662 1325 111 51 esset

237 1366 103 38 vnum.
305 1366 80 38 ens
351 1366 92 38 enim
409 1366 80 38 non
455 1366 126 38 dicitur
547 1366 92 38 apud
604 1366 80 38 eos
650 1366 92 38 nisi
696 1366 46 38 de

231 1403 194 53 substantia.
386 1403 103 53 D.d.
451 1403 155 53 secundum
567 1403 129 53 igitur
645 1403 90 53 vtrum

226 1438 130 44 libet
312 1438 159 44 istorum
428 1438 173 44 modorum,
558 1438 101 44 &c.
616 1438 87 44 i.
659 1438 72 44 &
674 1438 72 44 cum

228 1486 196 44 dixerimus,
382 1486 112 44 quod
452 1486 196 44 significat
605 1486 112 44 vnum
661 1486 84 44 nume

232 1525 71 43 ro,
272 1525 121 43 scilicet
363 1525 71 43 non
404 1525 101 43 plura,
474 1525 121 43 secundum
565 1525 101 43 igitur
626 1525 121 43 vtrumlibet

224 1558 160 40 istorum
341 1558 160 40 modorum
457 1558 145 40 fuerit
559 1558 160 40 dictum,
661 1558 87 40 erit

236 1596 137 49 difficile
342 1596 126 49 scilicet
436 1596 84 49 siue
489 1596 105 49 fuerit
563 1596 105 49 dictum
636 1596 84 49 quod
678 1596 74 49 signi

232 1634 130 40 ficat
318 1634 231 40 substantiam,
506 1634 101 40 aut
564 1634 101 40 non
607 1634 130 40 substan

230 1670 129 52 tiam.
316 1670 115 52 Oam,
387 1670 86 52 si
430 1670 143 52 fuerit
530 1670 143 52 dictum
630 1670 86 52 de
659 1670 86 52 sub-

229 1708 172 46 stantia,
358 1708 186 46 auferetur
501 1708 201 46 multitudo.
659 1708 86 46 &,
688 1708 57 46 si

227 1751 103 35 non
286 1751 89 35 de
331 1751 221 35 substantia,
508 1751 207 35 auferentur
655 1751 89 35 vni-

225 1789 128 37 tates,
315 1789 102 37 quae
378 1789 102 37 sunt
442 1789 204 37 substantiae:
608 1789 64 37 &
634 1789 102 37 erit
685 1789 51 37 im

225 1829 189 43 possibile
371 1829 160 43 numerum
487 1829 116 43 esse
545 1829 203 43 substantiam.

752 165 155 45 secundum
868 165 168 45 opinionem
997 165 168 45 dicentium
1126 165 103 45 hoc.
1191 165 65 45 &
1204 165 90 45 fuit,

757 211 192 39 contentus
905 211 89 39 in
949 211 103 39 hac
1008 211 266 39 contradictione
1215 211 59 39 in

753 248 194 50 positione
902 248 224 50 opinantium,
1082 248 120 50 quod
1142 248 134 50 numerus

756 293 97 46 est
812 293 209 46 substantia.
979 293 111 46 quia
1048 293 125 46 licet
1132 293 139 46 dicens
1215 293 70 46 hoc

762 326 93 37 non
815 326 159 37 opinetur
934 326 106 37 quod
1000 326 146 37 numerus
1107 326 93 37 est
1146 326 133 37 substan-

762 357 100 57 tia,
824 357 112 57 tamen
898 357 162 57 contingit
1023 357 75 57 ei
1060 357 75 57 vt
1097 357 87 57 non
1135 357 149 57 inueniatur

763 400 116 51 vnum,
841 400 103 51 quod
905 400 90 51 sit
957 400 194 51 substantia,
1112 400 129 51 neques
1190 400 90 51 aliud

754 437 90 43 in
799 437 210 43 substantia
964 437 165 43 omnino:
1083 437 120 43 quod
1158 437 105 43 est
1203 437 75 43 con

764 484 152 43 trarium
874 484 152 43 sensui.
985 484 96 43 Et,
1040 484 83 43 si
1081 484 152 43 positum
1178 484 110 43 fuerit

762 514 173 48 numerum
888 514 126 48 esse
967 514 252 48 substantiam,
1172 514 79 48 &
1188 514 95 48 ens,

763 552 192 54 continget
911 552 133 54 eadem
1000 552 192 54 quaestio,
1148 552 89 54 pr
1192 552 118 54 quam

760 601 187 35 dixerunt,
904 601 115 35 quod
976 601 115 35 vnum
1048 601 202 35 significat
1192 601 86 35 vnam

758 630 232 45 intentionem
943 630 170 45 numero:
1067 630 77 45 &
1098 630 108 45 est
1159 630 93 45 vt
1190 630 93 45 nul-

760 669 73 45 la
796 669 159 45 multitudo
919 669 86 45 sit
968 669 147 45 omnino,.
1078 669 135 45 quoniam
1176 669 86 45 hoc
1213 669 61 45 no-

764 711 106 49 men
825 711 106 49 ens
885 711 106 49 aut
946 711 213 49 significat
1114 711 122 49 vnum
1175 711 106 49 nume-

760 747 96 51 ro,
815 747 96 51 aut
870 747 234 51 multitudinem.
1063 747 83 51 si
1104 747 138 51 igitur
1187 747 96 51 signi

764 787 113 40 ficat
840 787 101 40 vnum
903 787 139 40 nunero,
1004 787 88 40 ens
1054 787 101 40 erit
1117 787 101 40 vnum
1180 787 76 40 in
1205 787 76 40 nune

759 824 100 42 ro:
816 824 71 42 &
844 824 100 42 est
901 824 128 42 sermo
986 824 213 42 Parmenidis:
1157 824 71 42 &
1185 824 85 42 si
1214 824 71 42 mul

756 866 216 45 titudinem,
925 866 123 45 tunc
1002 866 123 45 erit
1079 866 169 45 multum:
1187 866 92 45 quod

761 900 106 51 est
821 900 241 51 impossibile.
1017 900 121 51 omne
1093 900 121 51 enim
1168 900 106 51 aut
1214 900 75 51 est

757 940 131 50 vnum,
845 940 102 50 aut
903 940 146 50 plura.
1005 940 88 50 Et
1049 940 102 50 hoc
1093 940 175 50 intendebat

761 981 87 40 cum
810 981 74 40 d.
847 981 74 40 Si
885 981 112 40 autem
959 981 136 40 aliquis
1058 981 149 40 dixerit,
1170 981 99 40 quod
1219 981 50 40 nu

761 1016 118 42 merus
839 1016 92 42 est
892 1016 196 42 substantia,
1049 1016 92 42 &c.
1101 1016 65 42 &
1127 1016 118 42 istae
1192 1016 92 42 omnes

758 1057 241 50 quaestiones
951 1057 225 50 contingunt
1111 1057 161 50 Antiquis

759 1093 93 39 qui
812 1093 67 39 a
839 1093 93 39 non
892 1093 226 39 intellexerunt
1078 1093 80 39 de
1118 1093 93 39 hoc
1158 1093 120 39 nomnine

757 1132 135 46 vnum,
847 1132 120 46 nisi
922 1132 120 46 vnam
997 1132 225 46 intentionem
1161 1132 120 46 dictan

765 1179 177 44 vniuoce:
898 1179 74 44 &
927 1179 206 44 Parmenides
1075 1179 206 44 intelligebat

753 1213 107 45 per
814 1213 107 45 hoc
875 1213 137 45 ipsum
967 1213 122 45 esse
1043 1213 122 45 vnum
1104 1213 168 45 particula

763 1245 86 50 re,
812 1245 62 50 &
837 1245 111 50 istae
910 1245 185 50 quaestiones
1058 1245 197 50 dissoluuntur
1206 1245 62 50 per

757 1286 103 49 hoc,
821 1286 103 49 quod
886 1286 103 49 haec
950 1286 129 49 nomnia
1040 1286 116 49 vnum,
1118 1286 64 49 &
1143 1286 90 49 ens
1182 1286 90 49 dicun

763 1325 75 50 tur
806 1325 194 50 multipliciter,
968 1325 129 50 secundum
1065 1325 86 50 quod
1119 1325 108 50 Arist.
1183 1325 97 50 contra-

759 1364 138 38 dixit
851 1364 199 38 Parmenidi
1004 1364 92 38 in
1049 1364 138 38 Primo
1126 1364 153 38 Physico.

762 1399 98 44 Et,
818 1399 112 44 quia
888 1399 139 44 quidam
985 1399 126 44 eorum
1069 1399 126 44 etiam
1139 1399 139 44 destruxe

753 1441 116 41 runt
826 1441 116 41 vnum
899 1441 131 41 esse,
986 1441 175 41 incoepit
1117 1441 131 41 loqui
1190 1441 87 41 con-

760 1478 84 44 tra
808 1478 120 44 illos,
892 1478 60 44 &
917 1478 120 44 dixit:
1001 1478 72 44 Et
1037 1478 120 44 etiam,
1121 1478 72 44 si
1158 1478 84 44 hoc
1194 1478 72 44 vnum

761 1517 79 45 &c.
806 1517 68 45 i.
840 1517 90 45 quod
896 1517 90 45 iste
953 1517 90 45 homo
1010 1517 136 45 scilicet
1111 1517 57 45 &
1134 1517 79 45 eno
1168 1517 113 45 dicebat,

768 1558 112 46 quod
838 1558 196 46 manifestum
992 1558 98 46 est
1048 1558 112 46 vnum
1118 1558 112 46 esse
1174 1558 98 46 indi-

766 1593 195 53 uisibile,
916 1593 75 53 &
946 1593 120 53 omne
1021 1593 120 53 tale
1095 1593 105 53 non
1140 1593 135 53 augmen-

758 1644 131 34 tatur
846 1644 116 34 apud
918 1644 203 34 additionem
1078 1644 87 34 in
1121 1644 102 34 eo,
1165 1644 116 34 neques

763 1670 208 44 diminuitur,
929 1670 111 44 quia
998 1670 125 44 neque
1081 1670 194 44 diuiditur,
1220 1670 55 44 er

758 1716 94 46 go
805 1716 110 46 non
868 1716 173 46 recipit
994 1716 235 46 additionem,
1166 1716 110 46 neque

761 1749 245 51 diminutionem:
962 1749 72 51 &
991 1749 101 51 ens
1049 1749 101 51 est
1106 1749 144 51 illud,
1193 1749 86 51 quod

761 1795 181 44 recipit
892 1795 214 44 augmentum
1057 1795 82 44 &
1073 1795 198 44 diminutio-

763 1829 108 53 nem:
831 1829 108 53 ergo
899 1829 95 53 non
953 1829 95 53 est
1007 1829 108 53 ens.
1074 1829 95 53 D.d
1128 1829 68 53 &
1142 1829 135 53 incoepit
