1475 2066
181 132 80 47 &
213 132 239 47 superficies
404 132 207 47 similiter
564 132 96 47 se
595 132 128 47 habet.

197 180 141 38 eadem
291 180 126 38 enim
370 180 141 38 ratio
464 180 126 38 est.
542 180 157 38 cuncta
637 180 78 38 nam

197 220 101 56 que
254 220 202 56 similiter,
413 220 101 56 aut
471 220 145 56 fines,
572 220 101 56 aut
616 220 101 56 diui-

192 262 167 45 siones
292 262 117 45 sunt.

244 301 87 61 Et
288 301 131 61 istam
375 301 218 61 quaestionem
550 301 189 61 consequi¬

195 349 106 61 tur
255 349 121 61 alia
331 349 227 61 difficilis,
513 349 76 61 &
543 349 121 61 est,
604 349 106 61 vtrum

187 396 167 62 numeri,
308 396 91 62 et
354 396 182 62 corpora,
490 396 76 62 &
506 396 197 62 superficies

192 443 80 63 &
224 443 175 63 lineae,
351 443 80 63 &
383 443 159 63 puncta
495 443 127 63 sint
559 443 143 63 substan

188 493 128 62 tiae,
273 493 100 62 aut
330 493 100 62 non
387 493 157 62 Quoniam
501 493 86 62 si
544 493 100 62 non
587 493 128 62 fuerint

190 541 226 61 substantiae,
373 541 113 61 tunc
444 541 155 61 recedet
557 541 71 61 a
585 541 127 61 nobis
656 541 56 61 co

190 589 150 62 gnitio,
299 589 109 62 quae
367 589 95 62 sit
422 589 177 62 subiecto,
558 589 68 62 &
585 589 109 62 quae
640 589 68 62 est

188 637 229 53 substantia
368 637 180 53 entium.
499 637 147 53 Motus
597 637 147 53 autem

200 684 73 54 &
230 684 204 54 passiones,
390 684 73 54 &
419 684 160 54 species
521 684 190 54 relationis,

193 733 89 61 &
229 733 320 61 dispositionum,
495 733 89 61 &
513 733 195 61 dictionum

196 781 243 62 existimantur
394 781 106 62 non
454 781 228 62 significare
622 781 91 62 sub-

192 828 166 61 stantiam
316 828 179 61 alicuius,
455 828 110 61 quia
524 828 124 61 omnia
593 828 110 61 dicun-

191 874 108 49 tur
252 874 92 49 de
298 874 200 49 subiecto,
452 874 77 49 &
483 874 139 49 nihil
575 874 139 49 eorum
652 874 62 49 di

196 921 145 61 citur,
298 921 116 61 quod
371 921 102 61 est
429 921 116 61 hic.
502 921 131 61 Illud
589 921 131 61 autem

193 972 129 57 quod
273 972 241 57 existimatur
466 972 96 57 in
514 972 161 57 maiori
611 972 96 57 par-

190 1020 89 62 re
235 1020 221 62 significare
412 1020 207 62 substantia
574 1020 103 62 est
618 1020 89 62 aqua

189 1077 80 50 &
221 1077 160 50 terra,
333 1077 80 50 &
365 1077 128 50 aer,
445 1077 80 50 &
477 1077 160 50 ignis,
589 1077 96 50 ex
621 1077 96 50 qui-

196 1114 109 48 bus
259 1114 265 48 constituuntur
477 1114 140 48 omnia
555 1114 156 48 composi-

187 1160 88 61 ta
231 1160 175 61 corpora.
363 1160 219 61 caliditates
538 1160 131 61 vero,
625 1160 73 61 &
640 1160 73 61 fi-

198 1206 186 63 giditates
341 1206 86 63 in
384 1206 129 63 istis
470 1206 143 63 rebus,
570 1206 72 63 &
584 1206 129 63 similia

199 1256 117 62 sunt
273 1256 191 62 passiones
419 1256 235 62 substantiae.
596 1256 117 62 corpu-

203 1302 110 60 vero
272 1302 69 60 e
300 1302 138 60 illud,
396 1302 110 60 quod
465 1302 206 60 determinmat
616 1302 96 60 ista-

192 1349 193 61 passiones
340 1349 148 61 solum,
444 1349 119 61 quia
518 1349 104 61 est
578 1349 104 61 ens
622 1349 89 61 ali-

194 1396 132 63 quid,
282 1396 73 63 &
312 1396 117 63 alia
385 1396 220 63 substantia.
561 1396 103 63 Sed
619 1396 117 63 cor,

195 1445 98 63 pus
251 1445 98 63 est
307 1445 127 63 minus
392 1445 211 63 superficiae
560 1445 84 63 in
589 1445 127 63 substan

196 1492 235 62 tialitate,
381 1492 84 62 &
415 1492 252 62 superficies
599 1492 118 62 minus

196 1540 138 63 quam
282 1540 173 63 linea,
403 1540 86 63 &
438 1540 155 63 linea
541 1540 155 63 minus
628 1540 86 63 qua

197 1587 183 63 punctum.
334 1587 76 63 &
365 1587 122 63 vnum
441 1587 153 63 corpus
548 1587 199 63 definitur

657 1653 60 36 es

189 1636 104 62 per
249 1636 134 62 ista.
338 1636 119 62 ista
412 1636 119 62 enim
472 1636 208 62 existimantur

192 1679 84 70 se
234 1679 112 70 sine
304 1679 168 70 corpore:
430 1679 70 70 &
458 1679 98 70 hoc
514 1679 182 70 possibile
640 1679 70 70 est

194 1732 143 62 corpus
294 1732 100 62 aut
351 1732 214 62 impossibile
522 1732 100 62 est
579 1732 86 62 vt
622 1732 100 62 sit
665 1732 57 62 si

193 1781 92 61 ne
239 1781 153 61 istis.
345 1781 92 61 Et
391 1781 122 61 ideo
468 1781 244 61 existimabant
651 1781 61 61 An

734 125 125 69 tiqui
817 125 235 69 pbilosophorum
1011 125 111 69 quod
1066 125 180 69 substantia,

732 181 75 61 &
762 181 104 61 ens
822 181 104 61 est
881 181 164 61 corpus,
1001 181 89 61 et
1045 181 119 61 quod
1120 181 119 61 alia
1179 181 75 61 sut

727 228 171 68 passiones
858 228 131 68 istius
950 228 171 68 corporis.
1081 228 79 68 et
1121 228 105 68 ideo
1173 228 79 68 isti

733 277 270 66 existimauerut
955 277 127 66 quod
1035 277 206 66 principia
1178 277 79 66 cor

729 325 133 63 porum
818 325 119 63 sunt
892 325 193 63 principia
1041 325 148 63 entiu.
1144 325 119 63 alii
1204 325 59 63 au

729 373 121 46 tem,
804 373 106 46 qui
865 373 241 46 reputabantur
1046 373 211 46 sapientiores

727 420 147 63 illis,
830 420 279 63 existimauerunt,
1065 420 117 63 quod
1124 420 132 63 substan

727 469 122 61 tia,
803 469 76 61 &
833 469 106 61 ens
894 469 106 61 est
955 469 182 61 numerus.
1092 469 137 61 Sicut
1168 469 91 61 igi-

728 516 98 58 tur
784 516 168 58 diximus,
910 516 84 58 si
952 516 126 58 ista,
1035 516 112 58 quae
1091 516 154 58 dixcimus,

732 565 100 61 non
789 565 114 61 sunt
860 565 228 61 substantiae,
1045 565 128 61 nulla
1131 565 100 61 est
1174 565 86 61 sub-

732 614 145 60 stantia
837 614 145 60 omnino,
943 614 132 60 neque,
1035 614 105 60 ens,
1101 614 145 60 quoniam
1193 614 66 60 re-

729 661 109 61 ctum
798 661 95 61 non
852 661 95 61 est
907 661 82 61 vt
947 661 204 61 accidentia,
1111 661 109 61 quae
1166 661 95 61 acci-

734 709 111 53 dunt
804 709 125 53 istis
887 709 222 53 substantiis,
1067 709 153 53 dicatur
1165 709 83 53 sub-

732 756 185 55 stantiae
870 756 77 55 &
901 756 154 55 entia.
1009 756 123 55 Sed,
1086 756 108 55 cum
1147 756 108 55 sit
1193 756 62 55 ma

731 804 186 61 nifestum
870 804 124 61 quod
947 804 263 61 longitudines,
1164 804 93 61 et
1195 804 62 61 pu

733 853 105 45 cta,
799 853 105 45 quae
865 853 105 45 sunt
931 853 171 45 corporis,
1062 853 105 45 sunt
1128 853 158 45 maioris,

730 898 320 57 substantialitatis
1004 898 122 57 quam
1080 898 168 57 corpus,
1202 898 76 57 &

730 944 114 58 non
795 944 180 58 videmus
926 944 98 58 ea
975 944 131 58 esse
1040 944 212 58 substantias

724 993 98 62 ex
773 993 163 62 quibus
886 993 163 62 igitur
1000 993 228 62 corporibus
1163 993 98 62 sunt

729 1037 239 60 substantiae
920 1037 159 60 entium
1032 1037 80 60 :
1064 1037 80 60 &
1080 1037 175 60 impossibi

729 1085 83 62 le
771 1085 97 62 est
826 1085 83 62 vt
868 1085 111 62 sint
937 1085 83 62 ex
978 1085 194 62 corporibus
1117 1085 138 62 insensi-

725 1138 177 57 bilibus,
858 1138 103 57 aut
917 1138 133 57 forte
1006 1138 133 57 nulla
1080 1138 177 57 substantia

730 1185 165 57 omnino
846 1185 132 57 est.
929 1185 99 57 Et
978 1185 149 57 etiam
1078 1185 198 57 videmus,

728 1229 128 61 quod
808 1229 144 61 omnia
904 1229 128 61 ista
984 1229 128 61 sunt
1047 1229 208 61 dimensiones

731 1278 199 60 corporis.
884 1278 168 60 quaedam
1006 1278 122 60 enim
1083 1278 122 60 sunt
1144 1278 107 60 lati-

733 1325 173 66 tudinis,
862 1325 158 66 quaedam
977 1325 259 66 spissitudinis,
1193 1325 72 66 &

729 1373 176 64 quaedam
857 1373 272 64 longitudinis.
1081 1373 96 64 Et
1129 1373 112 64 cum
1177 1373 80 64 hoc

735 1421 172 62 dicitur,
864 1421 115 62 quod
935 1421 115 62 ista
1007 1421 115 62 sunt
1078 1421 86 62 in
1107 1421 143 62 corpori-

736 1469 107 62 bus,
802 1469 120 62 sicut
882 1469 147 62 ficurae
989 1469 107 62 sunt
1056 1469 80 62 in
1096 1469 107 62 eis.
1149 1469 107 62 corpus

728 1517 122 61 enim
804 1517 167 61 necesse
925 1517 106 61 est
986 1517 91 61 vt
1032 1517 152 61 habeat
1123 1517 137 61 aliquam

730 1565 169 68 siguram.
857 1565 85 68 Si
899 1565 141 68 igitur
997 1565 183 68 possibile
1124 1565 127 68 fuerit,

738 1612 104 66 vt
790 1612 173 66 corpus
911 1612 121 66 non
980 1612 173 66 habeat
1083 1612 156 66 siguram

731 1657 209 59 possibile
892 1657 129 59 erit
972 1657 96 59 vt
1020 1657 112 59 non
1084 1657 161 59 habeat
1181 1657 80 59 di-

727 1709 250 53 mensionem,
924 1709 161 53 verbi
1031 1709 196 53 gratia,
1156 1709 107 53 quo-

728 1745 134 68 niam,
818 1745 89 68 si
862 1745 149 68 fuerit
967 1745 194 68 possibile
1116 1745 89 68 vt
1146 1745 119 68 ficura
