1475 2066
213 149 178 62 Mercurum
346 149 104 62 non
406 149 104 62 sit
465 149 89 62 in
509 149 133 62 idolo
583 149 148 62 Mercuru,

215 196 195 68 possibile
365 196 105 68 est
425 196 90 68 vt
470 196 150 68 sigura
560 196 180 68 semigrandi

224 249 96 57 nis
279 249 96 57 sit
334 249 83 57 in
376 249 110 57 tota
445 249 138 57 sigura
541 249 193 57 grandinis.
679 249 55 57 Et

226 293 86 62 cu
269 293 114 62 hoc,
340 293 114 62 quod
411 293 171 62 diximus,
539 293 157 62 accidit
639 293 100 62 istis

222 341 146 61 error,
325 341 103 61 cum
383 341 220 61 perscrutati
559 341 176 61 fuerimus
676 341 59 61 de

212 390 155 60 rebus,
321 390 155 60 quibus
430 390 202 60 contingit
569 390 171 60 generatio

222 436 73 62 &
252 436 205 62 corruptio.
413 436 205 62 Existimant
575 436 117 62 enim
648 436 117 62 quod

221 484 213 64 substantia
388 484 106 64 non
449 484 137 64 primo
540 484 137 64 fuit,
616 484 121 64 deinde

217 533 130 64 fuit:
303 533 101 64 aut
361 533 116 64 fuit
434 533 145 64 primo,
535 533 130 64 deide
607 533 116 64 corrum

215 579 150 63 pitur:
320 579 75 63 &
350 579 120 63 quod
425 579 195 63 passiones
574 579 195 63 contingut

217 638 95 52 et
265 638 127 52 apud
344 638 237 52 generatione
533 638 79 52 &
549 638 190 52 corruptio-

223 676 119 54 nem,
297 676 148 54 puncta
401 676 148 54 autem,
505 676 74 54 &
535 676 163 54 lineae,
654 676 74 54 &
669 676 59 54 su

213 721 189 65 perficies
359 721 218 65 impossibile
533 721 102 65 est
592 721 87 65 vt
621 721 116 65 habeat

218 788 259 45 generationem
428 788 81 45 &
461 788 259 45 corruptione,
655 788 81 45 aut

232 820 84 63 vt
274 820 112 63 sint
344 820 196 63 quandoque,
498 820 70 63 &
526 820 196 63 quandoque,
666 820 70 63 non

217 876 186 54 Corpora.
357 876 124 54 enim
435 876 186 54 continua
574 876 78 54 &
590 876 155 54 discreta

223 916 130 52 apud
304 916 292 52 continuationem
531 916 194 52 adunantur,

218 964 84 48 &
252 964 134 48 apud
335 964 268 48 discretionem
553 964 151 48 fiunt
637 964 100 48 duo.

228 1013 73 59 &
258 1013 131 59 nihil
345 1013 218 59 corrupitur,
520 1013 116 59 nisi
578 1013 160 59 corruptio

223 1061 161 49 accidat
340 1061 102 49 ei.
399 1061 73 49 &
428 1061 102 49 ea,
487 1061 117 49 quae
545 1061 190 49 diuiduntur,

217 1109 105 64 non
277 1109 120 64 sunt
352 1109 120 64 sine
426 1109 239 64 generatione,
606 1109 134 64 punctus

224 1157 139 53 autem,
321 1157 83 53 si
363 1157 97 53 non
419 1157 194 53 diuiditur,
571 1157 97 53 non
627 1157 97 53 sit
669 1157 69 53 due

217 1205 183 56 puncta:
351 1205 83 56 &
384 1205 100 56 si
434 1205 233 56 veneratur,
617 1205 83 56 &
634 1205 100 56 cor-

228 1237 200 77 rumpitur,
381 1237 108 77 est
443 1237 215 77 necessario
612 1237 92 77 ex
643 1237 92 77 ali-

211 1301 119 61 quo
262 1301 136 61 illud.

272 1354 80 52 Et
312 1354 94 52 est
365 1354 161 52 quaestio
473 1354 268 52 difficilisperscru-

222 1397 126 37 tanda
306 1397 84 37 in
348 1397 98 37 hac
404 1397 182 37 scientia,
545 1397 126 37 vtrum
615 1397 126 37 numeri.

226 1437 68 38 &
254 1437 163 38 corpora,
376 1437 68 38 &
403 1437 218 38 superficies,
581 1437 68 38 &
608 1437 150 38 lineae,
703 1437 41 38 &

225 1468 114 54 puncta
305 1468 91 54 sunt
362 1468 171 54 substantiae
499 1468 126 54 entium,
590 1468 137 54 scilicet
682 1468 57 54 qua

233 1509 148 53 dicuntur
344 1509 148 53 secundum
455 1509 111 53 quid,
529 1509 111 53 sicut
603 1509 124 53 quidam
677 1509 62 53 di-

231 1548 112 51 runt,
305 1548 87 51 aut
355 1548 99 51 non.
417 1548 186 51 Existimatur
566 1548 99 51 enim
628 1548 112 51 quod,
690 1548 50 51 si

223 1589 114 53 ista
294 1589 99 53 non
351 1589 156 53 fuerint
464 1589 199 53 quiditates
606 1589 128 53 substan

233 1629 143 45 tiarum
333 1629 157 45 entium,
447 1629 114 45 quod
518 1629 157 45 recedat
633 1629 71 45 a
647 1629 100 45 nobis

228 1664 148 56 cognitio
339 1664 161 56 naturarum
463 1664 124 56 eorum.
549 1664 148 56 scilicet
648 1664 99 56 entium

232 1702 214 44 existentium
403 1702 100 44 per
460 1702 100 44 se:
517 1702 114 44 quia
588 1702 128 44 omnes
659 1702 86 44 con-

230 1748 163 40 ueniunt
349 1748 89 40 in
393 1748 118 40 hoc,
467 1748 118 40 quod
541 1748 192 40 appellant
674 1748 74 40 eas

227 1784 242 42 substantias.
424 1784 121 42 D.d.
500 1784 136 42 Motus
590 1784 152 42 autem,
697 1784 76 42 &

224 1820 192 54 passiones,
375 1820 96 54 &c.
430 1820 82 54 i.
471 1820 69 54 &
499 1820 110 54 ista
554 1820 192 54 existimantur

749 148 113 47 esse
820 148 226 47 substantiae,
1003 148 113 47 quia
1074 148 127 47 illa,
1159 148 113 47 quae
1229 148 113 47 sunt

758 191 140 50 praeter
860 191 115 50 ista,
937 191 102 50 v.g.
1001 191 128 50 motus,
1090 191 64 50 &
1103 191 166 50 accidentia,

758 236 69 47 &
786 236 208 47 relationes,
953 236 69 47 &
980 236 250 47 dispositiones,
1175 236 97 47 mani-

755 270 128 44 festum
845 270 102 44 est,
908 270 102 44 quod
972 270 89 44 non
1023 270 179 44 notificant
1151 270 115 44 substan

753 316 85 30 tias
806 316 117 30 entium.
891 316 127 30 scilicet
987 316 85 30 quae
1040 316 127 30 vocantur
1125 316 148 30 substantiae,

761 344 71 56 &
789 344 171 56 intendit
917 344 100 56 per
974 344 185 56 passiones
1102 344 171 56 qualitates

752 386 194 52 attributas
905 386 180 52 sensibus,
1043 386 83 52 v.
1085 386 83 52 g.
1126 386 153 52 calorem
1237 386 69 52 &

754 421 168 45 frigus.
876 421 76 45 &
906 421 107 45 per
968 421 260 45 dispositiones
1166 421 107 45 modum

758 463 187 43 qualitatis,
907 463 100 43 quae
970 463 137 43 dicitur
1069 463 175 43 dispositio
1207 463 62 43 &
1219 463 50 43 ha

759 502 138 44 bitus.
856 502 97 44 per
911 502 180 44 dictiones
1050 502 125 44 autem
1133 502 125 44 forte
1202 502 69 44 in-

757 540 168 38 tendebat
883 540 196 38 intellecta
1037 540 182 38 subiecta.
1177 540 84 38 D.
1205 540 70 38 de-

758 582 103 47 dit
817 582 161 47 causam,
934 582 161 47 propter
1052 582 117 47 quam
1125 582 132 47 omnes
1199 582 73 47 con

754 616 144 50 ueniunt
859 616 78 50 in
898 616 105 50 hoc,
963 616 105 50 quod
1029 616 105 50 ista
1094 616 92 50 non
1146 616 105 50 sunt
1199 616 78 50 sub-

751 661 187 39 stantiae,
895 661 72 39 &
923 661 86 39 d.
967 661 115 39 quia
1039 661 130 39 omnia
1111 661 158 39 dicuntur,

757 695 87 52 &c.
806 695 74 52 i.
843 695 99 52 quia
905 695 112 52 omnia
980 695 99 52 ista
1042 695 99 52 sunt
1104 695 74 52 in
1141 695 87 52 hoc
1178 695 87 52 indiu

758 734 144 45 duali,
858 734 115 45 quod
930 734 101 45 est
988 734 201 45 indiuiduum
1132 734 129 45 substan

754 780 125 34 tiae,
837 780 69 34 &
865 780 138 34 nullum
962 780 125 34 eorum
1045 780 152 34 dicitur
1155 780 83 34 ex
1183 780 83 34 hoc,

757 813 117 41 D.d.
830 813 132 41 Illud
918 813 146 41 autem,
1021 813 117 41 quod
1079 813 190 41 existimatu,

756 851 95 47 &c.
811 851 81 47 i.
851 851 122 47 illud
932 851 135 47 autem,
1027 851 108 47 quod
1094 851 149 47 videtur
1189 851 81 47 esse

759 892 159 38 secundum
878 892 238 38 existimationem
1076 892 185 38 substantia
1208 892 66 38 en-

752 931 128 49 tium
832 931 257 49 compositorum
1025 931 240 49 indiuidualium

753 966 127 44 sunt
832 966 174 44 quatuor
959 966 206 44 elementa,
1117 966 95 44 ex
1149 966 127 44 quibus

755 1005 221 50 componuntur
932 1005 221 50 substantiae
1095 1005 177 50 sensibiles

758 1045 63 50 &
784 1045 151 50 intendit
897 1045 101 50 quod
960 1045 113 50 insta
1036 1045 151 50 videntur
1149 1045 101 50 esse
1199 1045 76 50 sub-

757 1085 155 40 stantiae
874 1085 207 40 compositorum
1042 1085 155 40 secundum
1146 1085 129 40 materiam

763 1130 86 41 non
812 1130 148 41 secundum
923 1130 123 41 illud,
1009 1130 99 41 quod
1071 1130 136 41 dicitur
1170 1130 74 41 in
1195 1130 86 41 respo

761 1160 129 44 sione
846 1160 86 44 ad
889 1160 129 44 quid.
975 1160 114 44 D.d.
1046 1160 143 44 corpus
1146 1160 114 44 vero
1204 1160 71 44 est

763 1200 122 48 illud,
848 1200 98 48 quod
909 1200 183 48 determinat,
1055 1200 85 48 &c.
1104 1200 73 48 i.
1141 1200 122 48 quando
1214 1200 61 48 de-

754 1244 183 46 finiuntur
895 1244 112 46 ista
965 1244 211 46 accidentia,
1133 1244 141 46 corpus
1218 1244 56 46 de

753 1277 135 49 terminat
854 1277 124 49 naturam
944 1277 112 49 eorum,
1023 1277 135 49 scilicet
1124 1277 90 49 quod
1180 1277 79 49 est
1214 1277 56 49 de-

756 1317 266 50 definitionibus
978 1317 148 50 eorum,
1081 1317 133 50 quasi
1170 1317 163 50 differe
1274 1317 44 50 M

760 1360 120 33 tiae
835 1360 136 33 eorum
926 1360 120 33 sunt
1001 1360 256 33 determinantes
1197 1360 75 33 na-

751 1393 134 52 turam
841 1393 149 52 entis,
945 1393 75 52 &
975 1393 254 52 distinguentes
1169 1393 105 52 ipsum

756 1434 86 41 ab
799 1434 143 41 aliis.
899 1434 115 41 D.d.
970 1434 100 41 Sed
1028 1434 143 41 corpus
1128 1434 100 41 est
1171 1434 100 41 minus

758 1472 96 48 &c.
813 1472 82 48 i.
854 1472 96 48 sed
909 1472 96 48 cum
964 1472 151 48 feceris
1060 1472 220 48 comparationem,

754 1510 109 50 inter
826 1510 109 50 ista,
899 1510 133 50 videbis
995 1510 97 50 quod
1056 1510 121 50 corpus
1140 1510 85 50 est
1176 1510 97 50 minque

759 1549 89 53 ris
810 1549 267 53 substantialitatis
1039 1549 89 53 qua
1090 1549 203 53 superficies,
1242 1549 38 53 &

756 1589 163 49 supeficies
885 1589 82 49 qua
931 1589 117 49 linea,
1013 1589 58 49 &
1037 1589 105 49 linea
1107 1589 93 49 quam
1153 1589 117 49 punctus,

781 1629 140 45 Deinde
879 1629 84 45 d.
921 1629 140 45 causam
1019 1629 84 45 in
1061 1629 112 45 hoc,
1131 1629 70 45 &
1159 1629 84 45 d.
1187 1629 84 45 cor-

762 1667 99 48 pus
819 1667 113 48 enim
889 1667 113 48 post
960 1667 113 48 ista
1031 1667 184 48 inuenitur
1173 1667 85 48 in
1201 1667 71 48 de-

761 1704 186 47 finitione:
907 1704 106 47 quia
973 1704 133 47 corpus
1067 1704 186 47 definitur,
1200 1704 66 47 quo

759 1740 92 46 est
812 1740 132 46 illud,
904 1740 106 46 quod
970 1740 92 46 est
1023 1740 185 46 diuisibile
1168 1740 79 46 in
1195 1740 79 46 trei

758 1782 218 52 superficies:
936 1782 96 52 aut
990 1782 136 52 illud,
1086 1782 109 52 quod
1141 1782 136 52 contine-

759 1821 97 54 tur
815 1821 70 54 a
843 1821 209 54 superficie,
1010 1821 97 54 aut
1051 1821 223 54 superficiebus.
