1475 2066
209 157 108 54 tunc
276 157 175 54 possibile
411 157 121 54 esset
491 157 81 54 vt
532 157 189 54 semisigura
667 157 67 54 rei

213 205 230 37 auferretur,
397 205 199 37 remanente
550 205 123 37 tota
611 205 123 37 sigura

227 237 66 48 &
253 237 92 48 hoc
306 237 184 48 intendebat
451 237 92 48 cum
503 237 79 48 d.
543 237 171 48 possibile
661 237 79 48 eest

222 273 87 52 vt
265 273 202 52 semisigura
424 273 188 52 gratdinis
569 273 101 52 sit
626 273 87 52 in
655 273 87 52 tota

225 313 142 50 sigura
324 313 198 50 grandinis.
480 313 85 50 Et
522 313 128 50 dedit
593 313 142 50 exemplum

218 356 85 31 de
260 356 157 31 tunica,
374 356 114 31 quia
445 356 142 31 tunica
545 356 100 31 est
602 356 85 31 de
630 356 100 31 rebus

227 389 89 37 qua
278 389 89 37 non
329 389 127 37 habent
417 389 89 37 hoc
468 389 127 37 nomen,
557 389 101 37 nisi
607 389 127 37 secundum

219 427 161 52 siguram
336 427 190 52 habendam.
483 427 146 52 sigura
585 427 146 52 igitur
673 427 58 52 ei

226 466 70 40 est
266 466 151 40 differentia
387 466 91 40 eius,
447 466 80 40 quae
498 466 141 40 distinguit
608 466 70 40 eam
648 466 60 40 ab
669 466 70 40 aliis

222 502 221 54 indumentis.
399 502 88 54 Et
443 502 191 54 intendit,
575 502 162 54 declarare

221 540 83 51 ex
263 540 96 51 hoc
318 540 165 51 capitulo
442 540 110 51 quod
511 540 96 51 cum
552 540 179 51 posuerimus,

221 587 106 39 quod
287 587 199 39 dimensiones
447 587 106 39 sunt
513 587 199 39 accidentia,
659 587 80 39 tunc

224 621 126 38 corpus
312 621 101 38 erit
375 621 163 38 accidens.
501 621 75 38 &,
539 621 75 38 si
564 621 163 38 posuerimus,

224 655 93 51 quod
282 655 116 51 corpus
364 655 81 51 est
410 655 174 51 substantia,
549 655 93 51 tunc
607 655 93 51 ista
654 655 81 51 erunt

220 693 239 45 substantiae.
414 693 119 45 D.d.
489 693 89 45 Et
533 693 104 45 cum
593 693 119 45 hoc,
653 693 89 45 quod

222 733 166 37 diximus,
347 733 97 37 &c.
402 733 83 37 i.
444 733 69 37 &
472 733 97 37 cum
527 733 125 37 istis
596 733 139 37 inopina-

221 773 153 50 bilibus
332 773 250 50 contingentibus
541 773 111 50 huic
596 773 139 50 positio,

221 811 76 51 nim
265 811 130 51 scilicet
362 811 120 51 corpora
449 811 87 51 esse
504 811 174 51 substantias,
634 811 109 51 accidunt

218 849 134 49 etiam
308 849 119 49 alia
382 849 239 49 inopinabilia
576 849 89 49 ex
606 849 134 49 apparen

222 892 131 38 tibus
310 892 88 38 in
354 892 131 38 rebus
441 892 248 38 generabilibus
645 892 73 38 &
660 892 73 38 cor

220 921 219 53 ruptibilibus.
400 921 103 53 D.d.
465 921 180 53 Existimant
606 921 103 53 enim
658 921 77 53 quod

218 965 192 37 substantia,
372 965 90 37 &c.
423 965 77 37 i.
461 965 192 37 existimatur
615 965 102 37 enim
679 965 64 37 &
692 965 51 37 po

219 1000 147 42 nitur.
322 1000 74 42 &
352 1000 103 42 est
411 1000 192 42 concessum
558 1000 88 42 ab
588 1000 147 42 omnibus,

219 1038 118 51 quod
293 1038 206 51 substantia
455 1038 192 51 generatur
602 1038 74 51 &
617 1038 118 51 corrum

218 1079 145 52 pitur,
319 1079 72 52 &
348 1079 174 52 accidunt
478 1079 87 52 ei
522 1079 188 52 passiones
652 1079 87 52 apud

223 1129 194 42 generationenm
382 1129 57 42 &
405 1129 194 42 corruptionem,
564 1129 137 42 scilicet
667 1129 91 42 quod

222 1165 99 42 cum
278 1165 198 42 generatur,
434 1165 99 42 sit
490 1165 212 42 substantia,
645 1165 99 42 quae-

214 1184 107 60 non
275 1184 138 60 fuit:
367 1184 77 60 &
397 1184 107 60 cum
459 1184 245 60 corrumpitur,
642 1184 92 60 corn

213 1234 175 40 rumpitur
345 1234 146 40 illud,
447 1234 117 40 quod
520 1234 131 40 fuit.
608 1234 117 40 D.d.
666 1234 73 40 Pun

224 1272 87 42 cta
273 1272 124 42 autem,
360 1272 62 42 &
385 1272 137 42 lineae,
484 1272 87 42 &c.
534 1272 74 42 i.
571 1272 124 42 puncta
646 1272 99 42 autem,

226 1316 68 45 &
254 1316 149 45 lineae,
362 1316 68 45 &
389 1316 204 45 superficies
552 1316 95 45 nec
593 1316 149 45 generantu

223 1356 107 41 nec
284 1356 259 41 corrumpuntur,
497 1356 137 41 neque
589 1356 122 41 sunt
650 1356 91 41 quan

222 1388 127 39 doque
306 1388 70 39 &
335 1388 183 39 quandoque
475 1388 113 39 non,
546 1388 99 39 cum
602 1388 127 39 linea
673 1388 70 39 non

215 1436 242 40 corrumpitur
408 1436 97 40 in
457 1436 113 40 non
521 1436 177 40 lineam,
634 1436 113 40 neque

223 1468 148 39 oeneratur
337 1468 69 39 ex
371 1468 80 39 non
417 1468 114 39 linea.
497 1468 57 39 &
520 1468 148 39 similiter
634 1468 80 39 est
668 1468 80 39 etiam

218 1501 90 54 de
263 1501 224 54 corporibus.
442 1501 90 54 D.
487 1501 179 54 incoepit
607 1501 134 54 declara

216 1541 88 44 re
260 1541 117 44 hoc,
333 1541 73 44 &
363 1541 88 44 d.
407 1541 161 44 Corpora
524 1541 117 44 enim
582 1541 161 44 continua,

215 1581 63 37 &
241 1581 164 37 discreta,
367 1581 88 37 &c.
417 1581 76 37 i.
455 1581 63 37 &
480 1581 76 37 d.
518 1581 101 37 quod
581 1581 113 37 nihil
644 1581 101 37 corrum

220 1616 136 49 pitur,
315 1616 109 49 nisi
383 1616 176 49 corruptio
519 1616 176 49 contingat
655 1616 95 49 ei.
695 1616 41 49 i

220 1652 78 50 &
252 1652 109 50 non
314 1652 140 50 omnis
407 1652 217 50 compositio
578 1652 109 50 est
624 1652 109 50 gene-

220 1694 127 51 ratio,
309 1694 114 51 neque
385 1694 114 51 omnis
461 1694 177 51 dissolutio
600 1694 89 51 est
638 1694 101 51 corru-

223 1733 133 46 ptio:
312 1733 88 46 vt
356 1733 147 46 quidam
459 1733 206 46 Antiquorum
606 1733 133 46 dicunt,

217 1773 135 53 scilicet
318 1773 90 53 quod
374 1773 169 53 congregatio
510 1773 79 53 est
555 1773 158 53 generatio,
678 1773 56 53 &
690 1773 56 53 se-

219 1820 187 47 gregatio
359 1820 218 47 corruptio.
530 1820 109 47 sed
577 1820 171 47 generatum

753 156 84 51 est
801 156 120 51 illud,
885 156 72 51 in
921 156 84 51 quo
969 156 84 51 sit
1018 156 180 51 substantia,
1162 156 96 51 quae
1210 156 60 51 non

756 201 116 47 fuit,
833 201 64 47 &
859 201 168 47 corruptum
988 201 90 47 est
1040 201 129 47 illud,
1130 201 77 47 in
1169 201 90 47 quo
1208 201 64 47 cor

751 236 124 50 rupta
834 236 96 50 est
889 236 207 50 substantia,
1054 236 110 50 quae
1123 236 124 50 fuit.
1192 236 83 50 D.d.

752 275 70 40 &
780 275 98 40 ea,
836 275 112 40 quae
905 275 209 40 diuiduntur,
1073 275 98 40 non
1129 275 112 40 sunt
1184 275 84 40 sine

754 312 223 50 generatione,
935 312 84 50 i.
977 312 98 50 ea,
1033 312 112 50 quae
1089 312 181 50 diuiduntur,

759 355 77 39 in
798 355 129 39 partes
888 355 206 39 conuenientes
1056 355 155 39 secundum
1172 355 116 39 nomen
1236 355 39 39 &

754 388 217 55 definitionem,
933 388 89 55 non
984 388 102 55 sunt
1048 388 102 55 sine
1099 388 179 55 generatione.

758 429 96 37 Et,
813 429 110 37 quia
882 429 151 37 accidit
992 429 82 37 ei
1033 429 82 37 in
1074 429 96 37 hac
1115 429 165 37 intentione

755 469 160 45 punctus:
875 469 146 45 punctus
981 469 107 45 enim
1048 469 93 45 non
1101 469 186 45 diuiditur,
1234 469 40 45 &

757 509 88 37 non
808 509 113 37 habet
883 509 213 37 generationem:
1059 509 63 37 &
1084 509 151 37 dixerunt
1184 509 88 37 etiam

758 550 80 37 quod
808 550 100 37 illud,
878 550 80 37 quod
928 550 130 37 diuiditur
1027 550 60 37 in
1057 550 90 37 talia
1117 550 100 37 semper
1177 550 100 37 secundum

753 580 133 44 nomen
842 580 74 44 &
872 580 252 44 definitionem,
1079 580 104 44 non
1139 580 133 44 habet
1213 580 59 44 ge

759 623 189 36 nerationem,
911 623 76 36 d.
949 623 63 36 &
974 623 114 36 illa,
1050 623 101 36 quae
1113 623 88 36 non
1151 623 126 36 diuidun-

752 657 94 41 tur
805 657 81 41 ex
846 657 81 41 re
886 657 202 41 diuisibili,
1048 657 94 41 non
1102 657 108 41 sunt
1169 657 108 41 sine
1223 657 54 41 ge

758 698 194 50 neratione.
911 698 139 50 minima
1008 698 111 50 enim
1078 698 153 50 partium
1175 698 97 50 corpo

754 734 67 51 ris
793 734 144 51 sensibilis,
908 734 77 51 quae
956 734 67 51 non
995 734 125 51 diuiditur
1091 734 115 51 secundum
1178 734 77 51 quod
1226 734 67 51 est

762 773 107 51 illud
833 773 130 51 corpus,
928 773 83 51 est
975 773 166 51 composita.
1105 773 71 51 v.
1141 773 71 51 g.
1176 773 95 51 quod
1224 773 47 51 mi

761 821 110 41 nima
830 821 110 41 pars
899 821 124 41 ignis
982 821 96 41 est
1037 821 179 41 composita
1175 821 83 41 ex
1202 821 69 41 ma-

750 848 126 42 teria
834 848 70 42 &
862 848 139 42 forma.
959 848 112 42 D.d.
1029 848 153 42 Punctus
1141 848 139 42 autem,
1224 848 42 42 s

759 889 82 42 non
806 889 165 42 diuiditur,
936 889 82 42 &c.
983 889 71 42 i.
1018 889 129 42 punctus
1112 889 118 42 autem,
1195 889 71 42 si
1218 889 59 42 est

757 928 215 50 indiuisibilis,
936 928 84 50 non
984 928 191 50 generabitur:
1140 928 84 50 cum
1175 928 96 50 puncus

758 966 94 52 non
811 966 175 52 diuiditur
946 966 81 52 in
986 966 94 52 duo
1040 966 148 52 puncta,
1148 966 108 52 ergo
1202 966 67 52 non

762 1005 107 50 habet
833 1005 201 50 generationem.
999 1005 142 50 quoniam,
1105 1005 71 50 si
1141 1005 130 50 haberet
1224 1005 47 50 ge

760 1041 221 43 nerationem,
937 1041 133 43 esset
1026 1041 207 43 compositus
1188 1041 74 43 &
1203 1041 74 43 hoc

758 1079 211 44 intendebat,
927 1079 99 44 cum
983 1079 85 44 d.
1026 1079 99 44 est
1082 1079 197 44 necessario
1223 1079 56 44 ex

761 1117 132 45 aliquo
853 1117 132 45 illud.
945 1117 79 45 i.
985 1117 66 45 &
1011 1117 92 45 cum
1064 1117 145 45 punctus
1156 1117 119 45 genera-

760 1156 110 39 tur,
829 1156 69 39 &
856 1156 220 39 corrumpitur,
1035 1156 192 39 necessario
1172 1156 110 39 genera

757 1204 93 30 tur
810 1204 80 30 ex
850 1204 146 30 aliquo.
956 1204 66 30 &
982 1204 93 30 sic
1035 1204 106 30 erit
1101 1204 212 30 diuisibilis:

763 1233 112 57 quod
833 1233 98 57 est
875 1233 197 57 impossibile-

796 1293 234 53 Dubitationes
986 1293 88 53 de
1030 1293 146 53 Ideis.
1133 1293 117 53 Cap.
1191 1293 44 53 2

879 1349 145 51 Mnino
975 1349 145 51 autem
1072 1349 177 51 aliquis
1185 1349 97 51 du

878 1389 212 54 bitabit,
1037 1389 159 54 quare
1125 1389 159 54 oportet

883 1433 129 42 alia
964 1433 178 42 quaedam
1093 1433 178 42 praeter
1206 1433 81 42 sen

752 1478 188 49 sibilia,
893 1478 78 49 &
925 1478 141 49 media
1019 1478 204 49 quaerere:
1175 1478 94 49 vt
1207 1478 78 49 pu-

765 1524 99 46 ta
814 1524 132 46 eas,
896 1524 132 46 quas
978 1524 197 46 ponimus,
1110 1524 148 46 formas,

759 1557 98 45 Si
808 1557 130 45 enim
889 1557 211 45 propterea
1051 1557 130 45 quod
1116 1557 163 45 mathema-

764 1601 115 41 tica
836 1601 144 41 quidem
937 1601 86 41 ab
980 1601 115 41 his,
1052 1601 115 41 quae
1124 1601 101 41 hic
1167 1601 101 41 sunt,

758 1640 127 42 alio
838 1640 159 42 quodam
949 1640 222 42 differunt,
1123 1640 95 42 in
1171 1640 95 42 eo
1203 1640 79 42 sa-

762 1682 110 53 nem,
831 1682 110 53 quod
900 1682 124 53 plura
982 1682 151 53 eiusdem
1092 1682 151 53 speciei
1189 1682 83 53 sunt

765 1724 139 46 nihil
857 1724 217 46 differunt.
1028 1724 77 46 &
1059 1724 124 46 ideo
1136 1724 108 46 non
1183 1724 108 46 erunt

757 1768 169 50 eorum
870 1768 263 50 principia,
1076 1768 188 50 numero
1189 1768 94 50 de-

760 1804 216 62 terminata,
929 1804 154 62 sicuti
1037 1804 139 62 etiam
1114 1804 170 62 literarum
