1475 2066
198 149 80 45 Et
238 149 199 45 abbreuiatio
397 149 106 45 eius
463 149 106 45 est,
529 149 106 45 quod
595 149 80 45 si
622 149 106 45 elemen

211 190 82 44 ta
252 190 110 44 sunt
321 190 110 44 actu
390 190 165 44 secundum
513 190 110 44 quod
582 190 110 44 sunt
637 190 82 44 ele-

220 229 134 45 menta,
313 229 67 45 &
340 229 107 45 fuit
407 229 160 45 potentia
527 229 120 45 prior
607 229 107 45 eis,
660 229 67 45 cum

212 268 108 39 sint
280 268 81 39 in
321 268 122 39 actu,
402 268 176 39 contincit
537 268 108 39 quod
591 268 135 39 elementa

212 299 153 61 habeant
323 299 181 61 elementa.
463 299 84 61 &,
504 299 84 61 si
546 299 167 61 potentia
657 299 70 61 non

213 347 128 39 fuerit
303 347 115 39 prior
380 347 102 39 eis,
444 347 90 39 non
495 347 102 39 erit
559 347 77 39 in
597 347 90 39 eis
635 347 90 39 poten

215 389 94 38 tia
268 389 134 38 omnino
362 389 81 38 ad
403 389 161 38 aliquid.
524 389 67 38 &
550 389 94 38 sic
604 389 94 38 non
644 389 81 38 erit

211 421 188 45 elementum
355 421 173 45 alicuius
485 421 116 45 rei.
558 421 101 45 Et,
615 421 101 45 cum
659 421 72 45 di-

212 461 112 53 cit:
282 461 211 53 impossibile
451 461 197 53 contingens
591 461 127 53 positio

215 501 85 45 ni
257 501 213 45 elementorum
427 501 85 45 in
470 501 128 45 actu,
555 501 170 45 incoepit
668 501 57 45 di

207 539 116 47 cere
280 539 131 47 etiam
367 539 116 47 quid
440 539 189 47 continoit
570 539 160 47 positioni

207 567 126 61 eorum
291 567 84 61 in
333 567 182 61 potentia,
474 567 70 61 &
502 567 140 61 dicit.
600 567 84 61 Si
628 567 98 61 autem

208 614 167 48 elementa
333 614 153 48 fuerint
445 614 181 48 potentia,
584 614 97 48 &c.
626 614 97 48 idest

213 652 84 46 si
255 652 168 46 elementa
381 652 154 46 fuerint
492 652 182 46 potentia,
618 652 98 46 possi

206 689 115 41 bile
277 689 115 41 erit
349 689 86 41 vt
392 689 129 41 omnia
479 689 144 41 entia,
579 689 115 41 quae
637 689 86 41 sunt

199 728 133 43 actu,
288 728 236 43 destruantur,
479 728 74 43 &
509 728 133 43 nihil
583 728 147 43 remaneat

209 766 112 43 nisi
279 766 140 43 illud,
377 766 112 43 quod
447 766 98 43 est
502 766 84 43 in
544 766 182 43 potentia.
670 766 56 43 D.

209 813 129 29 dedit
294 813 143 29 causam
394 813 86 29 in
437 813 114 29 hoc,
509 813 71 29 &
537 813 143 29 dicit:
623 813 100 29 illud

205 841 134 50 enim
289 841 134 50 quod
373 841 151 50 habet
473 841 234 50 potentiam,
640 841 84 50 &c.

203 886 127 48 idest
287 886 127 48 illud
372 886 127 48 enim,
456 886 112 48 quod
526 886 98 48 est
582 886 84 48 in
611 886 112 48 poten-

209 924 107 47 tia,
276 924 94 47 est
329 924 121 47 aliud
410 924 107 47 quid
477 924 81 47 in
518 924 121 47 actu.
598 924 94 47 cum
638 924 81 47 enim

207 957 92 45 est
260 957 79 45 in
299 957 172 45 potentia,
431 957 198 45 impossibile
590 957 92 45 est
643 957 79 45 vt
669 957 53 45 il

209 996 99 39 lud
265 996 99 39 sit
322 996 85 39 in
364 996 127 39 actu.
448 996 127 39 actus
533 996 113 39 enim
603 996 70 39 &
617 996 99 39 poten

212 1037 98 38 tia
268 1037 112 38 sunt
338 1037 196 38 contraria.
491 1037 140 38 Deinde
589 1037 140 38 dicit:
687 1037 70 38 &

207 1075 104 39 non
267 1075 104 39 fit
326 1075 119 39 nisi
401 1075 149 39 illud,
505 1075 119 39 quod
579 1075 104 39 non
624 1075 104 39 habet

209 1111 115 48 esse,
286 1111 115 48 idest
363 1111 64 48 &
389 1111 90 48 non
440 1111 90 48 fit
491 1111 103 48 nisi
555 1111 128 48 illud,
645 1111 103 48 quod

209 1150 99 44 non
265 1150 127 44 habet
350 1150 113 44 esse
421 1150 85 44 in
463 1150 127 44 actu.
548 1150 71 44 &
576 1150 127 44 nihil
646 1150 71 44 fit

206 1188 115 56 quod
278 1188 101 56 non
335 1188 130 56 habet
422 1188 187 56 potentiam
566 1188 86 56 vt
595 1188 86 56 fiat

243 1228 93 55 Et
289 1228 139 55 vtrum
381 1228 232 55 vniuersalia
567 1228 139 55 sint,
644 1228 77 55 an-

212 1270 95 44 vt
260 1270 190 44 dicimus,
402 1270 237 44 singularia.
592 1270 95 44 Si
623 1270 95 44 enim

199 1313 268 50 vniuersalia,
417 1313 117 50 non
484 1313 151 50 erunt
567 1313 151 50 substan

200 1357 148 47 tiae.
298 1357 148 47 nihil
397 1357 132 47 enim
480 1357 214 47 communium
628 1357 99 47 quod

208 1404 137 49 quid,
299 1404 106 49 sed
360 1404 137 49 quale
451 1404 122 49 quid
512 1404 213 49 significant.

195 1437 120 53 sed
264 1437 241 53 substantia
453 1437 138 53 quod
539 1437 155 53 quid.
625 1437 103 53 Quod

193 1478 109 44 si
247 1478 146 44 quod
339 1478 255 44 communiter
521 1478 200 44 praedica-

197 1519 123 50 tur,
274 1519 123 50 quod
351 1519 123 50 quid
428 1519 123 50 sit,
505 1519 77 50 &
536 1519 154 50 exponi
628 1519 93 50 pos-

202 1565 118 45 sit,
276 1565 132 45 multa
364 1565 176 45 animalia
496 1565 132 45 erunt
585 1565 118 45 ipse
643 1565 74 45 So-

201 1613 176 37 erates,
329 1613 80 37 &
361 1613 144 37 homo,
457 1613 80 37 &
489 1613 176 37 animal.
617 1613 96 37 si
649 1613 80 37 sin

199 1644 134 51 gula
283 1644 185 51 quidem,
418 1644 134 51 quod
502 1644 151 51 quid,
602 1644 84 51 &
619 1644 101 51 vnum

197 1685 250 53 significant.
401 1685 94 53 Si
448 1685 156 53 igitur
541 1685 188 53 principia.

198 1729 237 41 vniuersalia
388 1729 142 41 sunt,
482 1729 126 41 haec
545 1729 174 41 accidunt,

202 1769 123 57 Quod
279 1769 92 57 si
325 1769 108 57 non
386 1769 231 57 vniuersalia
571 1769 139 57 sint,
648 1769 77 57 sed

200 1812 91 46 vt
245 1812 121 46 ipsa
321 1812 227 46 singularia,
502 1812 106 46 non
563 1812 136 46 erunt
638 1812 91 46 sci

736 148 166 46 bilia.
853 148 166 46 ipsius
969 148 133 46 enim
1052 148 249 46 vniuersalis
1235 148 66 46 D.

740 196 147 38 omnium
843 196 192 38 scientiae
991 196 133 38 sunt,
1079 196 133 38 quare
1153 196 103 38 erunt

743 237 124 46 alia
820 237 201 46 principia
975 237 155 46 priora
1083 237 93 46 de
1114 237 139 46 princi-

741 275 122 49 piis
817 275 260 49 vniuersaliter
1031 275 229 49 praedicata,
1199 275 61 49 si

743 320 106 41 sit
804 320 152 41 quidem
910 320 137 41 eorum
1001 320 152 41 futura
1092 320 167 41 scientia.

783 359 102 59 Et
834 359 153 59 etiam
936 359 288 59 perscrutandum
1156 359 85 59 est

744 405 138 62 vtrum
836 405 199 62 principia
989 405 123 62 sint
1050 405 215 62 vniuersalia,

741 453 106 56 aut
801 453 258 56 particularia.
1014 453 91 56 Si
1044 453 212 56 vniuersalia,

743 500 104 62 non
802 500 118 62 sunt
876 500 237 62 substantiae.
1069 500 163 62 comunia
1172 500 89 62 enim

744 544 108 67 non
805 544 185 67 dicuntur
944 544 124 67 esse
1021 544 108 67 hoc
1068 544 185 67 singulare,

742 596 101 54 sed
799 596 202 54 exemplaria
958 596 130 54 haec.
1045 596 202 54 substantia
1190 596 72 54 au-

740 644 101 61 tem
797 644 159 61 dicitur
913 644 116 61 esse
986 644 101 61 hoc
1044 644 203 61 sinculare.
1203 644 87 61 Si

746 692 145 59 ioitur
847 692 159 59 dicitur
963 692 232 59 praedicabile
1151 692 87 59 de
1180 692 72 59 re-

736 725 119 73 bus
804 725 136 73 modo
889 725 204 73 communi,
1043 725 136 73 quod
1128 725 102 73 ex
1162 725 85 73 hoc

738 787 118 49 tunc
812 787 178 49 Socrates
945 787 118 49 erit
1019 787 133 49 multa
1093 787 163 49 animalia,

744 836 177 54 scilicet
877 836 148 54 Socra.
980 836 89 54 et
1025 836 133 54 homo,
1113 836 74 54 &
1128 836 133 54 animal.

739 883 177 65 quoniam
868 883 258 65 vnumquodque,
1078 883 145 65 eorum
1158 883 113 65 signi

740 930 132 64 ficat
828 930 117 64 quod
901 930 102 64 est
960 930 102 64 hoc
1018 930 117 64 vnu.
1091 930 117 64 Ista
1150 930 117 64 igitur

744 978 194 63 accidentia
897 978 180 63 accidunt,
1035 978 83 63 si
1077 978 180 63 principia
1202 978 69 63 fue

739 1024 121 60 rint
814 1024 241 60 vniuersalia.
1011 1024 91 60 Si
1056 1024 136 60 autem
1146 1024 106 60 non
1192 1024 75 60 fue

738 1069 124 63 rint
815 1069 247 63 vniuersalia,
1016 1069 77 63 &
1047 1069 170 63 fuerint
1155 1069 108 63 sicut

739 1117 199 62 principia
891 1117 260 62 particularia,
1105 1117 122 62 tunc
1166 1117 92 62 scim

742 1164 101 67 non
799 1164 158 67 habebit
914 1164 129 67 esse.
1000 1164 187 67 scientiae
1144 1164 115 67 enim
1202 1164 57 67 om

740 1213 127 64 nium
819 1213 127 64 sunt
898 1213 253 64 vniuersales.
1088 1213 174 64 manifesto

746 1261 92 62 est
798 1261 144 62 igitur,
903 1261 118 62 quod,
982 1261 79 62 si
1021 1261 131 62 fuerit
1100 1261 157 62 possibile.

744 1309 82 62 vt
785 1309 110 62 ista
854 1309 178 62 principia
991 1309 233 62 cognoscantur,
1183 1309 110 62 quod

737 1357 121 61 alia
812 1357 196 61 principia
963 1357 121 61 sunt
1039 1357 226 61 vniuersalia
1205 1357 60 61 an

739 1405 90 63 te
784 1405 256 63 particularia,
994 1405 120 63 quae
1055 1405 210 63 praedicantur

734 1452 91 57 de
764 1452 257 57 particularibus,

781 1500 87 46 Et
825 1500 131 46 etiam
913 1500 233 46 persrutandum
1102 1500 117 46 est,
1160 1500 102 46 vtrum

742 1548 185 38 principia
884 1548 114 38 sint
955 1548 227 38 vniuersalia,
1139 1548 99 38 aut
1182 1548 71 38 par

738 1576 195 42 ticularia.
891 1576 84 42 Si
933 1576 126 42 autem
1017 1576 223 42 vniuersalia,
1184 1576 70 42 non

739 1613 131 45 erunt
827 1613 232 45 substantiae.
1015 1613 218 45 Vniuersalia
1175 1613 87 45 enim

736 1652 129 46 sunt
817 1652 210 46 communia,
978 1652 129 46 quia
1058 1652 129 46 sunt
1139 1652 97 46 in
1171 1652 81 46 plu

743 1699 152 31 ribus:
849 1699 76 31 &
879 1699 167 31 commune
1001 1699 106 31 non
1062 1699 106 31 est
1122 1699 106 31 hoc
1168 1699 91 31 sin-

745 1731 155 50 gulare,
857 1731 112 50 quod
928 1731 98 50 est
984 1731 211 50 substantia,
1153 1731 98 50 sed
1195 1731 70 50 est

748 1767 160 55 exemplar
868 1767 107 55 huic
934 1767 186 55 singulari,
1081 1767 160 55 scilicet
1187 1767 80 55 for-

734 1808 113 42 mae
799 1808 194 42 communis
944 1808 130 42 eis,
1025 1808 81 42 &
1058 1808 178 42 omnibus
1171 1808 97 42 indi
