1475 2066
168 174 97 43 qu
216 174 162 43 uiduis
330 174 227 43 habentibus
509 174 146 43 illam
590 174 130 43 formam

207 212 216 39 substantia
376 212 139 39 autem
468 212 169 39 dicitur
591 212 123 39 esse
653 212 77 39 hoc

213 253 215 49 singulare:
382 253 169 49 propter
505 253 123 49 quod
566 253 154 49 concludi

213 286 92 44 tur
266 286 79 44 in
305 286 145 44 secunda
411 286 145 44 sigura,
517 286 106 44 quod
569 286 159 44 substantia

210 330 96 40 non
265 330 96 40 est
320 330 205 40 vniuersale.
484 330 109 40 D.d.
552 330 82 40 Si
593 330 137 40 igitur
675 330 55 40 di

208 364 110 54 citur
281 364 208 54 praedicabile,
452 364 86 54 &c.
501 364 73 54 i.
538 364 73 54 si
574 364 122 54 igitur
648 364 73 54 vni-

215 403 127 40 nersale
308 403 81 40 est
354 403 139 40 commune,
459 403 139 40 secundum
563 403 93 40 quod
621 403 81 40 est
656 403 69 40 sin-

214 450 137 41 gulare
310 450 165 41 existens
434 450 82 41 in
475 450 178 41 pluribus,
612 450 110 41 tunc
667 450 55 41 So

213 478 134 44 crates
306 478 107 44 erit
373 478 187 44 compositum
520 478 80 44 ex
560 478 134 44 multis
641 478 80 44 ani-

216 517 181 45 malibus.
352 517 91 45 in
397 517 166 45 Socrate
518 517 121 45 enim
593 517 121 45 erit
654 517 75 45 hu-

215 564 172 30 manitas
340 564 187 30 existens
481 564 94 30 in
527 564 172 30 omnibus
636 564 94 30 homi

206 597 139 52 nibus,
303 597 111 52 quia
373 597 97 52 est
428 597 97 52 hoc
484 597 181 52 singulare
623 597 83 52 in
651 597 69 52 nu-

218 644 138 30 mero.
310 644 77 30 &
341 644 108 30 sic
402 644 154 30 Socra.
510 644 77 30 &
541 644 138 30 omnia
617 644 108 30 indi-

210 674 141 51 uidua
304 674 172 51 hominis
429 674 141 51 erunt
523 674 203 51 composita
664 674 63 51 ex

212 712 100 42 vna
269 712 100 42 re,
326 712 71 42 &
354 712 185 42 similiter
496 712 114 42 erit
553 712 171 42 compositus

212 756 117 36 cum
279 756 184 36 omnibus
413 756 251 36 animalibus,
598 756 117 36 anima

213 789 101 38 litas
280 789 89 38 enim
336 789 89 38 haec
392 789 179 38 indiuidualis
537 789 123 38 existit
626 789 67 38 in
649 789 78 38 omni-

208 828 104 38 bus
268 828 209 38 indiuiduis
432 828 209 38 animalium,
596 828 104 38 aut
655 828 89 38 in

209 869 170 39 diuidua
332 869 201 39 animalium
486 869 185 39 existunt
625 869 93 39 in
656 869 62 39 ea

211 904 119 55 istae
290 904 133 55 igitur
383 904 199 55 quaestiones
542 904 172 55 accidunt,
662 904 66 55 si-

212 944 188 50 principia
356 944 159 50 fuerunt
472 944 231 50 vniuersalia.
645 944 87 50 D.d.

211 983 87 44 Si
255 983 131 44 autem
342 983 102 44 non
401 983 160 44 fuerint
517 983 233 44 vniuersalia,

212 1022 100 45 &c.
269 1022 129 45 idest
355 1022 86 45 si
398 1022 129 45 autem
484 1022 100 45 non
542 1022 172 45 ponantur
656 1022 72 45 hic

213 1061 104 51 esse
278 1061 195 51 vniuersalia
434 1061 130 51 entia,
524 1061 195 51 contingitur
667 1061 52 51 vt

206 1101 177 37 scientiae
342 1101 204 37 necessariae
505 1101 95 37 non
560 1101 122 37 sint.
641 1101 68 37 &
655 1101 68 37 hoc

204 1141 147 37 mouit
302 1141 196 37 Platonem
449 1141 98 37 ad
498 1141 196 37 dicendum
629 1141 98 37 for-

212 1178 98 42 mas
268 1178 126 42 esse.
352 1178 84 42 D.
394 1178 126 42 dixit
478 1178 182 42 scientiae
617 1178 112 42 enim
673 1178 56 42 om

205 1219 122 40 nium
281 1219 122 40 sunt
357 1219 243 40 vniuersales.
555 1219 76 40 &
570 1219 152 40 intendit

210 1257 189 53 Scientias
355 1257 232 53 Speculatiuas
529 1257 189 53 necessarias

211 1292 157 51 Deinde
321 1292 141 51 dixit
415 1292 219 51 manifestum
588 1292 110 51 est
635 1292 78 51 igi

215 1334 111 44 tur,
285 1334 97 44 &c.
340 1334 139 44 idest,
438 1334 70 44 &
466 1334 97 44 cum
521 1334 153 44 necesse
633 1334 97 44 est
674 1334 56 44 vt

214 1372 192 55 principia
362 1372 237 55 particularia
540 1372 177 55 cognoscan-

209 1412 107 53 tur
270 1412 107 53 non
331 1412 214 53 generabili
499 1412 214 53 cognitione
652 1412 61 53 ne

252 1452 106 54 que
312 1452 242 54 corruptibili
509 1452 167 54 necesse
615 1452 76 54 est

294 1491 100 47 hic
351 1491 114 47 esse
422 1491 186 47 principia
551 1491 86 47 vni-

339 1529 165 49 uersalia
463 1529 110 49 ante
518 1529 83 49 par

380 1570 172 40 ticularia.

724 162 183 64 AM
815 162 274 64 2sFor
998 162 213 64 pae
1119 162 183 64 Et
1180 162 122 64 Sr

730 226 498 49 MErAprivsIconvi

778 285 408 45 22MMMGSSAEEV8

815 356 149 46 Cum
900 356 192 46 Auer.
1007 356 171 46 Commen

747 432 433 33 SVMMAEE2EE2

746 476 78 36 in
785 476 117 36 Prima
863 476 131 36 agitur
955 476 78 36 de
994 476 131 36 quibus
1085 476 131 36 habeat
1164 476 91 36 prima

746 507 197 41 Philosophia
903 507 210 41 pertractare.
1074 507 79 41 In
1114 507 144 41 Secunda
1205 507 53 41 de

741 535 207 43 Principiorum
897 535 168 43 cognitione.

737 597 87 44 Sum
786 597 87 44 mae
836 597 124 44 primae
923 597 100 44 Ens,
985 597 112 44 pront
1060 597 87 44 est
1110 597 100 44 ens,
1172 597 62 44 &
1184 597 75 44 pri-

789 636 98 38 mas
845 636 140 38 causas
943 636 70 38 a
971 636 126 38 primo
1041 636 168 38 Philosopho

834 677 254 46 consyderari.
1041 677 127 46 Cap.
1104 677 48 46 2

933 725 90 52 St
978 725 179 52 scientia
1112 725 164 52 quaedam

937 772 122 45 quae
1013 772 214 45 speculatur
1166 772 92 45 ens,

787 768 78 50 sa

793 792 60 49 e

939 811 135 47 prout
1029 811 105 47 ens
1089 811 120 47 est,
1163 811 75 47 &
1178 811 75 47 qua

723 813 165 70 &

841 822 88 80 fi

681 835 126 66 s

941 852 82 54 ei
982 852 95 54 per
1037 852 82 54 se
1078 852 150 54 insunt:
1173 852 82 54 Haec

719 885 93 47 baem

832 895 105 43 aa
884 895 105 43 as
936 895 157 43 autem
1041 895 157 43 nulli
1129 895 122 43 earum

742 936 140 46 quae
829 936 105 46 in
881 936 157 46 parte
986 936 227 46 dicuntur,
1143 936 122 46 eadem

743 980 122 38 est,
819 980 153 38 nullae
926 980 153 38 nanque
1033 980 214 38 caeterarum
1186 980 77 38 vni

744 1021 204 50 uersaliter
905 1021 87 50 de
948 1021 131 50 ente.
1036 1021 131 50 prout
1123 1021 102 50 ens
1167 1021 87 50 est,

736 1061 279 45 consyderant,
962 1061 122 45 sed
1032 1061 140 45 eius
1102 1061 157 45 aliquam

734 1105 182 50 partem
861 1105 310 50 abscindentes,
1116 1105 146 50 quod
1189 1105 73 50 ei

736 1146 189 40 accidit
873 1146 258 40 speculantur
1080 1146 103 40 vt
1114 1146 138 40 Mathe-

737 1172 191 63 maticae
876 1172 243 63 scientiae.
1067 1172 122 63 Cum
1136 1172 156 63 autem

734 1229 253 51 principia,
932 1229 90 51 &
968 1229 216 51 supremas
1113 1229 144 51 causas

744 1281 210 37 quaeramus,
909 1281 135 37 patet
999 1281 120 37 quod
1073 1281 180 37 alicuius
1193 1281 60 37 na

746 1317 105 47 turae
816 1317 82 47 per
863 1317 70 47 se
898 1317 128 47 necesse
991 1317 82 47 est
1038 1317 82 47 eas
1085 1317 105 47 esse.
1155 1317 70 47 Si
1178 1317 70 47 igit

738 1356 108 51 illi
806 1356 135 51 etiam,
901 1356 95 51 qui
955 1356 135 51 entium
1049 1356 162 51 elementa
1157 1356 95 51 quae-

738 1397 160 54 rebant,
855 1397 116 54 ista
927 1397 189 54 principia
1058 1397 189 54 quaerebant,

744 1436 152 46 necesse
855 1436 97 46 est
910 1436 124 46 etiam
993 1436 166 46 elementa
1117 1436 124 46 entis
1186 1436 69 46 non

745 1481 162 42 secundum
866 1481 162 42 accidens
987 1481 121 42 esse,
1068 1481 94 42 sed
1121 1481 121 42 prout
1189 1481 67 42 en-

746 1533 109 46 tia
808 1533 140 46 sunt.
901 1533 140 46 Quare
994 1533 140 46 nobis
1087 1533 155 46 quoque
1180 1533 78 46 en-

740 1565 128 45 tis,
820 1565 144 45 prout
916 1565 160 45 entis,
1029 1565 160 45 primas
1125 1565 128 45 causas

730 1609 272 49 accipiendum
929 1609 109 49 est.

789 1643 117 71 Vnius
867 1643 130 71 quidem
958 1643 169 71 scientiae
1074 1643 182 71 scientiarum,

738 1697 103 57 est
797 1697 236 57 consyderatio
989 1697 89 57 de
1034 1697 133 57 ente,
1122 1697 74 57 &
1152 1697 89 57 de
1181 1697 74 57 re-

746 1745 110 58 bus,
815 1745 110 58 quae
884 1745 110 58 sunt
953 1745 124 58 entis
1035 1745 96 58 per
1090 1745 96 58 se.
1145 1745 83 58 Et
1173 1745 96 58 ista.

740 1793 156 65 scientia
857 1793 91 65 non
909 1793 91 65 est
961 1793 91 65 vna
1014 1793 130 65 earum,
1105 1793 104 65 quae
1157 1793 104 65 dicun-

740 1836 108 71 tur
801 1836 262 71 particulares,
1017 1836 169 71 quoniam
1140 1836 108 71 non
1186 1836 77 71 est
