1475 2066
139 157 190 45 quidem
272 157 247 45 dicentur.
461 157 171 45 Vnius
556 157 133 45 tamen

164 200 112 43 est
228 200 160 43 cuncta
340 200 240 43 cognoscere.
533 200 112 43 non
581 200 96 43 enim

164 245 84 40 si
206 245 251 40 multipliciter,
415 245 112 40 ideo
485 245 181 40 alterius,
610 245 70 40 sed

162 291 104 40 si
214 291 156 40 neque
318 291 209 40 secundum
474 291 156 40 vnum,
561 291 122 40 neque

160 332 105 38 ad
213 332 141 38 vnum
301 332 211 38 rationes
442 332 228 38 reducuntur,

161 366 105 52 tunc
226 366 170 52 alterius.
357 366 92 52 Cum
409 366 78 52 at
449 366 78 52 ad
488 366 144 52 praemum
579 366 105 52 cuncta

164 407 213 52 reducuntur,
334 407 85 52 vt
377 407 114 52 puta
448 407 213 52 quaetcunque
605 407 85 52 vnum

163 453 177 37 dicuntur
296 453 88 37 ad
340 453 147 37 primum
443 453 133 37 vnum,
517 453 162 37 similiter

161 500 104 38 de
213 500 174 38 eodem,
335 500 87 38 &
370 500 192 38 diuerso
509 500 87 38 &
526 500 157 38 contra-

161 534 138 44 rijs
247 534 208 44 dicendum
403 534 104 44 se
455 534 190 44 habere.
576 534 104 44 Qua-

155 572 188 54 propter
291 572 222 54 diuidendo
462 572 188 54 quoties
582 572 102 54 sin-

163 619 131 46 gula
244 619 212 46 dicuntur,
408 619 114 46 sic
456 619 229 46 attribuendum

160 668 132 38 est
235 668 113 38 ad
292 668 188 38 primum
424 668 113 38 in
480 668 188 38 vnoquo
593 668 94 38 que

156 700 321 44 praedicamento,
424 700 196 44 quomodo
567 700 107 44 ad
603 700 71 44 il

160 741 107 47 lud
221 741 183 47 dicitur.
358 741 168 47 quaedam
480 741 122 47 enim
556 741 91 47 eo
587 741 91 47 quod

164 781 155 45 habent
273 781 155 45 illud,
382 781 171 45 quaedam
506 781 93 45 eo
553 781 124 45 quod
615 781 62 45 fa

164 823 172 43 ciunt,
284 823 189 43 quaedam
422 823 206 43 secundum
560 823 120 43 alios

153 870 282 36 huiuscemodi
379 870 169 36 modos
473 870 207 36 dicentur,

158 906 256 41 Manifestum
359 906 183 41 itaque
487 906 146 41 quod
578 906 110 41 in
615 906 73 41 du

155 945 271 41 bitationibus
375 945 169 41 dictum
494 945 135 41 est,
561 945 119 41 vnius

164 986 116 41 esse
236 986 101 41 tam
294 986 87 41 de
337 986 116 41 his,
410 986 116 41 quam
482 986 87 41 de
511 986 174 41 substantia

159 1028 205 46 rantionem
317 1028 174 46 habere.
443 1028 110 46 hoc
506 1028 142 46 autem
585 1028 95 46 vnum

160 1069 135 46 erat
245 1069 169 46 eorum,
363 1069 135 46 quae
447 1069 101 46 in
481 1069 203 46 dubitatio-

157 1109 162 54 nibus
247 1109 180 54 diximus.

204 1149 98 67 Et
253 1149 114 67 nos
318 1149 293 67 perscrutabimur
562 1149 98 67 de
595 1149 81 67 ha-

153 1197 204 61 opinione,
310 1197 110 61 cum
373 1197 251 61 distinguemus
561 1197 125 61 contra

160 1245 117 58 ria.
233 1245 87 58 Et
277 1245 219 58 diuisiones,
452 1245 73 58 &
481 1245 146 58 partes
568 1245 117 58 pPhilo

142 1289 176 65 sophiae
270 1289 128 65 sunt
350 1289 192 65 secundum
493 1289 176 65 numerum
605 1289 80 65 sub

160 1340 221 61 stantiarum.
337 1340 206 61 manifestum
499 1340 103 61 est
543 1340 132 61 igitur,

158 1385 123 62 quod
235 1385 139 62 istae
327 1385 231 62 substantiae
512 1385 154 62 habent
604 1385 77 62 vna

152 1429 236 75 substantiam
341 1429 173 75 priorem
467 1429 158 75 illis,
578 1429 79 75 &
593 1429 79 75 al-

163 1481 152 58 tiorem
269 1481 167 58 omnibus
390 1481 227 58 necessario.
572 1481 76 58 &
587 1481 91 58 pri-

158 1540 103 50 ma
209 1540 171 50 genera
329 1540 137 50 sunt
414 1540 137 50 vnum
500 1540 86 50 &
534 1540 137 50 ens:
620 1540 86 50 &

156 1572 116 74 ideo
229 1572 189 74 scientiae
375 1572 233 74 consequuntur
564 1572 116 74 haec
622 1572 58 74 ge

154 1621 145 62 nera.
250 1621 241 62 Philosophus
443 1621 129 62 enim
507 1621 161 62 assimila

157 1669 113 57 tur
222 1669 259 57 Mathematico.
432 1669 194 57 scientia
562 1669 113 57 enin-

153 1717 267 62 mathematica
367 1717 160 62 habet
473 1717 196 62 partes.
616 1717 89 62 &

146 1765 203 53 istarum
293 1765 276 53 scientiarum
496 1765 184 53 Mathemat

156 1812 150 62 carum
256 1812 117 62 hoc
323 1812 117 62 est
389 1812 183 62 primum,
523 1812 83 62 &
556 1812 117 62 hoc
606 1812 83 62 est

704 148 192 70 secundum.
852 148 74 70 &
881 148 192 70 similiter
1029 148 89 70 de
1073 148 133 70 aliis
1147 148 74 70 se-

701 205 158 45 cundum
812 205 127 45 hunc
891 205 158 45 modum.
1002 205 111 45 Et,
1066 205 111 45 cum
1113 205 111 45 vnius

695 259 172 50 scientiae
827 259 93 50 est
880 259 212 50 consyderatio
1053 259 80 50 de
1079 259 133 50 substan-

693 298 105 56 tus
753 298 179 56 secundum
887 298 224 56 oppositione
1052 298 164 56 aequalem,

697 348 72 62 &
725 348 201 62 aequaliter
883 348 187 62 oppositum
1027 348 101 62 vni
1085 348 86 62 in
1113 348 101 62 siti-

702 393 97 67 est
758 393 194 67 multitudo,
910 393 180 67 manifestu
1048 393 97 67 est
1103 393 138 67 igitur

698 441 101 65 quod
762 441 114 65 vnius
838 441 164 65 scientiae
964 441 63 65 e
989 441 190 65 cosyderatio
1141 441 76 65 de
1166 441 51 65 ne

698 493 174 57 gatione
825 493 79 57 &
856 493 237 57 priuatione.
1030 493 190 57 consydera-

699 538 92 56 tio
751 538 105 56 enim
817 538 79 56 de
857 538 158 56 vtroque,
975 538 92 56 est
1028 538 105 56 vna,
1093 538 66 56 &
1120 538 132 56 vnius,

698 596 98 53 aut
754 596 112 53 erit
824 596 167 53 negatio,
949 596 98 53 aut
1005 596 112 53 erit
1061 596 153 53 priuatio,

701 628 96 63 qua
756 628 152 63 dicitur
867 628 221 63 simpliciter,
1046 628 110 63 quod
1115 628 96 63 non
1156 628 69 63 est

703 676 108 65 hoc,
770 676 94 65 aut
824 676 135 65 alicui
918 676 148 65 generi.
1026 676 121 65 inter
1107 676 135 65 igitur

708 725 130 61 vnum,
794 725 72 61 &
823 725 187 61 negatione
967 725 101 61 est
1010 725 202 61 differentia,

699 773 114 62 quia
770 773 157 62 negatio
884 773 100 62 est
941 773 157 62 ablatio
1056 773 143 62 vnius,
1141 773 86 62 pri-

693 820 149 46 uatio
793 820 149 46 autem
892 820 149 46 habet
992 820 182 46 naturam
1108 820 116 46 subte

695 868 116 66 ctam
768 868 131 66 sibi,
855 868 87 66 de
899 868 102 66 qua
957 868 160 66 dicitur
1058 868 160 66 priuatio,

698 917 103 61 cum
757 917 147 61 igitur
860 917 147 61 fuerit
963 917 191 61 oppositum
1110 917 88 61 in
1139 917 74 61 si-

694 964 102 62 tu
745 964 136 62 vnum
830 964 170 62 multo,
949 964 238 62 manifestum
1119 964 85 62 est

699 1012 128 57 quod
779 1012 208 57 opponetur
939 1012 96 57 in
987 1012 128 57 loco
1051 1012 160 57 diuersum

699 1059 82 57 &
731 1059 229 57 dissimile,
911 1059 82 57 &
944 1059 114 57 non
1009 1059 196 57 aequale,
1156 1059 82 57 &

692 1105 140 58 alia,
786 1105 124 58 quae
863 1105 186 58 dicuntur
1003 1105 109 58 hoc
1065 1105 140 58 modo,
1142 1105 78 58 aut

699 1154 122 56 modo
775 1154 260 56 multitudinis.
989 1154 107 56 Et,
1051 1154 107 56 cum
1097 1154 122 56 scien-

700 1201 122 59 tiae,
782 1201 109 59 quam
850 1201 163 59 diximus,
972 1201 82 59 et
1013 1201 163 59 cognitio
1122 1201 95 59 vnius

698 1249 87 61 &
732 1249 279 61 contrarietas
959 1249 122 61 est
1029 1249 140 61 vnum
1099 1249 122 61 isto-

687 1293 139 45 rum,
774 1293 87 45 &
808 1293 139 45 vnum
895 1293 191 45 dicitur
1034 1293 174 45 multis
1138 1293 70 45 mo

696 1340 116 62 dis,
768 1340 202 62 manifestum
927 1340 116 62 est,
999 1340 116 62 quod
1071 1340 116 62 haec
1129 1340 87 62 con-

702 1388 161 54 traria
815 1388 194 54 dicuntur
960 1388 145 54 etiam
1057 1388 97 54 de
1089 1388 129 54 multis

696 1436 191 54 speciebus.
847 1436 82 54 Et
888 1436 123 54 vnius
970 1436 178 54 scientiae
1107 1436 96 54 est
1148 1436 68 54 co-

701 1485 154 59 gnitio
809 1485 170 59 omnium,
932 1485 139 59 sicut
1024 1485 108 59 est
1071 1485 154 59 cognitio

710 1540 144 38 vnius,
810 1540 173 38 quoniam,
940 1540 86 38 si
983 1540 115 38 ista
1055 1540 173 38 dicuntur
1170 1540 58 38 de

695 1577 145 65 multis
797 1577 203 65 speciebus,
957 1577 116 65 tunc
1029 1577 174 65 cognitio
1145 1577 73 65 om-

695 1624 127 63 nium
774 1624 142 63 nonus
869 1624 111 63 est
932 1624 174 63 plurium
1043 1624 174 63 scientia-

693 1672 124 61 rum:
771 1672 109 61 sed
833 1672 186 61 cognitio
973 1672 140 61 eorum
1066 1672 124 61 erit
1128 1672 93 61 plu-

691 1722 139 56 rium
778 1722 261 56 scientiarum
986 1722 122 56 cum
1056 1722 122 56 non
1108 1722 104 56 fue-

693 1765 104 62 rit
752 1765 178 62 proprium
886 1765 118 62 eis,
960 1765 133 62 sicut
1048 1765 163 62 diximus
1152 1765 74 62 ali

697 1813 126 62 quid
776 1813 126 62 vnu,
854 1813 79 62 &
886 1813 110 62 non
949 1813 189 62 dicentur
1090 1813 94 62 de
1122 1813 94 62 vno,
