1475 2066
226 164 111 63 Cum
290 164 159 63 igitur
401 164 223 63 attributio
576 164 143 63 omniu
656 164 95 63 con-

236 212 193 66 trariorum
385 212 104 66 est
444 212 149 66 primo,
549 212 119 66 quod
623 212 104 66 est
668 212 89 66 pri-

239 261 106 58 mum
299 261 152 58 eorum,
406 261 136 58 verbi
496 261 167 58 gratia,
618 261 121 58 quod
678 261 76 58 om-

235 304 120 58 nia,
310 304 120 58 quae
386 304 181 58 dicuntur
521 304 136 58 vnum,
596 304 166 58 attribuun

241 349 104 62 tur
300 349 104 62 vni
360 349 163 62 priori.
478 349 74 62 &
507 349 192 62 similiter
640 349 104 62 dici-

238 396 106 61 mus
298 396 91 61 de
344 396 136 61 illo,
434 396 121 61 quod
510 396 166 61 dicitur
631 396 121 61 idem
707 396 76 61 &

239 445 207 63 diuersum,
398 445 80 63 &
430 445 96 63 de
478 445 223 63 contraris.
637 445 112 63 opor-

239 492 105 61 tet
299 492 151 61 igitur
405 492 241 61 determinmare
600 492 136 61 primo
676 492 75 61 se-

228 540 167 60 cundum
345 540 134 60 quot
429 540 150 60 modos
529 540 184 60 dicitur
646 540 100 60 vnum

238 589 180 61 quodque,
373 589 180 61 istorum,
509 589 75 61 &
539 589 210 61 attributio
689 589 60 61 eo

232 636 100 59 rum
289 636 115 59 suis
361 636 215 59 principiis,
533 636 72 59 &
562 636 158 59 narrare
662 636 86 59 quo-

235 684 121 62 modo
310 684 241 62 attribuuntur
507 684 106 62 eis
567 684 136 62 omnia
642 684 106 62 prae-

229 733 223 61 dicamenta.
404 733 175 61 quoddam
531 733 127 61 enim
611 733 175 61 dicitur

237 778 172 61 primum,
362 778 141 61 quia.
456 778 141 61 habet
550 778 156 61 primum
659 778 125 61 quo¬

232 829 114 58 quo
297 829 146 58 modo:
394 829 81 58 &
426 829 178 58 quoddam
556 829 178 58 dicitur
670 829 81 58 pr-

237 873 133 66 mum,
320 873 133 66 quia
403 873 133 66 agit
486 873 182 66 aliquam
602 873 149 66 actione

239 925 149 58 primi
339 925 116 58 quo
405 925 116 58 quo
471 925 149 58 modo:
570 925 83 58 &
603 925 182 58 quoddam

230 969 174 58 dicitur
357 969 158 58 primum
468 969 127 58 alio
547 969 127 58 modo
610 969 143 58 istorum

227 1013 202 66 modorum.
379 1013 236 66 Manifestum
564 1013 118 66 est
614 1013 135 66 igitur

238 1060 120 62 quod
313 1060 165 62 oportet
433 1060 135 62 scire
524 1060 135 62 ista,
614 1060 75 62 &
629 1060 135 62 declara

242 1108 93 62 re
288 1108 248 62 definitionem
490 1108 155 62 eorum,
598 1108 78 62 &
614 1108 140 62 defini-

235 1156 178 62 nitionem
368 1156 237 62 substantiae.
561 1156 74 62 &
590 1156 118 62 ista
649 1156 104 62 quae-

237 1204 107 62 stio
303 1204 94 62 est
357 1204 94 62 vna
410 1204 134 62 earum,
504 1204 80 62 de
544 1204 134 62 quibus
624 1204 134 62 perscrum

243 1252 110 62 tati
312 1252 138 62 fuimus
409 1252 83 62 in
450 1252 165 62 capitulo
560 1252 193 62 quaestionum,

287 1309 87 46 Et
330 1309 101 46 nos
388 1309 275 46 perscrutabimur,
620 1309 72 46 &
634 1309 116 46 decla-

227 1349 185 45 rabimus,
365 1349 123 45 quod
442 1349 185 45 cognitio
581 1349 154 45 omnium
673 1349 77 45 con

246 1392 178 42 trariorum
384 1392 206 42 attribuitur
548 1392 110 42 huic
603 1392 151 42 scientiae

247 1436 141 45 primae,
350 1436 90 45 cum
401 1436 205 45 distinguemus
567 1436 154 45 secundum
682 1436 102 45 quot

240 1468 139 38 modos
332 1468 185 38 dicuntur
471 1468 216 38 contraria.
640 1468 123 38 D.d.
701 1468 62 38 Et

244 1508 208 50 diuisiones
408 1508 74 50 &
438 1508 149 50 partes
527 1508 208 50 Philosophiae

243 1544 91 42 &c.
295 1544 78 42 i.
334 1544 65 42 &
360 1544 78 42 si
398 1544 194 42 diuisiones,
554 1544 65 42 &
580 1544 129 42 partes
657 1544 91 42 scien

247 1583 105 52 tiae
312 1583 144 52 istius,
417 1583 105 52 quae
482 1583 144 52 dicitur
587 1583 118 52 prima
652 1583 105 52 Philo-

247 1621 142 52 sophia,
350 1621 103 52 sint
415 1621 155 52 secundum
531 1621 142 52 numerum
621 1621 142 52 specierum

245 1659 226 46 substantiae:
429 1659 71 46 &
457 1659 212 46 substantiae
627 1659 113 46 sunt
683 1659 71 46 mul

244 1701 100 41 tae:
306 1701 175 41 manifestum
443 1701 100 41 est,
505 1701 100 41 quod
568 1701 112 41 istae
630 1701 125 41 substan-

237 1741 113 48 tiae
307 1741 141 48 habent
406 1741 113 48 vnam
476 1741 211 48 substantiam
631 1741 113 48 priore

241 1780 80 38 &
273 1780 191 38 altiorem
416 1780 175 38 omnibus
544 1780 143 38 eorum
624 1780 127 38 neces-

243 1820 129 54 sario
329 1820 115 54 D.d.
401 1820 72 54 &
429 1820 129 54 prima
516 1820 144 54 genera
616 1820 115 54 eius
674 1820 86 54 sunt

776 156 112 59 vnum,
850 156 62 59 &
875 156 100 59 ens.
938 156 75 59 i.
975 156 62 59 &
1000 156 175 59 manifestum
1137 156 100 59 est:
1199 156 100 59 quod
1262 156 75 59 ge
1287 156 37 59 N

775 203 98 47 nera
836 203 110 47 prima
909 203 122 47 istius
995 203 159 47 scientiae
1118 203 98 47 sunt
1179 203 110 47 vnum,
1252 203 61 47 &

777 245 111 44 ens.
846 245 69 44 &
874 245 111 44 ideo
943 245 221 44 consequuntur
1123 245 138 44 genera
1206 245 83 44 par-

777 285 109 46 tium
845 285 123 46 vnius
927 285 177 46 scientiae
1063 285 123 46 eorum
1145 285 136 46 genera
1227 285 68 46 en-

776 316 114 47 tium,
852 316 76 47 i.
890 316 152 47 secundum
1004 316 139 47 numerum
1105 316 114 47 eorum
1181 316 114 47 erit,
1257 316 63 47 &

776 357 206 45 consequentur
943 357 129 45 partes
1034 357 167 45 scientiae
1162 357 116 45 vnius
1227 357 64 45 ea-

775 398 103 36 rum,
839 398 64 36 &
865 398 129 36 partes
955 398 142 36 entium,
1058 398 103 36 quae
1123 398 103 36 sunt
1187 398 77 36 in
1213 398 77 36 illa

772 429 169 53 scientia.
902 429 65 53 &
928 429 104 53 ideo
993 429 143 53 numerus
1096 429 143 53 partium
1187 429 104 53 istius

776 469 147 49 scientiae
889 469 91 49 erit
946 469 136 49 secundum
1048 469 125 49 numerum
1138 469 147 49 specierum
1240 469 57 49 sub

769 507 214 53 stantiarum.
940 507 114 53 D.d.
1011 507 214 53 Philosophus
1183 507 100 53 eni
1226 507 71 53 as-

774 544 176 42 similatur
910 544 216 42 Mathematico,
1085 544 95 42 &c.
1139 544 81 42 i.
1180 544 68 42 &
1193 544 95 42 dispo

773 587 123 48 sitio
855 587 82 48 in
896 587 164 48 partibus
1019 587 219 48 Philosophiae
1184 587 109 48 Primae

777 626 98 48 est
833 626 126 48 sicut
917 626 98 48 est
972 626 195 48 dispositio
1126 626 153 48 partium
1223 626 70 48 Ma-

774 661 287 38 thematicarum.
1010 661 253 38 quemadmodum
1196 661 101 38 enim

779 700 257 38 Mathematicarum
993 700 157 38 quaedam
1107 700 100 38 est
1164 700 114 38 pars
1222 700 71 38 pri

774 740 105 51 ma,
834 740 120 51 v.g.
909 740 240 51 Arithmetica,
1103 740 75 51 &
1118 740 165 51 Geometria

774 775 73 54 &
804 775 162 54 quaedam
921 775 176 54 secunda,
1054 775 118 54 v.g.
1112 775 162 54 Perspecti

777 814 76 51 ua
815 814 64 51 &
841 814 140 51 Musica,
943 814 89 51 ita
993 814 89 51 est
1044 814 178 51 dispositio
1184 814 76 51 in
1209 814 64 51 par

776 852 118 50 tibus
855 852 131 50 istius
946 852 183 50 scientiae.
1090 852 105 50 Pars
1156 852 105 50 enim
1208 852 79 50 pri-

773 891 90 47 ma
818 891 120 47 eius
893 891 209 47 consyderat
1057 891 90 47 de
1087 891 194 47 substantiia

779 933 165 45 abstractis
909 933 142 45 scilicet
1015 933 83 45 non
1063 933 106 45 prima
1133 933 71 45 in
1157 933 130 45 doctrina,

776 971 93 39 sed
829 971 119 39 prima
908 971 79 39 in
948 971 119 39 esse.
1027 971 146 39 Secunda
1133 971 119 39 autem
1200 971 79 39 con-

775 1005 146 46 syderat
881 1005 80 46 de
921 1005 186 46 substantia
1067 1005 186 46 sensibili,
1213 1005 66 46 &
1227 1005 66 46 hoc

771 1050 104 33 est
831 1050 179 33 secundum
965 1050 89 33 in
1010 1050 134 33 esse.
1099 1050 149 33 primum
1189 1050 104 33 autem

774 1086 84 48 in
816 1086 196 48 cognitione
970 1086 98 48 est
1026 1086 196 48 substantia
1167 1086 126 48 sensibi

767 1123 102 39 lis.
831 1123 204 39 Consyderatio
996 1123 102 39 enim
1060 1123 76 39 de
1098 1123 178 39 substantia
1225 1123 64 39 sen

767 1157 141 45 sibili
865 1157 70 45 &
893 1157 225 45 accidentibus
1076 1157 112 45 suis
1146 1157 98 45 est
1189 1157 98 45 prima

773 1197 91 53 in
818 1197 228 53 cognitione.
1001 1197 243 53 consyderatio
1184 1197 106 53 autem

776 1232 83 48 in
818 1232 194 48 substantia
970 1232 180 48 abstracta
1109 1232 97 48 est
1150 1232 139 48 postrema

766 1277 85 50 in
808 1277 212 50 cognitione,
978 1277 71 50 &
1006 1277 127 50 prima
1090 1277 85 50 in
1133 1277 127 50 esse:
1217 1277 71 50 &
1232 1277 56 50 io

771 1313 139 41 dicitur
873 1313 152 41 scientia
987 1313 139 41 Metaph.
1088 1313 89 41 Et,
1139 1313 89 41 cum
1177 1313 114 41 declara

773 1352 96 53 tur,
833 1352 96 53 quod
893 1352 96 53 ista
953 1352 144 53 scientia
1060 1352 168 53 consyderat
1192 1352 72 53 de
1216 1352 60 53 vno

772 1392 104 53 cui
832 1392 193 53 opponitur
980 1392 208 53 multitudo,
1144 1392 74 53 &
1159 1392 134 53 consyde

771 1431 118 49 ratio
850 1431 79 49 de
889 1431 171 49 oppositis
1021 1431 92 49 est
1073 1431 118 49 vnius
1139 1431 145 49 scientiae

774 1469 170 45 incoepit
901 1469 184 45 declarare
1043 1469 113 45 hoc,
1114 1469 71 45 &
1142 1469 85 45 d.
1185 1469 99 45 Et,
1227 1469 71 45 cum

779 1506 122 48 vnius
861 1506 176 48 scientiae
996 1506 95 48 est
1050 1506 230 48 consyderatio,
1226 1506 68 48 &c.

773 1544 85 42 i.
815 1544 71 42 &
844 1544 99 42 cum
900 1544 156 42 necesse
1014 1544 99 42 est
1070 1544 85 42 vt
1113 1544 128 42 eadem
1184 1544 113 42 scien-

777 1586 90 40 tia
828 1586 179 40 consyderet
969 1586 77 40 de
1008 1586 167 40 oppositis
1136 1586 77 40 in
1162 1586 128 40 substan-

779 1629 127 45 tiis:
863 1629 70 45 &
891 1629 183 45 multitudo
1032 1629 183 45 opponitur
1173 1629 112 45 vni:
1229 1629 70 45 ma-

781 1663 167 36 nifestum
906 1663 111 36 est,
976 1663 97 36 cum
1031 1663 111 36 ista
1101 1663 167 36 scientia
1212 1663 83 36 con-

775 1701 152 50 syderet
885 1701 83 50 de
927 1701 110 50 vno,
996 1701 110 50 quod
1065 1701 124 50 debet
1134 1701 165 50 consydera-

774 1737 87 41 re
818 1737 87 41 de
862 1737 233 41 multitudine.
1051 1737 117 41 D.d.
1110 1737 189 41 manifestum,

781 1778 82 53 est
828 1778 128 53 igitur,
921 1778 82 53 &c.
968 1778 70 53 i.
1003 1778 128 53 necesse
1097 1778 82 53 est
1143 1778 82 53 cum
1178 1778 117 53 consyde-

776 1813 107 45 ratio
848 1813 119 45 istius
931 1813 155 45 scientiae
1050 1813 84 45 sit
1098 1813 72 45 in
1134 1813 179 45 affirmatiuo
1265 1813 36 45 &
