1475 2066
376 141 111 58 Via
440 141 174 58 Antiqui
566 141 143 58 primi
646 141 79 58 Na-

371 185 143 43 turales
475 185 183 43 conveniunt
619 185 78 43 in
645 185 78 43 hoc,

383 223 96 54 quod
443 223 168 54 principium
575 223 120 54 omnium
647 223 72 54 gene

365 263 194 50 rabilium
510 263 113 50 est
575 263 129 50 vnum
639 263 81 50 qua

204 308 132 44 tuor
286 308 264 44 elementorum,
501 308 83 44 &
534 308 165 44 quidam
633 308 83 44 po-

205 337 123 53 nunt
282 337 139 53 ipsum
374 337 154 53 ignem,
482 337 77 53 &
513 337 154 53 quidam
605 337 108 53 aerem

211 381 74 46 &
241 381 148 46 quidam
344 381 148 46 aquam,
447 381 162 46 praeter
565 381 148 46 terram
654 381 59 46 ni

212 417 74 49 si
249 417 148 49 ponentes
360 417 123 49 leges,
446 417 74 49 d.
483 417 74 49 de
520 417 111 49 ipsis
582 417 123 49 narrando

208 454 186 44 Posuerunt
351 454 215 44 principium,
523 454 100 44 &c.
580 454 86 44 i.
609 454 100 44 Anti-

201 493 103 50 qui
260 493 118 50 vero
334 493 192 50 posuerunt
481 493 206 50 principium
629 493 88 50 vnum

201 529 88 54 ex
245 529 176 54 qualibet
377 529 191 54 specierum
524 529 176 54 corporum
642 529 73 54 sim

210 569 154 51 plicium.
325 569 154 51 scilicet
441 569 102 51 quia
504 569 128 51 quidam
581 569 141 51 posuerunt

200 607 164 43 ignem,
315 607 164 43 quidam
430 607 164 43 aquam,
545 607 164 43 quidam
643 607 66 43 ac

203 645 107 45 rem.
269 645 80 45 Et
309 645 120 45 dixit
389 645 120 45 quasi
469 645 147 45 species
562 645 147 45 materiae,

203 693 108 37 quia
270 693 148 37 materia
378 693 94 37 est
432 693 81 37 in
472 693 175 37 potentia,
607 693 108 37 ista
661 693 54 37 au

205 725 99 37 tem
261 725 85 37 in
304 725 127 37 actu.
388 725 85 37 *&
431 725 113 37 quia
501 725 155 37 materia
614 725 85 37 in
642 725 71 37 rei

204 764 165 49 veritate
328 764 96 49 non
383 764 178 49 generatur
520 764 124 49 neque
589 764 124 49 corrum-

198 805 120 45 pitur,
282 805 96 45 ista
341 805 108 45 autem
413 805 96 45 sunt
473 805 179 45 generabilia
616 805 60 45 &
628 805 84 45 corru

204 844 164 39 ptibilia,
331 844 63 39 &
356 844 101 39 isti
419 844 88 39 non
469 844 189 39 perceperunt
621 844 76 39 de
646 844 63 39 cau

205 877 106 49 sis
265 877 121 49 nisi
341 877 227 49 materialem.
523 877 121 49 D.d.
583 877 121 49 Quidam

200 917 130 51 autem
286 917 202 51 posuerunt,
445 917 101 51 &c.
502 917 86 51 i.
545 917 144 51 quidam
632 917 72 51 au-

203 955 97 39 tem
259 955 167 39 dixerunt
384 955 139 39 causam
481 955 194 39 materialem
620 955 83 39 esse

191 996 84 39 &
225 996 234 39 addiderunt
409 996 167 39 causam
526 996 201 39 mouentem
660 996 50 39 &

195 1032 189 42 agentem:
337 1032 79 42 &
369 1032 173 42 istorum
495 1032 158 42 quidam
589 1032 126 42 ponunt

198 1061 117 53 istam
276 1061 129 53 causam
366 1061 104 53 esse
431 1061 117 53 vnam,
509 1061 65 53 &
535 1061 129 53 quidam
612 1061 91 53 duas.

231 1133 136 56 Vsque
321 1133 90 56 ad
367 1133 181 56 ltalicos
502 1133 166 56 igitur,
623 1133 75 56 &
638 1133 75 56 abs

195 1180 101 39 que
252 1180 130 39 illis
339 1180 202 39 mediocrius
497 1180 158 39 caeteri
612 1180 86 39 de
641 1180 72 39 eis

200 1215 179 43 dixerunt.
338 1215 110 43 nisi
407 1215 124 43 quod,
489 1215 83 43 vt
530 1215 165 43 diximus,
640 1215 69 43 dua

190 1260 110 38 bus
253 1260 157 38 causis
363 1260 110 38 vsi
426 1260 141 38 sunt.
520 1260 78 38 &
551 1260 141 38 harum
630 1260 78 38 al-

190 1301 157 53 teram
294 1301 140 53 vnde
381 1301 157 53 motus
486 1301 174 53 quidam
591 1301 122 53 vnam,

190 1341 174 51 quidam
311 1341 139 51 duas
381 1341 174 51 faciunt.

234 1381 143 61 Vsque
329 1381 95 61 ad
377 1381 159 61 tempus
488 1381 206 61 Italorum,
647 1381 95 61 et

191 1429 139 61 locuti
288 1429 152 61 fuerunt
399 1429 83 61 de
441 1429 111 61 ista
510 1429 111 61 alii
565 1429 139 61 modicum.

186 1476 117 62 sed,
260 1476 132 62 sicut
347 1476 146 62 dixci,
450 1476 102 62 qui
508 1476 146 62 ponunt
596 1476 117 62 causas

185 1525 117 62 duas
259 1525 220 62 diuersantur
435 1525 88 62 in
479 1525 117 62 alia
552 1525 147 62 causa,
641 1525 73 62 qui

191 1573 111 62 dam
255 1573 127 62 enim
334 1573 158 62 dicunt
445 1573 143 62 ipsam
540 1573 127 62 esse
603 1573 111 62 unam,

189 1620 76 55 &
219 1620 152 55 quidam
326 1620 137 55 duas,
417 1620 183 55 scilicet
554 1620 152 55 illud,
645 1620 61 55 ex

194 1669 94 62 quo
247 1669 94 62 fit
301 1669 135 62 motus,

226 1716 144 48 Potest
327 1716 188 48 intelligi
471 1716 101 48 per
528 1716 115 48 hoc,
601 1716 115 48 quod
658 1716 58 48 d.

190 1757 125 54 vsque
274 1757 84 54 ad
315 1757 139 54 tempus
413 1757 181 54 ltalorum,
552 1757 111 54 quod
622 1757 84 54 hi
649 1757 70 54 sci

196 1800 120 42 uerunt
280 1800 84 42 has
328 1800 96 42 duas
388 1800 120 42 causas
471 1800 132 42 tantum.
567 1800 144 42 scilicet
663 1800 48 42 ma

731 141 167 56 terialem,
860 141 64 56 &
885 141 154 56 agentem.
1001 141 103 56 D.d.
1065 141 64 56 &
1091 141 128 56 locuti
1168 141 77 56 fue-

741 184 81 42 runt
792 184 61 42 de
822 184 81 42 ista
873 184 81 42 alij
924 184 112 42 modicum
1005 184 122 42 scilicet
1097 184 61 42 de
1127 184 92 42 causa
1178 184 61 42 for-

737 223 113 43 mali.
813 223 150 43 narrauit
925 223 100 43 enim
988 223 88 43 hoc
1038 223 75 43 in
1075 223 100 43 alio
1125 223 113 43 tracta-

728 263 71 51 tu
764 263 71 51 de
799 263 95 51 Empe
859 263 142 51 scilicet
965 263 95 51 quod
1025 263 130 51 volebat
1108 263 130 51 demonstra

734 293 82 59 re
775 293 109 59 quid
844 293 96 59 est
898 293 96 59 os,
953 293 68 59 &
980 293 109 59 quid
1049 293 96 59 est
1103 293 123 59 caro:
1172 293 68 59 sed

732 341 99 38 non
789 341 198 38 propalauit
944 341 113 38 quod
1015 341 128 38 forma
1100 341 99 38 rei
1143 341 99 38 debet

729 374 104 52 esse
794 374 181 52 principium
936 374 117 52 aliud
1014 374 65 52 a
1040 374 91 52 sex
1079 374 168 52 principiis.

730 416 140 42 scilicet
835 416 128 42 quatuor
928 416 163 42 elementis,
1056 416 58 42 &
1079 416 105 42 lite,
1149 416 58 42 &
1161 416 81 42 amici

728 452 105 52 tia,
793 452 105 52 quae
859 452 105 52 ipse
924 452 157 52 ponebat.
1042 452 105 52 D.d.
1107 452 92 52 sed
1146 452 92 52 sicut

726 493 132 50 dixi,
815 493 103 50 &c.
873 493 74 50 &
903 493 147 50 innuit
1006 493 132 50 Anax.
1094 493 103 50 qui
1138 493 103 50 pone-

731 529 89 41 bat
782 529 191 41 intellectum
935 529 102 41 esse
999 529 140 41 motorem
1101 529 140 41 tantum:
1203 529 64 41 &

729 570 143 47 Empe.
825 570 112 47 qui
888 570 175 47 ponebat
1016 570 127 47 duos
1080 570 159 47 motores,

727 608 162 43 scilicet
848 608 189 43 amicitiam,
997 608 68 43 &
1010 608 108 43 litem.

759 653 259 54 Pythagorici
966 653 138 54 vero
1052 653 121 54 duo
1104 653 138 54 quidem

727 701 147 43 eodem
825 701 130 43 modo
906 701 196 43 dixerunt
1036 701 196 43 principia.

727 741 157 53 tantum
837 741 141 53 autem
931 741 235 53 addiderunt,
1119 741 125 53 quod
1182 741 47 53 &

726 780 183 50 proprium
863 780 137 50 eorum
955 780 122 50 est,
1031 780 122 50 quod
1092 780 137 50 finitum

723 822 84 53 &
757 822 234 53 infinitum,
941 822 84 53 &
974 822 134 53 vnum
1058 822 117 53 non
1108 822 134 53 puta

718 866 119 46 runt
793 866 134 46 vllas
882 866 134 46 alias
971 866 119 46 esse
1046 866 179 46 naturas,
1165 866 74 46 vt-

723 908 121 47 puta
798 908 151 47 ignem,
904 908 106 47 aut
965 908 166 47 terram,
1086 908 106 47 aut
1131 908 106 47 aliud

729 948 178 55 simile,
858 948 113 55 sed
923 948 145 55 ipsum
1020 948 226 55 infinitum,
1198 948 81 55 &

722 988 162 46 ipsum
830 988 144 46 vnum
920 988 269 46 substantiam
1117 988 126 46 horum

727 1040 135 42 esse,
817 1040 90 42 de
862 1040 150 42 quibus
967 1040 255 42 praedicantur.
1162 1040 75 42 qua

720 1068 83 54 re
762 1068 69 54 &
789 1068 152 54 numerum
899 1068 207 54 substantiam
1065 1068 138 54 omnium
1148 1068 96 54 esse.

771 1116 261 66 Pythagorici
980 1116 157 66 autem
1067 1116 174 66 dixerunt

727 1165 105 65 duo
787 1165 195 65 principia
937 1165 120 65 esse
1012 1165 180 65 secundum
1147 1165 120 65 hunc

716 1213 158 61 modum.
827 1213 79 61 &
859 1213 111 61 est
922 1213 158 61 illud,
1033 1213 127 61 quod
1096 1213 143 61 declara

716 1269 110 54 tum
779 1269 125 54 fuit
857 1269 125 54 eis,
936 1269 78 54 &
967 1269 110 54 est
1029 1269 188 54 proprium
1155 1269 78 54 eis

722 1308 165 63 dicere
838 1308 149 63 finem
937 1308 83 63 &
970 1308 149 63 vnum,
1070 1308 83 63 &
1086 1308 149 63 infini-

716 1356 127 63 tum,
795 1356 79 63 &
827 1356 111 63 non
890 1356 127 63 sunt
969 1356 174 63 assueti
1080 1356 158 63 appella-

720 1405 98 71 re
769 1405 147 71 aliud
867 1405 197 71 naturam,
1015 1405 147 71 verbi
1097 1405 147 71 gratia,

725 1452 151 61 ignem
826 1452 84 61 &
860 1452 168 61 terram
977 1452 84 61 &
1011 1452 202 61 similia,
1162 1452 118 61 sed

728 1499 145 63 ipsum
825 1499 226 63 infinitum,
1002 1499 81 63 &
1034 1499 129 63 vnum
1115 1499 113 63 est
1163 1499 81 63 sub

724 1557 160 53 stantia.
844 1557 93 53 sed
897 1557 80 53 ex
937 1557 120 53 istis
1017 1557 93 53 ea,
1071 1557 107 53 quae
1124 1557 107 53 ponut,

727 1597 83 53 &
761 1597 216 53 numerant.
927 1597 100 53 In
977 1597 166 53 Graeco
1076 1597 133 53 album.

761 1644 252 46 Pythagorici
963 1644 151 46 autem
1047 1644 201 46 conueniunt

726 1692 100 38 cum
783 1692 214 38 Naturalibus
954 1692 86 38 in
997 1692 114 38 hoc,
1068 1692 114 38 quod
1125 1692 128 38 dicunt,

727 1724 109 54 quod
796 1724 177 54 principia
932 1724 109 54 sunt
1000 1724 109 54 duo:
1069 1724 96 54 sed
1110 1724 136 54 secundum

728 1764 137 51 modum,
824 1764 96 51 qui
879 1764 164 51 apparuit
1002 1764 109 51 eis,
1070 1764 96 51 non
1111 1764 137 51 secundum

720 1805 157 37 modum,
830 1805 110 37 qui
893 1805 189 37 apparuit
1019 1805 220 37 Naturalibus.
