1475 2066
190 140 271 55 multipliciter
414 140 192 55 dicatur,
557 140 96 55 ad
589 140 128 55 primum

198 184 130 43 tamen
284 184 158 43 caetera
399 184 187 43 reducent,
543 184 72 43 &
558 184 158 43 contraria

198 228 191 52 similiter.
348 228 82 52 Ac
389 228 177 52 propterea
526 228 68 52 &
553 228 82 52 si
594 228 109 52 ens,
649 228 68 52 aut

210 276 91 38 vnum
267 276 80 38 non
312 276 80 38 est
358 276 171 38 vniversale,
495 276 69 38 et
529 276 91 38 idem
586 276 69 38 in
609 276 103 38 omnibus

198 308 100 54 aut
255 308 199 54 separatum,
411 308 142 54 sicuti
511 308 185 54 fortassis
639 308 71 54 non

199 351 118 51 est,
273 351 118 51 haec
347 351 222 51 nihilominus
525 351 89 51 ad
569 351 133 51 vnum,
643 351 74 51 il-

200 395 93 52 la
246 395 124 52 vero
324 395 264 52 consequenter.
541 395 93 52 Et
572 395 140 52 propea.

201 444 116 38 non
268 444 116 38 est
334 444 215 38 Geometrae
500 444 133 38 quid
566 444 149 38 contra-

205 476 184 47 trarium,
343 476 107 47 aut
404 476 215 47 perfectum,
573 476 107 47 aut
619 476 92 47 vnum

204 519 111 43 aut
268 519 127 43 ens,
347 519 111 43 aut
410 519 143 43 idem,
505 519 111 43 aut
553 519 158 43 diuersum

200 558 108 53 sit
261 558 216 53 speculari,
431 558 124 53 nisi
509 558 93 53 ex
540 558 185 53 supposito.

200 601 115 50 Quod
271 601 143 50 igitur
371 601 129 50 vnius
457 601 186 50 scientiae
600 601 100 50 est
643 601 72 50 eni

203 653 131 45 prout
291 653 102 45 ens
349 653 116 45 est,
421 653 73 45 &
450 653 116 45 quae
523 653 87 45 ei
567 653 131 45 prout
639 653 73 45 ent

205 685 149 45 insunt
310 685 209 45 speculari,
474 685 209 45 manifestum
623 685 90 45 est,

192 725 95 50 et
240 725 127 50 quod
319 725 111 50 non
382 725 143 50 solum
462 725 254 50 substantiarum,

197 767 137 51 verum
288 767 107 51 est
349 767 153 51 eorum,
456 767 122 51 quae
517 767 199 51 substantiis

198 807 145 51 insunt
299 807 130 51 eadem
386 807 217 51 speculatiua
560 807 116 51 est,
632 807 87 51 ac
661 807 58 51 il

202 851 152 39 lorum,
308 851 121 39 quae
384 851 137 39 dicta
475 851 137 39 sunt:
566 851 76 39 &
597 851 91 39 de
627 851 91 39 prio

201 892 91 38 ri
246 892 76 38 &
277 892 228 38 posteriori,
459 892 91 38 et
505 892 152 38 genere
612 892 76 38 &
627 892 91 38 spe-

204 933 120 53 cie,
279 933 75 53 &
309 933 120 53 toto
383 933 75 53 &
413 933 149 53 parte,
503 933 209 53 caeterisquie

191 973 293 45 huiuscemodi.

238 1028 92 62 Et
284 1028 153 62 etiam,
390 1028 122 62 quia
467 1028 183 62 priuatio
604 1028 107 62 est
650 1028 61 62 vn

198 1076 232 54 diuisionum
381 1076 282 54 contrariorum,
613 1076 83 54 &
630 1076 83 54 om-

192 1133 120 54 nin,
267 1133 120 54 quae
342 1133 240 54 attribuuntur
537 1133 120 54 enti
612 1133 75 54 &
642 1133 105 54 non

192 1173 145 62 enti,
289 1173 81 62 &
321 1173 113 62 vni
385 1173 81 62 &
418 1173 161 62 multo,
531 1173 145 62 sicut
611 1173 97 62 que.

190 1220 246 54 attribuitur
387 1220 131 54 vni,
469 1220 82 54 &
502 1220 148 54 motis
584 1220 131 54 multo.

205 1269 84 62 Et
247 1269 126 62 omnes
331 1269 154 62 dicunt,
443 1269 112 62 quod
513 1269 140 62 entia,
611 1269 70 62 &
625 1269 84 62 sub-

189 1316 189 57 stantia
326 1316 257 57 componuntur
532 1316 103 57 ex
566 1316 137 57 contra

190 1372 132 50 rus.
272 1372 82 50 &
305 1372 148 50 omnes
404 1372 214 50 loquentes
552 1372 148 50 dicunt,

200 1410 118 61 quod
274 1410 191 61 principia
421 1410 118 61 sunt
494 1410 206 61 contraria,
641 1410 74 61 quo

192 1459 112 47 rum
256 1459 160 47 quidam
368 1459 176 47 dicunt,
496 1459 128 47 quod
560 1459 144 47 princi-

189 1508 119 59 pia
257 1508 137 59 sunt
343 1508 119 59 par
411 1508 85 59 &
445 1508 171 59 impar,
564 1508 85 59 &
581 1508 137 59 quidam

193 1554 185 66 calidum
328 1554 84 66 &
361 1554 218 66 frigidum,
529 1554 101 66 et
563 1554 151 66 quidam,

190 1597 180 67 finitum
321 1597 82 67 &
353 1597 229 67 infinitum,
534 1597 98 67 et
567 1597 147 67 quidam,

192 1648 159 58 litem
298 1648 88 58 &
334 1648 248 58 amicitiam.
528 1648 88 58 &
564 1648 124 58 hoc
617 1648 88 58 ap-

190 1693 147 62 paret
288 1693 131 62 quod
369 1693 147 62 omnia
467 1693 131 62 ista
549 1693 82 62 &
581 1693 131 62 alia
647 1693 65 62 at

190 1740 229 55 tribuuntur
369 1740 131 55 vni,
451 1740 82 55 &
483 1740 163 55 multo.
598 1740 82 55 &
614 1740 98 55 ideo

192 1787 173 63 sciendum
322 1787 101 63 est
379 1787 101 63 cui
437 1787 231 63 attribuuntur
611 1787 101 63 ista.

729 137 277 57 principiorum
954 137 156 57 autem
1058 137 191 57 aliorum
1197 137 104 57 ab

730 189 143 63 istis
825 189 127 63 ista
904 189 127 63 sunt
984 189 143 63 quasi
1079 189 174 63 genera.
1190 189 63 63 Et

724 237 217 62 manifestam
895 237 109 62 est
957 237 93 62 ex
1004 237 124 62 his,
1081 237 124 62 quod
1143 237 109 62 vnius

734 284 184 54 scientiae
876 284 99 54 est
932 284 227 54 consyderatio
1116 284 85 54 de
1145 284 99 54 ente.

734 333 133 53 omnia
823 333 118 53 enim
897 333 103 53 aut
956 333 118 53 sunt
1030 333 207 53 contraria,
1177 333 74 53 aut

731 389 87 55 ex
774 389 217 55 contrarijs.
947 389 87 55 et
991 389 188 55 principia
1121 389 130 55 contra-

730 436 176 48 riorum
853 436 141 48 sunt
941 436 123 48 vnu
1012 436 88 48 &
1047 436 193 48 multum.
1187 436 88 48 &

738 476 87 49 vna
787 476 149 49 scientia
899 476 112 49 habet
974 476 187 49 consyderare
1124 476 75 49 de
1148 476 100 49 istis,

732 524 74 60 &
762 524 89 60 si
806 524 178 60 dicuntur
940 524 89 60 de
984 524 119 60 vno,
1058 524 74 60 &
1088 524 89 60 si
1132 524 104 60 non
1177 524 74 60 di-

733 569 173 63 cuntur.
859 569 79 63 &
891 569 173 63 videtur
1017 569 126 63 quod
1096 569 126 63 iste
1159 569 95 63 ser-

729 619 93 56 mo
776 619 187 56 convenit
916 619 202 56 veritati.
1072 619 109 56 Sed
1134 619 93 56 si
1166 619 93 56 vnum

737 661 172 54 dicitur
862 661 156 54 multis
972 661 156 54 modis,
1081 661 125 54 tunc
1144 661 109 54 omnes

724 709 125 61 modi
803 709 125 61 eius
881 709 235 61 attribuutur
1069 709 110 61 vni
1116 709 125 61 primo,

732 757 137 63 sicut
823 757 122 63 alia
900 757 199 63 contraria
1037 757 214 63 attribuuntur

726 804 138 64 primo.
823 804 83 64 Et
865 804 111 64 iste
934 804 125 64 sermo
1017 804 97 64 est
1058 804 180 64 possibilis,

734 852 74 54 &
764 852 88 54 si
808 852 118 54 ens,
882 852 88 54 et
926 852 118 54 vnum
1000 852 103 54 non
1058 852 162 54 fuerint
1162 852 88 54 idem

734 900 214 63 vniuersale
902 900 245 63 praedicabile
1100 900 92 63 de
1131 900 107 63 omni-

723 948 112 62 bus
787 948 160 62 etiam,
899 948 80 62 &
931 948 96 62 si
979 948 112 62 non
1042 948 208 62 differunt
1186 948 64 62 ab

732 996 136 63 aliis.
828 996 150 63 videtur
937 996 109 63 enim
1005 996 109 63 quod
1073 996 95 63 non
1127 996 95 63 est
1168 996 82 63 sic:

719 1045 113 61 sed
784 1045 178 61 quaedam
913 1045 259 61 attribuuntur
1124 1045 130 61 vni,
1188 1045 65 61 et

731 1093 163 62 quaedam
850 1093 104 62 ei,
909 1093 119 62 quod
984 1093 223 62 consequitur
1147 1093 89 62 vnum

725 1140 96 46 Et
773 1140 128 46 ideo
853 1140 191 46 Geometra
996 1140 112 46 non
1060 1140 143 46 habet
1139 1140 112 46 dice-

730 1188 85 62 re
772 1188 113 62 quid
843 1188 99 62 est
900 1188 213 62 contrarium,
1070 1188 85 62 et
1112 1188 113 62 quid
1169 1188 85 62 est,

730 1245 177 53 vnum,
848 1245 98 53 &
888 1245 157 53 quid
986 1245 256 53 perfectum
1183 1245 98 53 &

725 1285 131 62 idem
807 1285 98 62 es
856 1285 213 62 diuersum,
1020 1285 131 62 nisi
1085 1285 164 62 secundum

721 1332 153 54 modum
823 1332 221 54 arocenis.
993 1332 238 54 Manifestum
1163 1332 85 54 est

723 1380 182 62 igitur,
856 1380 133 62 quod
939 1380 116 62 vna
1005 1380 199 62 scientia
1138 1380 116 62 habet

724 1429 310 62 consyderationem
984 1429 98 62 de
1033 1429 130 62 ente
1098 1429 147 62 simpli-

725 1477 165 61 citer,
840 1477 82 61 &
873 1477 132 61 quod
955 1477 132 61 ista
1037 1477 197 61 scientia
1169 1477 82 61 ha-

728 1524 108 68 bet
789 1524 232 68 consyderare
975 1524 108 68 non
1037 1524 93 68 de
1068 1524 185 68 substantus

724 1573 165 61 tantum,
844 1573 105 61 sed
904 1573 90 61 de
949 1573 120 61 his,
1024 1573 120 61 quae
1099 1573 120 61 sunt
1159 1573 90 61 sub-

726 1620 212 58 stantiarum
893 1620 152 58 etiam,
999 1620 182 58 scilicet
1120 1620 137 58 praedi-

723 1669 164 57 ctis,
832 1669 91 57 &
869 1669 146 57 ante
960 1669 91 57 &
996 1669 164 57 post,
1105 1669 91 57 &
1124 1669 128 57 gene-

719 1703 114 67 re
776 1703 95 67 &
814 1703 190 67 forma,
947 1703 95 67 &
985 1703 267 67 vniuersali
1195 1703 95 67 &

730 1763 247 63 particulari,
930 1763 77 63 &
961 1763 139 63 aliis
1039 1763 185 63 similibus,
