1475 2066
253 141 256 37 SVMMA
395 141 256 37 SECVNDA

273 189 80 46 De
313 189 212 46 principiorum
472 189 172 46 cognitione.

188 237 80 54 Ad
228 237 213 54 Philosopbum,
401 237 253 54 consyderationem
613 237 80 54 de
640 237 93 54 Prin-

247 276 134 55 cipiis
340 276 147 55 omnibus
447 276 187 55 communibus
595 276 107 55 per¬

309 324 219 46 tinere.
469 324 159 46 Cap.
548 324 60 46 2

359 380 217 47 lcendum
517 380 178 47 autem
616 380 99 47 est

372 421 128 46 vtrum
457 421 142 46 vnius,
556 421 85 46 an
584 421 128 46 alteri-

359 464 190 47 scientiae
505 464 102 47 est
564 464 88 47 de
593 464 131 47 hisce,.

326 507 99 48 as
376 507 132 48 quae
459 507 99 48 in
492 507 231 48 Mathematibus

202 551 230 43 dignitates
382 551 214 43 nominant,
547 551 82 43 &
580 551 99 43 de
612 551 99 43 sub-

198 589 157 56 stantia
312 589 200 56 speculari.
470 589 129 56 Patet
555 589 143 56 itaque
641 589 86 56 quod

197 629 136 54 vnius
287 629 120 54 est:
363 629 75 54 &
393 629 136 54 eius,
483 629 120 54 quae
543 629 181 54 Philosophi

196 678 131 49 est,
277 678 278 49 consyderatio.
506 678 180 49 Omnibus
621 678 98 49 enim

201 725 166 42 entibus
322 725 166 42 insunt,
443 725 106 42 sed
503 725 106 42 non
564 725 151 42 alicui
655 725 60 42 ge

201 757 127 46 neri
281 757 206 46 separatim
439 757 95 46 ab
487 757 159 46 aliis.
598 757 79 46 &
614 757 111 46 omnes

193 797 154 53 quidem
300 797 184 53 vtuntur,
438 797 123 53 quia
515 797 154 53 entis,
607 797 108 53 prout

205 842 130 48 entis
291 842 130 48 sunt.
378 842 217 48 vnunquodque
551 842 130 48 autem
623 842 87 48 gen-

197 885 123 37 ens.
273 885 92 37 at
320 885 169 37 eatenus
442 885 184 37 vtuntur,
565 885 154 37 quatenus

206 925 95 41 eis
261 925 122 41 satis
342 925 109 41 est.
410 925 95 41 hoc
465 925 122 41 autem
546 925 109 41 est,
601 925 122 41 quantum

199 965 137 45 illud
290 965 182 45 continet
427 965 167 45 geneus,
548 965 91 45 de
594 965 106 45 quo
639 965 76 45 de-

195 1005 292 53 monstrationes
435 1005 223 53 afferunt.
590 1005 120 53 Quare

197 1047 105 43 cum
257 1047 150 43 pateat
362 1047 135 43 quod,
452 1047 135 43 prout
541 1047 135 43 entia
616 1047 105 43 sunt,

199 1088 89 50 eis
250 1088 127 50 insunt
339 1088 101 50 (hoc
402 1088 127 50 nanque
490 1088 89 50 eis
541 1088 139 50 commune
629 1088 89 50 est),

202 1133 143 45 illius
302 1133 86 45 de
345 1133 100 45 his
402 1133 200 45 speculatio
559 1133 114 45 est:
616 1133 100 45 cuius

199 1181 106 45 est
260 1181 91 45 de
305 1181 137 45 ente,
396 1181 106 45 put
457 1181 106 45 ens
518 1181 106 45 est
563 1181 152 45 cognosce

205 1216 93 56 re.
258 1216 146 56 Propter
364 1216 106 56 quod
431 1216 106 56 nemo
497 1216 133 56 eorum,
590 1216 106 56 quid
644 1216 66 56 par

206 1259 200 39 ticulariter
366 1259 214 39 consyderant,
539 1259 147 39 conatur
633 1259 80 39 ali-

184 1298 133 55 quid
268 1298 100 55 de
318 1298 133 55 his,
401 1298 133 55 siue
484 1298 200 55 quatenus
617 1298 100 55 vera

198 1341 127 45 siue
278 1341 127 45 non,
357 1341 175 45 dicere,
484 1341 111 45 nec
547 1341 127 45 enim
611 1341 111 45 Geome

191 1389 133 37 tra,
275 1389 117 37 nec
341 1389 284 37 Arithmenicus,
575 1389 117 37 sed
625 1389 100 37 Natu

200 1429 146 37 ralium
303 1429 146 37 quidem
405 1429 146 37 merito
508 1429 102 37 hoc
551 1429 176 37 facientes.

199 1469 116 45 soli
272 1469 145 45 namque
374 1469 175 45 putabant
505 1469 73 45 &
534 1469 87 45 de
578 1469 116 45 tota
636 1469 87 45 natu

200 1509 100 45 ra,
257 1509 72 45 &
286 1509 86 45 de
329 1509 115 45 ente
400 1509 229 45 consyderare.
586 1509 100 45 Cum
629 1509 86 45 aute

197 1556 185 46 aliquis
332 1556 151 46 adhuc
432 1556 202 46 superior
567 1556 151 46 Natura-

193 1589 91 46 li
238 1589 106 46 sit
299 1589 167 46 (natura
421 1589 152 46 nanque
527 1589 122 46 vnum
588 1589 137 46 quoddam

199 1644 107 46 entis
270 1644 107 46 genus
341 1644 95 46 est)
401 1644 119 46 illius
484 1644 190 46 vniversalis,
638 1644 59 46 &
650 1644 71 46 cir-

198 1677 92 45 ca
244 1677 154 45 primam
351 1677 230 45 substantiam
520 1677 200 45 speculatiui

198 1717 173 50 profecto
328 1717 145 50 fuerit
429 1717 87 50 de
472 1717 101 50 his
530 1717 130 50 etiam
602 1717 116 50 consy-

195 1757 177 45 deratio.
328 1757 103 45 est
387 1757 133 45 autem
475 1757 192 45 Naturalis
608 1757 118 45 sapien

194 1803 123 47 tia
265 1803 193 47 quaedm,
405 1803 123 47 sed
476 1803 123 47 non
528 1803 141 47 prima.

797 131 75 63 Et
834 131 174 63 quaerendam
971 131 100 63 est,
1033 131 112 63 vtrum
1108 131 87 63 vna
1158 131 149 63 scientia
1257 131 50 63 D.

739 181 130 61 habet
825 181 217 61 consyderare
999 181 87 61 de
1028 181 231 61 vniuersalibus,

740 228 139 62 quibus
838 228 139 62 vtutur
935 228 181 62 scientiae
1060 228 209 62 Mathematicae,

741 277 64 65 &
767 277 179 65 consyderat
907 277 77 65 de
945 277 191 65 substantus,
1098 277 89 65 aut
1137 277 128 65 scientia

741 329 77 60 de
780 329 129 60 primis
870 329 181 60 proponibus
1012 329 90 60 est
1064 329 103 60 alia
1128 329 65 60 a
1141 329 129 60 scientia

738 373 249 61 substantiarum.
945 373 193 61 Manifestun
1097 373 97 61 est
1139 373 124 61 igitur,

736 421 115 61 quod
807 421 230 61 consyderatio
994 421 86 61 de
1037 421 129 61 istis
1123 421 101 61 est
1166 421 101 61 vnius

748 469 97 71 scicie
816 469 117 71 scilicet
904 469 127 71 scientiae
1001 469 165 71 Philosophiae.
1138 469 78 71 Ista
1186 469 58 71 en
1206 469 58 71 sunt

740 524 140 54 omnium
838 524 154 54 entius,
950 524 70 54 &
978 524 98 54 non
1035 524 112 54 sunt
1105 524 126 54 vnius
1175 524 84 54 gene

734 565 82 69 ris
781 565 140 69 proprum.
886 565 59 69 &
910 565 105 69 omnes
980 565 152 69 scientiae
1097 565 117 69 vtutur
1167 565 94 69 istis,

732 613 114 62 quia
803 613 100 62 sut
860 613 129 62 entis
946 613 229 62 simpliciter.
1132 613 72 62 &
1147 613 114 62 geneus

735 661 185 61 cuiuslibet
880 661 146 61 istarum
986 661 93 61 est
1039 661 106 61 ens.
1105 661 66 61 &
1118 661 146 61 scientiae

743 708 128 65 vtutur
833 708 115 65 istis
910 708 154 65 secundum
1025 708 179 65 quatitatem
1153 708 102 65 suffi-

740 763 155 55 ciente.
852 763 70 55 &
881 763 112 55 ista
951 763 169 55 quatitas
1077 763 98 55 est
1119 763 141 55 secundin

738 805 111 66 modum
811 805 123 66 eorum,
898 805 98 66 quae
959 805 172 66 cotinentur
1094 805 86 66 sub
1143 805 135 66 genere,

734 852 117 63 quod
807 852 146 63 volunt
909 852 175 63 demtare.
1040 852 219 63 Manifestum,
1201 852 58 63 et

744 900 136 66 icitur,
843 900 99 66 quod
905 900 112 66 istae
979 900 173 66 dignitates
1103 900 161 66 vniversales

742 940 89 63 sunt
797 940 111 63 omnium
875 940 166 63 scientiarum
1008 940 89 63 vir,
1063 940 55 63 &
1085 940 77 63 ens
1118 940 144 63 communicat,

742 997 110 63 istis
815 997 147 63 scilicet
926 997 98 63 quod
987 997 123 63 illud,
1073 997 98 63 quod
1122 997 135 63 notificat

742 1045 84 65 ens
790 1045 192 65 simpliciter,
946 1045 156 65 notificat
1065 1045 96 65 ista
1125 1045 120 65 etiam.
1197 1045 60 65 co-

739 1092 117 63 gnitio
821 1092 93 63 enim
880 1092 105 63 eorum
950 1092 82 63 est
996 1092 93 63 vna.
1055 1092 70 63 Et
1090 1092 70 63 io
1125 1092 117 63 nullus
1195 1092 70 63 con-

728 1141 187 61 syderati
868 1141 93 61 de
915 1141 280 61 particularibus
1133 1141 124 61 intro-

732 1188 138 63 mittit
829 1188 83 63 se
870 1188 83 63 ad
912 1188 166 63 dicendum
1036 1188 83 63 in
1077 1188 97 63 eis
1119 1188 138 63 aliquid,

745 1245 121 67 neque,
830 1245 109 67 vere,
903 1245 121 67 neque,
988 1245 85 67 non
1036 1245 109 67 vere,
1109 1245 109 67 neque
1170 1245 85 67 Geomo

737 1287 109 65 tra,
805 1287 136 65 neque,
901 1287 232 65 perspectiuus.
1092 1287 95 65 sed
1132 1287 123 65 quidam,

742 1338 186 58 Naturales
885 1338 172 58 dixerunt
1014 1338 86 58 in
1057 1338 100 58 hoc
1100 1338 157 58 aliquid:,

739 1380 112 63 quia
809 1380 112 63 isti
880 1380 112 63 soli
950 1380 197 63 existimant
1104 1380 84 63 se
1133 1380 127 63 persru-

745 1444 93 38 tari
803 1444 70 38 de
838 1444 163 38 cognitione
966 1444 174 38 vniversalis
1106 1444 139 38 naturae,
1210 1444 58 38 &

744 1468 120 78 entis.
828 1468 96 78 Sed,
889 1468 84 78 cum
937 1468 96 78 alia
997 1468 145 78 scientia
1105 1468 60 78 e
1129 1468 108 78 magis
1190 1468 72 78 alta

742 1527 162 51 Naturali
863 1527 162 51 scientia
984 1527 135 51 natura
1078 1527 108 51 enim
1146 1527 94 51 est
1186 1527 81 51 vnum

733 1579 137 60 genus
824 1579 168 60 generum
946 1579 153 60 entia)
1053 1579 76 60 &
1084 1579 122 60 ideo
1145 1579 122 60 cosyde

739 1624 142 58 randum
838 1624 99 58 est
895 1624 85 58 de
937 1624 128 58 istis
1022 1624 85 58 ab
1065 1624 113 58 eis,
1136 1624 99 58 qui
1178 1624 85 58 per-

735 1668 193 70 scrutatur
884 1668 89 70 de
928 1668 208 70 cognitione
1092 1668 163 70 totius,
1210 1668 74 70 &

736 1717 83 62 de
778 1717 125 62 prima
861 1717 249 62 substantiarum.
1068 1717 166 62 scientia
1179 1717 83 62 enim

742 1768 201 66 Naturalis
896 1768 108 66 est
958 1768 139 66 vnius
1051 1768 170 66 modorum
1159 1768 108 66 scien

732 1812 143 63 tiaru,
832 1812 100 63 sed
889 1812 86 63 no
932 1812 100 63 est
990 1812 129 63 prima
1061 1812 158 63 scientia.
