1475 2066
202 173 149 49 magis
302 173 231 49 principium
483 173 132 49 esse
566 173 132 49 tale
632 173 99 49 iudi

215 222 171 44 carent,
340 222 155 44 dicere
448 222 109 44 non
511 222 202 44 haberent.
650 222 78 44 Est

204 260 165 46 autem
314 260 165 46 etiam
424 260 110 46 de
479 260 129 46 hoc
534 260 202 46 demonstra

210 304 110 42 re,
273 304 235 42 redarguendo
461 304 125 42 quod
523 304 204 42 impossibile

215 343 127 53 est,
295 343 175 53 dummodo
422 343 175 53 aliquid
549 343 159 53 dicat,
644 343 80 53 qui

217 385 181 41 dubitat.
352 385 120 41 Quod
428 385 90 41 si
473 385 151 41 nihil,
563 385 166 41 ridiculum

213 425 123 55 est
284 425 211 55 quaerere
442 425 211 55 rationem
601 425 106 55 ad
636 425 88 55 eum

210 477 110 45 qui
273 477 173 45 nullius
399 477 141 45 habet
493 477 204 45 rationem,
635 477 94 45 qua-

212 508 147 47 tenus
309 508 163 47 nullam
423 508 147 47 habet
521 508 212 47 rationem.
668 508 65 47 si

208 554 128 48 milis
293 554 143 48 nanque
393 554 157 48 plantae
507 554 128 48 talis
593 554 114 48 est,
650 554 86 48 prut

214 592 144 42 talis
310 592 128 42 est.
390 592 240 42 Demonstrare
581 592 128 42 vero
645 592 80 42 re-

212 636 219 38 darguendo,
385 636 125 38 dico
463 636 188 38 differre
604 636 78 38 a
619 636 110 38 demon

215 676 229 53 stratione.
395 676 131 53 quia
476 676 115 53 qui
526 676 196 53 demonstra,

220 716 123 51 ret:
296 716 199 51 videretur
449 716 153 51 petere
557 716 123 51 quod
633 716 77 51 a
648 716 77 51 pri

211 757 174 46 cipio.
332 757 122 46 cum
402 757 157 46 autem
507 757 139 46 alia
576 757 157 46 huiusce

207 798 143 44 causa
302 798 127 44 sit,
382 798 238 44 redargutio,
572 798 79 44 &
604 798 111 44 non
652 798 79 44 de

183 845 243 37 monstratio,

257 880 103 65 Sed
316 880 162 65 oportet
434 880 103 65 nos
493 880 221 65 distinguere
655 880 74 65 pri

206 930 111 60 mo,
269 930 127 60 quod
349 930 237 60 impossibile
538 930 111 60 est
602 930 95 60 vt
633 930 95 60 vnum

212 977 112 57 sit
276 977 96 57 in
324 977 161 57 du.bus
437 977 193 57 insimul,
581 977 80 57 &
597 977 129 57 omnimo

212 1029 97 45 do,
268 1029 70 45 &
296 1029 111 45 alia
365 1029 153 45 similia
476 1029 139 45 istis,
574 1029 111 45 quae
630 1029 97 45 erunt

203 1073 204 63 distincta
360 1073 79 63 a
392 1073 157 63 nostra
502 1073 220 63 indigentia
659 1073 63 63 in

214 1121 239 66 quaestionibus
411 1121 155 66 Logicis
509 1121 211 66 difficilibus,

204 1169 102 61 hoc
263 1169 146 61 igitur
365 1169 102 61 est
423 1169 160 61 primum,
539 1169 116 61 quod
612 1169 102 61 est
656 1169 58 61 ma

203 1215 109 60 gis
266 1215 155 60 firmum
374 1215 171 60 omnibus
499 1215 233 60 principiis.
670 1215 62 60 in

212 1265 83 57 eo
254 1265 110 57 enim
323 1265 97 57 est
378 1265 193 57 distinctio
530 1265 138 57 dicta.
613 1265 110 57 Nullus

212 1313 131 61 enim
294 1313 181 61 hominum
425 1313 164 61 posset
524 1313 197 61 existimar,

207 1362 134 62 quod
291 1362 235 62 affirmatio
476 1362 84 62 &
509 1362 184 62 negatio
626 1362 101 62 sunt

208 1407 134 60 idem,
297 1407 134 60 sicut
387 1407 134 60 quida
476 1407 208 60 existimant
640 1407 119 60 quod

210 1453 215 53 Heraclitus
378 1453 184 53 dicebat.
516 1453 107 53 non
578 1453 123 53 enim
639 1453 92 53 est,

212 1501 153 61 necesse
323 1501 111 61 quod
393 1501 139 61 illud,
490 1501 111 61 quod
559 1501 153 61 aliquis
656 1501 56 61 di

214 1551 116 57 cit,
286 1551 218 57 existimetur
460 1551 116 57 esse
533 1551 131 57 verum
605 1551 116 57 neces-

215 1601 127 57 sario.
304 1601 153 57 Quoniam,
419 1601 76 57 si
457 1601 89 57 hoc
508 1601 127 57 fuerit
598 1601 102 57 sic,
649 1601 76 57 pos-

216 1645 135 61 sibile
310 1645 81 61 ex
350 1645 81 61 it
391 1645 81 61 vt
431 1645 175 61 contraria
565 1645 108 61 sint
633 1645 81 61 in
660 1645 67 61 eo-

207 1692 118 62 dem.
281 1692 74 62 &
311 1692 118 62 ideo
385 1692 163 62 oportet
503 1692 104 62 nos
562 1692 192 62 distinguo

206 1741 86 62 re
249 1741 130 62 primo
335 1741 86 62 in
378 1741 101 62 hac
436 1741 230 62 propositione
609 1741 115 62 etian-

203 1789 126 61 quod
282 1789 174 61 assueti
409 1789 142 61 sumus
504 1789 237 61 distinguere

212 1837 172 61 quoniam,
341 1837 86 61 si
384 1837 244 61 contradictori
585 1837 72 61 o
599 1837 129 61 opponis

750 172 96 66 tur
805 172 110 66 sibi
874 172 193 66 adinuicem,
1026 172 207 66 manifestaum
1177 172 83 66 est,

742 223 113 59 quod
813 223 212 59 impossibile
982 223 113 59 est,
1053 223 85 59 ut
1095 223 156 59 aliquis
1194 223 71 59 ext

739 273 168 64 stimet
857 273 101 64 vt
907 273 235 64 affirmatio
1091 273 84 64 &
1108 273 151 64 negatio

744 325 113 59 sint
814 325 169 59 insimul.
941 325 183 59 contingit
1082 325 113 59 enim
1138 325 127 59 peccan-

744 368 132 59 tibus
833 368 103 59 hoc
891 368 162 59 peccato
1009 368 162 59 obinari
1127 368 118 59 quod
1185 368 74 59 co-

751 416 182 58 trarietas
891 416 98 58 est
947 416 140 58 simui.
1046 416 84 58 Et
1088 416 112 58 ideo
1144 416 112 58 omnes,

744 465 112 57 qui
808 465 176 57 vtuntur
936 465 112 57 hac
984 465 271 57 demonstratione,

748 508 205 63 perueniunt
910 508 88 63 ad
954 508 117 63 hanc
1027 508 205 63 dignitatem
1189 508 103 63 per

757 561 178 57 vltimam.
891 561 119 57 ista
965 561 119 57 enim
1039 561 178 57 dionitas
1157 561 104 57 prior

745 605 108 61 est
806 605 170 61 omnibus
930 605 247 61 dignitatibus
1115 605 154 61 vniuersa

745 652 151 46 libus
846 652 235 46 communibus
1030 652 235 46 naturatis.
1198 652 67 46 Et

746 700 154 68 quidam,
858 700 126 68 sicut
942 700 182 68 dixcimus,
1082 700 154 68 singunt
1180 700 84 68 pos-

741 748 154 62 sibile
848 748 123 62 esse
925 748 215 62 existimare
1094 748 123 62 quod
1156 748 123 62 affir-

740 796 141 62 matio
834 796 78 62 &
866 796 172 62 negatio
991 796 125 62 sint
1069 796 141 62 simul
1147 796 110 62 idem.

741 844 157 55 sicut
845 844 245 55 narrauimus
1038 844 87 55 &
1073 844 175 55 dicunt
1178 844 87 55 hoc

739 893 147 45 multi
837 893 229 45 Naturales.
1017 893 115 45 Nos
1083 893 164 45 auteio
1181 893 82 45 iam

740 940 172 63 dixcimus
869 940 115 63 quod
940 940 215 63 impossibile
1113 940 100 63 est
1170 940 86 63 vt
1199 940 57 63 al

745 988 179 64 firmatio
880 988 75 64 &
909 988 164 64 negatio
1029 988 120 64 sint
1104 988 149 64 simul.
1208 988 75 64 &

737 1037 126 57 ideo
816 1037 252 57 declarauimus
1021 1037 126 57 quod
1100 1037 110 57 hoc
1147 1037 110 57 prin-

735 1085 180 61 cipium
861 1085 126 61 est
933 1085 253 61 firmisimum
1114 1085 144 61 omnium

739 1133 262 61 principiorum.
955 1133 93 61 Et
1001 1133 154 61 quidam
1109 1133 185 61 laborat,

742 1180 101 62 ad
793 1180 252 62 declarandum
994 1180 118 62 hoc
1061 1180 168 62 primum
1179 1180 118 62 per

744 1229 287 62 demonstrationem
985 1229 166 62 propter
1106 1229 121 62 suam
1166 1229 91 62 igno

738 1277 203 57 rantiam,
890 1277 85 57 &
924 1277 237 57 paucitatem
1111 1277 135 57 suae
1178 1277 85 57 in-

738 1324 235 60 structionis.
929 1324 103 60 Est
988 1324 117 60 enim
1061 1324 117 60 male
1120 1324 132 60 instru-

743 1372 128 62 ctus,
828 1372 100 62 qui
885 1372 142 62 nescit
985 1372 85 62 in
1027 1372 142 62 quibus
1127 1372 157 62 oportet

739 1421 208 61 quaerere
894 1421 329 61 demonstrationem
1171 1421 87 61 &
1189 1421 69 61 in

742 1465 137 64 quibus
838 1465 96 64 non
893 1465 164 64 oportet.
1016 1465 219 64 impossibile.
1181 1465 82 64 enim

745 1516 103 54 est
804 1516 88 54 vt
848 1516 235 54 demonstratio
1039 1516 103 54 sit
1098 1516 88 54 in
1127 1516 132 54 omnibus

744 1561 130 57 rebus
830 1561 260 57 vniuersaliter.
1047 1561 159 57 quonia,
1162 1561 87 57 si
1191 1561 72 57 hoc

745 1607 117 64 esset
823 1607 183 64 possibile,
967 1607 104 64 tunc
1032 1607 91 64 res
1084 1607 131 64 essent
1163 1607 104 64 infini

745 1659 133 48 tae:
829 1659 83 48 &
862 1659 200 48 secundum
1012 1659 133 48 hunc
1095 1659 150 48 modum
1179 1659 83 48 non

748 1705 119 49 erit
822 1705 237 49 demonstratio
1015 1705 148 49 etiam.
1119 1705 89 49 Si
1163 1705 133 49 autem

743 1753 130 62 sunt
824 1753 178 62 aliqua,
953 1753 97 62 de
1002 1753 162 62 quibus
1115 1753 178 62 oportet

745 1802 199 59 quaerere,
897 1802 76 59 &
928 1802 168 59 aliqua,
1050 1802 92 59 de
1096 1802 153 59 quibus
1188 1802 76 59 non

749 1851 170 63 oportet
872 1851 186 63 quaerere
996 1851 263 63 demonstratione,
