1475 2066
161 134 87 53 Si
205 134 131 53 autem
293 134 160 53 aliquis
409 134 102 53 hoc
467 134 189 53 concedat,
599 134 87 53 erit

177 175 202 51 demonstratio.
344 175 83 51 iam
391 175 95 51 enim
451 175 95 51 erit
510 175 131 51 aliquid
594 175 83 51 deter

166 220 194 47 minatum.
311 220 178 47 attamen
441 220 113 47 non
505 220 113 47 qui
554 220 129 47 demon-

176 261 138 45 strant,
277 261 88 45 sed
327 261 88 45 qui
377 261 163 45 sustinet,
503 261 101 45 caum
566 261 101 45 est:
616 261 63 45 tol

182 304 97 44 lens
242 304 97 44 enim
303 304 194 44 omntiaionem,
461 304 145 44 sustinet
558 304 133 44 omnionem.

177 347 163 53 Primo
286 347 181 53 igitur
412 347 254 53 manifestum
593 347 91 53 est

179 388 93 54 hoc
232 388 119 54 ipsum
311 388 119 54 verum
391 388 119 54 esse,
471 388 106 54 quod
537 388 119 54 nomen
603 388 80 54 esse

177 429 105 45 hoc,
242 429 92 45 aut
295 429 92 45 non
347 429 105 45 esse
413 429 183 45 sigenenat,
557 429 118 45 quare
622 429 66 45 non

178 476 120 38 vtique
262 476 96 38 omne
322 476 96 38 ita,
382 476 60 38 &
406 476 84 38 non
454 476 84 38 ita
502 476 72 38 se
538 476 120 38 habet.
610 476 72 38 Item

177 513 71 53 si
213 513 94 53 homo
271 513 94 53 vnum
330 513 165 53 sigenenat,
460 513 82 53 sit
507 513 82 53 hoc
554 513 118 53 animal
624 513 59 53 bi-

184 564 116 38 pes.
256 564 116 38 dico
328 564 101 38 ant
386 564 116 38 vnum
458 564 217 38 significare
617 564 72 38 hoc

176 596 75 45 si
213 596 87 45 hoc
263 596 87 45 est
312 596 112 45 homo,
387 596 75 45 si
424 596 99 45 quid
486 596 99 45 homo
548 596 87 45 sit
598 596 87 45 hoc
635 596 50 45 es

175 639 101 50 homin
242 639 101 50 esse.
310 639 101 50 Nihil
378 639 101 50 autem
445 639 135 50 differt,
547 639 101 50 etiam
614 639 68 50 si
637 639 56 50 plu

170 684 95 50 ra
218 684 126 50 quis
296 684 236 50 significare
485 684 158 50 dicat,
580 684 110 50 solum

165 723 109 47 ant
228 723 124 47 sint
305 723 248 47 determinata:
491 723 202 47 imponeretur

171 768 150 42 etenim
276 768 180 42 cuilibet
411 768 180 42 orationi
547 768 135 42 aliud
622 768 60 42 no

170 807 103 43 men
229 807 118 43 dico
303 807 133 43 autem
391 807 88 43 vt
436 807 133 43 puta,
524 807 88 43 si
568 807 103 43 non
612 807 74 43 di-

171 853 107 46 cat
232 853 168 46 hominem
354 853 122 46 vnum
430 853 244 46 significare,
614 853 76 46 sed

165 899 169 39 multa,
284 899 169 39 quorum
402 899 152 39 vnius
504 899 169 39 quidem
605 899 85 39 vna

171 933 144 45 oratio,
275 933 131 45 animal
367 933 131 45 bipes,
458 933 104 45 sint
523 933 117 45 autem
589 933 91 45 caete

169 977 116 41 rae
236 977 166 41 quoque
352 977 183 41 plures,
469 977 216 41 determinata

167 1017 133 41 vero
251 1017 183 41 numero.
384 1017 250 41 imponeretur
567 1017 116 41 eteni

162 1066 219 48 proprium
326 1066 164 48 nomen
436 1066 219 48 secundum
582 1066 110 48 quam

165 1101 122 55 que
234 1101 244 55 orationem.
426 1101 140 55 Quod
514 1101 105 55 si
566 1101 122 55 non
618 1101 70 55 po

160 1140 186 55 neretur,
300 1140 109 55 sed
362 1140 186 55 infinita
486 1140 202 55 significare

165 1190 149 36 dicat,
269 1190 209 36 manifestum
434 1190 104 36 est
493 1190 119 36 quod
568 1190 104 36 non
612 1190 75 36 es-

170 1225 102 54 set
229 1225 161 54 oratio,
346 1225 102 54 non
404 1225 117 54 vnum
477 1225 117 54 enim
536 1225 146 54 signifi-

173 1269 119 45 care
247 1269 133 45 nihil
336 1269 89 45 et
381 1269 237 45 significare,
558 1269 119 45 nomini

167 1309 110 45 bus
230 1309 126 45 vero
309 1309 110 45 non
372 1309 314 45 significantibus,
623 1309 63 45 pe

167 1359 107 45 rit
228 1359 122 45 ipsa
304 1359 153 45 reuera
412 1359 230 45 disputatio,
595 1359 77 45 &
610 1359 77 45 ad-

166 1397 185 56 inuicem,
304 1397 77 56 &
335 1397 92 56 ad
381 1397 185 56 seipsum.
520 1397 139 56 nihil
597 1397 92 56 enim

163 1438 237 45 intelligere
353 1438 205 45 contingit
510 1438 142 45 nihil
589 1438 95 45 vnum

167 1478 298 58 intelligentes.
415 1478 132 58 Quod
498 1478 99 58 si
531 1478 149 58 contin-

159 1525 139 53 git,
246 1525 226 53 imponetur
419 1525 156 53 nomen
524 1525 139 53 huic
593 1525 87 53 rei

140 1572 164 47 vnum.

209 1605 176 62 primum
333 1605 176 62 igitur
456 1605 176 62 omnium
562 1605 123 62 isto-

161 1653 108 62 rum
222 1653 108 62 est
284 1653 216 62 concedere,
453 1653 123 62 quod
530 1653 139 62 sermo
607 1653 77 62 aui

163 1701 148 66 negat
261 1701 197 66 aliquid,
409 1701 115 66 aut
475 1701 181 66 affrmat
590 1701 99 66 ali-

162 1754 151 62 quid.
263 1754 84 62 &
297 1754 168 62 dignum
415 1754 118 62 est
465 1754 202 62 existimare

161 1800 138 59 quod
247 1800 121 59 hoc
316 1800 173 59 primum
438 1800 156 59 solum
524 1800 156 59 manife

697 127 145 68 stum.
793 127 96 68 Et
841 127 177 68 necesse
970 127 112 68 est
1034 127 96 68 vt
1082 127 145 68 sermo
1163 127 80 68 lo-

703 180 163 62 quentis
822 180 104 62 sit
881 180 149 62 signum
985 180 89 62 de
1030 180 149 62 aliquo
1134 180 119 62 apud

703 228 157 62 ipsum,
813 228 78 62 &
844 228 125 62 apud
923 228 157 62 alium,
1032 228 94 62 si
1063 228 157 62 aliquio,

704 277 146 64 dicit.
807 277 176 64 Quoniam,
939 277 88 64 si
983 277 103 64 hoc
1041 277 103 64 non
1085 277 132 64 fuerit.

701 324 103 63 non
760 324 161 63 poterit
877 324 190 63 disputare
1024 324 132 63 neque
1097 324 117 63 secum,

706 373 132 62 neque
794 373 103 62 cum
853 373 132 62 alio.
941 373 88 62 Si
985 373 147 62 igitur
1073 373 147 62 aliquis,

704 421 215 61 concesserit
876 421 115 61 hoc,
947 421 115 61 erit
1005 421 215 61 demonstratio.

700 474 184 56 concedet
838 474 123 56 enim
914 474 169 56 aliquid
1037 474 123 56 esse
1098 474 123 56 termi-

701 517 148 67 natum
799 517 197 67 finitum.
947 517 82 67 &
980 517 148 67 causa
1079 517 181 67 essendi

704 573 103 58 hoc
763 573 103 58 est
822 573 176 58 inducens
939 573 278 58 demonstrationem.,

702 613 102 65 sed
761 613 131 65 ille,
848 613 102 65 cui
907 613 190 65 contingit
1038 613 175 65 concedere,

702 661 122 65 quod
778 661 137 65 negat
869 661 198 65 loquelam,
1022 661 198 65 contingit
1159 661 61 65 et

700 712 219 57 concedere
868 712 219 57 loquelam.
1020 712 202 57 Manifestum

703 762 108 62 est
764 762 154 62 igitur
872 762 154 62 primo,
979 762 123 62 quod
1056 762 123 62 iste
1117 762 108 62 sermo

706 809 109 66 est
769 809 156 66 verus.
878 809 141 66 nomen
972 809 125 66 enim
1050 809 109 66 est
1097 809 125 66 signum

698 858 103 56 ad
749 858 257 56 affirmandum
955 858 188 56 aliquid
1092 858 120 56 aut
1143 858 86 56 ne-

709 909 167 57 gandum.
830 909 91 57 &,
876 909 91 57 si
921 909 106 57 ita
982 909 121 57 sit,
1042 909 182 57 affirmatio

706 951 192 68 alicutus,
854 951 74 68 &
883 951 162 68 negatio
1002 951 103 68 non
1061 951 103 68 est
1105 951 118 68 simul.

702 999 93 64 Et
748 999 155 64 etiam,
856 999 93 64 si
902 999 108 64 hoc
964 999 139 64 nomen
1057 999 124 64 homo
1119 999 108 64 signi

701 1051 145 60 ficat
798 1051 145 60 vnum,
894 1051 113 60 sit
959 1051 145 60 illud
1056 1051 129 60 vnum
1120 1051 97 60 ani-

701 1100 104 55 mla
760 1100 192 55 bipedale:
908 1100 74 55 &
938 1100 133 55 dico,
1027 1100 118 55 quod
1101 1100 104 55 hoc
1145 1100 74 55 non

701 1144 118 66 men
769 1144 135 66 homo
853 1144 237 66 significat
1039 1144 135 66 hanc
1107 1144 118 66 vnam,

707 1194 222 57 intentionem,
888 1194 83 57 si
929 1194 153 57 dicitur
1040 1194 97 57 hoc
1096 1194 111 57 esse
1152 1194 69 57 ho-

699 1245 174 58 minem,
820 1245 209 58 secundum
977 1245 139 58 quod
1064 1245 122 58 est
1116 1245 104 58 homo

699 1292 82 57 in
740 1292 96 57 rei
795 1292 178 57 veritate.
932 1292 96 57 Et,
987 1292 82 57 si
1028 1292 150 57 aliquis
1123 1292 96 57 dixe-

707 1341 117 63 rit,
780 1341 117 63 quod
853 1341 102 63 hoc
912 1341 131 63 nomen
999 1341 204 63 significat
1145 1341 73 63 mu-

706 1389 93 45 ta,
759 1389 93 45 sed
812 1389 107 45 illa
879 1389 107 45 sunt
946 1389 200 45 terminmata,
1106 1389 93 45 non
1146 1389 80 45 erit

703 1437 223 61 differentia
882 1437 134 61 inter
971 1437 179 61 sermonem
1105 1437 134 61 eius.

707 1485 88 61 &
743 1485 159 61 inter
849 1485 176 61 primum
972 1485 229 61 sermonem.
1131 1485 88 61 im-

697 1532 189 57 possibile
843 1532 117 57 enim
916 1532 102 57 est
974 1532 146 57 ponere
1076 1532 131 57 multa
1149 1532 73 57 non

701 1581 145 62 mina
792 1581 109 62 de
846 1581 236 62 vnaquaque
1027 1581 163 62 verum
1118 1581 109 62 nome

701 1629 218 61 conueniens
873 1629 234 61 definitioni
1060 1629 125 61 rei.
1122 1629 109 61 verbi

707 1677 169 66 gratia:
829 1677 92 66 si
875 1677 169 66 aliquis
998 1677 184 66 dixerit,
1136 1677 123 66 quod

702 1725 119 61 hoc
770 1725 153 61 nomen
872 1725 136 61 homo
957 1725 119 61 non
1008 1725 221 61 significat,

706 1773 175 61 vnum,
822 1773 136 61 sed
900 1773 195 61 multa,
1036 1773 97 61 &
1075 1773 156 61 quod
1153 1773 78 61 v-

695 1821 265 61 numquodque
904 1821 209 61 illorum
1036 1821 190 61 multorum
