1475 2066
169 140 118 47 bant,
248 140 105 47 quod
314 140 132 47 natura
406 140 132 47 entium
498 140 92 47 est
550 140 132 47 natura
629 140 66 47 nu-

185 189 124 37 meri,
268 189 110 37 quia
337 189 138 37 numeri
433 189 220 37 praedicantur
612 189 83 37 de
640 189 55 37 en

181 227 129 47 tibus,
272 227 91 47 est
323 227 117 47 sicut
401 227 194 47 existimatio
557 227 129 47 eorum,
634 227 65 47 qui

185 260 202 46 existimant
344 260 145 46 duplum
445 260 72 46 &
474 260 202 46 dualitatem
618 260 87 46 esse

186 302 122 43 idem,
268 302 81 43 i.
308 302 149 43 eiusdem
417 302 162 43 naturae:
539 302 108 43 quia
593 302 108 43 duplum

184 342 92 39 est
237 342 211 39 vniuersalius
408 342 185 39 dualitate,
554 342 66 39 &
580 342 119 39 prius
646 342 53 39 ea

188 378 218 52 natumraliter.
367 378 102 52 quod
431 378 179 52 desribitur
572 378 102 52 sic,
623 378 77 52 quid

182 416 100 43 cum
239 416 185 43 aufertur,
381 416 171 43 aufertur
509 416 142 43 aliud,
609 416 71 43 &
623 416 71 43 non

185 460 182 38 econuerso:
328 460 65 38 &
354 460 91 38 cum
406 460 117 38 aliud
484 460 104 38 est,
549 460 104 38 erit
601 460 91 38 illud

188 499 96 39 D.d.
248 499 84 39 sed
296 499 84 39 non
343 499 143 39 secundum
451 499 120 39 modum,
535 499 72 39 i,
571 499 84 39 sed
618 499 84 39 non
654 499 48 39 se

179 533 131 55 cundum
271 533 131 55 modum,
362 533 157 55 secundum
480 533 105 55 quem
546 533 144 55 aliquid
637 533 66 55 est

182 572 129 55 duplum,
276 572 82 55 est
323 572 94 55 duo,
382 572 70 55 i.
417 572 94 55 quod
476 572 82 55 cum
523 572 70 55 de
558 572 117 55 aliquo
629 572 70 55 ali-

180 611 91 54 qua
232 611 117 54 plura
310 611 91 54 vno
363 611 131 54 praedi
454 611 131 54 antur,
545 611 91 54 non
598 611 91 54 est
637 611 52 54 ne

186 658 128 46 cesse
271 658 85 46 vt
314 658 128 46 eodem
399 658 114 46 modo
470 658 227 46 praedicentur
640 658 57 46 de

179 693 90 45 eo,
231 693 116 45 neque
308 693 78 45 vt
347 693 194 45 praedicatum
502 693 181 45 nemonstret
631 693 65 45 sub

178 733 150 53 stantiam
290 733 138 53 illius.
390 733 100 53 D.d.
453 733 75 53 si
490 733 125 53 igitur
578 733 88 53 non
615 733 75 53 fue-

176 772 85 50 rit
224 772 97 50 sic,
285 772 97 50 erit
345 772 97 50 vnum
406 772 133 50 multum.
502 772 73 50 id
539 772 73 50 et
575 772 73 50 si
599 772 97 50 igitur

174 813 141 37 natura
272 813 211 37 posterioris
441 813 98 37 non
497 813 141 37 fuerit
596 813 112 37 alia
652 813 42 37 a

178 854 142 37 natura
277 854 170 37 prioris,
405 854 113 37 tunc
475 854 142 37 natura
575 854 128 37 vnius
660 854 71 37 &

177 887 141 56 natura
275 887 141 56 pluris
374 887 127 56 erunt
458 887 141 56 eadem.
556 887 70 56 &
571 887 127 56 intende

173 928 94 42 bat
226 928 94 42 per
280 928 94 42 hoc
333 928 120 42 quod,
413 928 80 42 si
453 928 120 42 entia
534 928 134 42 essent
614 928 80 42 nume

174 972 101 38 ri,
231 972 115 38 quia
303 972 158 38 numerus
418 972 101 38 est
475 972 129 38 prior
547 972 144 38 entibus,

179 1005 117 40 tunc
252 1005 117 40 plus
326 1005 132 40 esset
413 1005 132 40 vnum,
501 1005 73 40 &
530 1005 117 40 vnum
589 1005 102 40 plus,

179 1044 98 53 D.d.
240 1044 61 53 &
265 1044 86 53 hoc
314 1044 98 53 est:
375 1044 98 53 quod
437 1044 135 53 accidit
535 1044 123 53 illis.
621 1044 74 53 i.
658 1044 61 53 &

176 1085 206 49 impossibile
341 1085 165 49 accidens
465 1085 193 49 dicentibus
603 1085 96 49 entia

178 1122 121 48 esse
253 1122 166 48 numerum
374 1122 121 48 est,
450 1122 136 48 sicut
525 1122 166 48 impossibi

175 1161 92 40 le
221 1161 184 40 accidens
358 1161 230 40 opinantibus
542 1161 122 40 esse
603 1161 92 40 vnum

176 1200 122 50 plus,
258 1200 122 50 idest
339 1200 108 50 quod
407 1200 176 50 contraria
542 1200 108 50 sunt
596 1200 95 50 vnum,

181 1240 119 47 quia
256 1240 119 47 sunt
330 1240 89 47 in
375 1240 119 47 vno.
450 1240 149 47 Deinde
554 1240 89 47 d.
599 1240 75 47 &
614 1240 89 47 inue

179 1276 159 53 niuntur
294 1276 87 53 de
338 1276 145 53 priori
439 1276 72 53 &
468 1276 202 53 posteriori
612 1276 87 53 alia

169 1316 132 53 talia.
261 1316 79 53 i.
301 1316 66 53 &
328 1316 119 53 multa
407 1316 106 53 alia
473 1316 119 53 talia
552 1316 106 53 sunt
605 1316 93 53 prio-

177 1354 89 55 ra
222 1354 237 55 sensibilibus
414 1354 104 55 hoc
473 1354 118 55 modo
532 1354 163 55 priorita-

171 1396 116 55 tis,
244 1396 131 55 sicut
331 1396 102 55 est
389 1396 174 55 numerus.
520 1396 116 55 Quia
578 1396 116 55 igitur

179 1433 181 42 fecerunt
314 1433 166 42 numerum
435 1433 120 42 esse
495 1433 196 42 substantiam

186 1472 103 43 sine
251 1472 116 43 illis
328 1472 116 43 aliis
406 1472 168 43 prioribus
522 1472 168 43 naturalibus

175 1510 71 45 &
203 1510 128 45 omnia
288 1510 113 45 ista
359 1510 198 45 reducuntur
515 1510 85 45 ad
557 1510 113 45 hoc,
614 1510 85 45 quod

215 1550 122 51 prius
296 1550 162 51 secundum
417 1550 216 51 definitionem
579 1550 81 51 homo

259 1589 119 46 debet
338 1589 106 46 esse
404 1589 119 46 prius
484 1589 132 46 natura
563 1589 66 46 se:

291 1629 180 46 cundum
417 1629 162 46 esse.
525 1629 90 46 &

347 1670 124 56 hoc
400 1670 124 56 magis

370 1709 116 45 decla-

295 1741 149 54 rabitur
404 1741 81 54 in
431 1741 149 54 tractati-

333 1788 109 38 bus
380 1788 156 38 substan

385 1828 88 46 tiae.

715 140 81 54 De
756 140 162 54 Platonis
878 140 216 54 Philosophia:
1053 140 176 54 omniumque
1188 140 95 54 re.
1229 140 54 54 D.

745 183 175 44 citatarum.
882 183 162 44 opinionis
1007 183 162 44 epilogus.
1132 183 87 44 Ca.

760 237 158 64 vuOst
866 237 176 64 dictas
989 237 141 64 vero
1059 237 176 64 philoso-

769 285 83 51 &
803 285 150 51 phias
903 285 233 51 disciplina
1069 285 167 51 Platonis

811 329 208 46 superuenit,
977 329 83 46 in
1019 329 180 46 plerisque
1144 329 83 46 qui-

714 373 110 49 dem
777 373 142 49 istos
872 373 173 49 secuta,
998 373 173 49 quaedam
1108 373 126 49 autem,

711 413 109 53 est
774 413 186 53 propria,
913 413 140 53 vltra
1007 413 217 53 ltalicorum
1162 413 62 53 ha

706 453 130 44 bens
787 453 146 44 philo
884 453 195 44 sophiam.
1030 453 114 44 Cum
1079 453 146 44 CGratil

712 501 94 48 lo
759 501 156 48 nanque
868 501 94 48 ex
915 501 78 48 *
946 501 172 48 recenti
1055 501 172 48 conuersa-

715 545 123 49 tus,
792 545 92 49 et
838 545 200 49 Heracliti
991 545 231 49 opinionibus
1161 545 62 49 as

715 580 161 46 suetus,
833 580 161 46 tanquam
950 580 161 46 omnibus
1052 580 176 46 sensibili-

709 625 122 42 bus
778 625 174 42 semper
900 625 297 42 defluentibus,
1145 625 87 42 &
1162 625 70 42 de

712 668 94 54 eis
765 668 94 54 non
819 668 175 54 existente
954 668 175 54 scientia,
1089 668 108 54 haec
1143 668 81 54 qui-

715 708 98 46 dem
771 708 126 46 etiam
855 708 140 46 postea
953 708 98 46 ita
1009 708 196 46 arbitratus
1149 708 70 46 est

713 754 124 40 Cum
784 754 141 40 vero
872 754 212 40 Socrates
1031 754 106 40 de
1066 754 159 40 morali-

715 794 117 56 bus
782 794 168 56 quidem
900 794 235 56 tractaret,
1084 794 101 56 de
1117 794 101 56 tota

717 837 130 45 vero
798 837 163 45 natura
896 837 130 45 nihil.

758 877 93 64 Et
804 877 124 64 post
881 877 124 64 hoc,
958 877 124 64 quod
1036 877 154 64 dictum
1128 877 93 64 fuic

716 925 86 66 de
759 925 130 66 modis
845 925 231 66 philosophia,
1033 925 159 66 inuenta
1134 925 86 66 fui-

718 976 239 50 philosophia
909 976 207 50 Platonis,
1069 976 80 50 &
1085 976 143 50 sequeba

715 1021 101 52 tur
772 1021 130 52 illos
859 1021 86 52 in
902 1021 230 52 multitudine,
1089 1021 86 52 in
1118 1021 115 52 vnita-

710 1069 151 63 tibus
811 1069 151 63 autem
911 1069 134 63 erat
995 1069 201 63 secundum
1129 1069 101 63 opi-

714 1117 157 65 nionem
824 1117 204 65 Italorum.
981 1117 94 65 Et
1028 1117 157 65 primum
1138 1117 126 65 quod

712 1165 199 70 contingit
865 1165 122 70 post
941 1165 138 70 Demo.
1033 1165 122 70 fuit
1094 1165 138 70 opinio-

714 1213 209 65 Herculeorum,
884 1213 157 65 scilicet
1002 1213 105 65 quod
1067 1213 118 65 omnia
1132 1213 105 65 entia,

710 1268 126 58 sunt
789 1268 158 58 semper
900 1268 95 58 in
947 1268 158 58 fluxcu
1057 1268 79 58 &
1089 1268 126 58 quod
1152 1268 79 58 nul

708 1309 82 66 la
749 1309 95 66 est
804 1309 82 66 in
844 1309 95 66 eis
899 1309 177 66 scientia,
1035 1309 122 66 istas
1116 1309 136 66 igitur

715 1357 202 67 opiniones
871 1357 187 67 secundum
1011 1357 109 67 hoc
1058 1357 171 67 accepimus

715 1413 95 58 in
763 1413 205 58 postremo.
920 1413 189 58 Socrates
1062 1413 142 58 autem
1141 1413 95 58 locu

716 1453 104 61 tus
775 1453 118 61 fuit
849 1453 89 61 in
894 1453 207 61 moralibus,
1056 1453 74 61 &
1086 1453 133 61 nihil
1160 1453 74 61 di-

714 1506 114 48 xit
779 1506 98 48 de
811 1506 147 48 natura.

750 1548 89 55 Et
795 1548 178 55 postquam
928 1548 163 55 inuenti
1047 1548 163 55 fuerunt
1151 1548 74 55 il.

712 1590 101 56 modi
776 1590 215 56 philosophiae.
953 1590 152 56 scilicet
1054 1590 177 56 Pythagorico-

717 1628 105 46 rum,
783 1628 66 46 &
809 1628 197 46 vniversaler
966 1628 92 46 qui
1019 1628 158 46 ponebant
1124 1628 105 46 mathe-

710 1672 175 42 mathica
838 1672 207 42 principia
997 1672 159 42 entium
1108 1672 80 42 &
1124 1672 96 42 natu

716 1716 125 47 ralium
803 1716 149 47 scilicet
915 1716 187 47 Anaxagorae,
1064 1716 62 47 &
1077 1716 149 47 Empedoclis

717 1747 73 52 &
747 1747 205 52 Demoeriti,
907 1747 161 52 inuenta
1024 1747 117 52 fuit
1083 1747 146 52 philosco

715 1789 107 44 phia
782 1789 174 44 Platonis.
916 1789 67 44 &
942 1789 134 44 dicit,
1036 1789 107 44 quod
1090 1789 134 44 conseque

711 1828 119 46 batur
790 1828 119 46 illam
869 1828 79 46 in
909 1828 211 46 multitudine,
1081 1828 119 46 idest
1147 1828 79 46 quod
