1475 2066
204 129 149 70 festum
308 129 119 70 est,
383 129 119 70 quod
458 129 104 70 est
517 129 134 70 verum
607 129 119 70 quod
666 129 75 70 non

206 179 131 61 homo,
293 179 73 61 &
322 179 116 61 quod
394 179 102 61 non
452 179 102 61 non
510 179 102 61 ho.
568 179 131 61 ambae
655 179 116 61 enim

207 228 106 63 sunt
273 228 119 63 negat
353 228 119 63 iuae.
432 228 80 63 si
472 228 133 63 igitur
565 228 106 63 illa
631 228 93 63 est
671 228 66 63 vna

210 277 179 61 duarum,
340 277 130 61 ista
421 277 147 61 etiam
519 277 114 61 est
584 277 114 61 vna
633 277 114 61 oppo-

213 324 106 58 sita
279 324 79 58 in
305 324 93 58 situ-

254 397 89 61 Et
299 397 134 61 etiam
388 397 193 61 continget
537 397 119 61 huic
596 397 149 61 positio-

218 437 82 54 ni,
265 437 70 54 vt
300 437 106 54 omnia
371 437 94 54 sint
430 437 106 54 idem.
500 437 94 54 D.d.
559 437 82 54 sit
606 437 117 54 igitur
676 437 59 54 na-

222 485 95 44 uis,
282 485 83 44 &c.
329 485 71 44 i.
365 485 131 44 ponamus
460 485 131 44 igitur,
555 485 95 44 quod
614 485 83 44 hoc
662 485 83 44 est
697 485 48 44 na

221 516 98 55 uis,
282 516 61 55 &
306 516 158 55 longitudo
428 516 61 55 &
452 516 110 55 homo,
526 516 146 55 scilicet
623 516 122 55 intentio

217 559 89 47 nes
268 559 164 47 diuersae.
394 559 101 47 D.d.
458 559 63 47 &
483 559 164 47 possibile
610 559 89 47 est
647 559 89 47 etiam

221 597 76 42 vt
259 597 153 42 dicatur,
374 597 89 42 &c.
425 597 76 42 i.
463 597 64 42 &
488 597 140 42 ponamus
590 597 127 42 etiam,
666 597 64 42 quo

216 631 230 43 affirmatiua
399 631 168 43 dicatur
522 631 92 43 de
568 631 184 43 omnibus,
690 631 46 43 &

219 671 147 54 similiter
332 671 147 54 negatiua.
445 671 90 54 ista
501 671 90 54 enim
558 671 124 54 positio
637 671 102 54 contin-

217 717 111 46 git
280 717 221 46 dicentibus
454 717 190 46 sermonem
581 717 158 46 Protago-

223 755 109 47 rae.
291 755 109 47 D.d.
359 755 109 47 isti
427 755 109 47 enim
495 755 149 47 dicunt,
603 755 109 47 quod
658 755 81 47 homo

219 789 95 53 non
274 789 216 53 existimatur,
449 789 95 53 &c.
504 789 81 53 i.
544 789 176 53 contingit
666 789 81 53 enim

214 829 228 50 dicentibus
393 829 195 50 sermonem
523 829 211 50 Protagorae,

218 862 116 49 quod
290 862 130 49 omne,
377 862 116 49 quod
449 862 116 49 homo
522 862 203 49 existimat,
667 862 72 49 est

224 903 118 51 verum.
307 903 141 51 scilicet
413 903 94 51 quod
472 903 177 51 affirmatiua
613 903 59 51 &
625 903 118 51 negatiua

224 948 107 48 sunt
290 948 134 48 verae.
384 948 67 48 &
411 948 94 48 sic
464 948 174 48 contingit
598 948 94 48 eis
651 948 80 48 vt
678 948 67 48 na-

224 981 112 46 uis,
294 981 70 46 &
322 981 126 46 homo,
406 981 70 46 &
434 981 112 46 Deus
505 981 112 46 sint
575 981 126 46 idem,
645 981 98 46 licet

216 1028 100 38 non
273 1028 156 38 dicant.
386 1028 85 38 Et
429 1028 128 38 causa
514 1028 85 38 in
557 1028 100 38 hoc
614 1028 114 38 apud
671 1028 71 38 eos

214 1060 112 52 est,
284 1060 112 52 quia
354 1060 139 52 nullus
451 1060 195 52 existimat,
605 1060 112 52 quod
660 1060 84 52 homo

222 1100 83 48 est
270 1100 119 48 nauis,
353 1100 83 48 aut
400 1100 95 48 quod
460 1100 83 48 est
507 1100 107 48 Deus,
579 1100 131 48 quoniam
674 1100 95 48 apud

213 1138 106 40 eos
274 1138 106 40 non
334 1138 198 40 iudicatur
487 1138 228 40 affirmatiua
669 1138 76 40 &
684 1138 61 40 ne

223 1188 149 45 gatiua
328 1188 164 45 insimul
447 1188 90 45 de
492 1188 149 45 eodem,
597 1188 120 45 nisi
656 1188 90 45 quan

224 1216 82 43 do
265 1216 246 43 existimationes
470 1216 150 43 fuerint
580 1216 164 43 diuersae
689 1216 55 43 in

226 1258 81 40 eo.
272 1258 69 40 v.
306 1258 69 40 g.
341 1258 104 40 quod,
410 1258 69 40 si
444 1258 127 40 aliquis
536 1258 196 40 existimauerit
686 1258 58 40 hoc

221 1293 118 46 esse
295 1293 148 46 nauem,
398 1293 74 46 &
428 1293 133 46 aliud
517 1293 103 46 non
576 1293 118 46 esse
635 1293 103 46 nauen

228 1338 107 49 tunc
294 1338 133 49 dicunt
387 1338 107 49 quod
454 1338 213 49 affirinatiua
627 1338 67 49 &
640 1338 107 49 negati

223 1373 90 53 ua
268 1373 239 53 congregantur
462 1373 90 53 in
507 1373 149 53 eodem.
612 1373 90 53 Si
641 1373 105 53 autem

226 1413 157 51 aliquis
340 1413 242 51 existimauerit
539 1413 114 51 quod
611 1413 114 51 homo
668 1413 71 51 est

224 1453 134 38 nauis,
317 1453 67 38 &
344 1453 121 38 alius
425 1453 228 38 existimauerit
612 1453 107 38 quod
679 1453 94 38 non

222 1491 102 40 est
281 1491 145 40 nauis,
382 1491 102 40 non
440 1491 145 40 dicunt
542 1491 116 40 hoc.
614 1491 87 40 D.
643 1491 102 40 incoe

226 1530 81 46 pit
273 1530 128 46 dicere,
366 1530 128 46 quomodo
459 1530 151 46 contingit
575 1530 81 46 eis
622 1530 93 46 hoc,
668 1530 70 46 quae

227 1568 137 41 dixit:
323 1568 68 41 &
350 1568 82 41 si
391 1568 96 41 duo
446 1568 164 41 extrema,
569 1568 96 41 &c.
624 1568 82 41 i.
665 1568 68 41 &
679 1568 68 41 con

228 1605 120 54 tingit
312 1605 84 54 eis
360 1605 72 54 vt
396 1605 96 54 homo
456 1605 84 54 sit
505 1605 120 54 nauis,
589 1605 144 54 quoniam,
685 1605 60 54 cum

226 1653 219 37 concesserit,
404 1653 110 37 quod
473 1653 110 37 homo
541 1653 96 37 non
596 1653 96 37 est
651 1653 123 37 homo,

222 1685 178 51 contingit
360 1685 96 51 eis
414 1685 82 51 vt
456 1685 110 51 homo
524 1685 96 51 sit
579 1685 137 51 nauis.
662 1685 82 51 D.d.

228 1723 177 53 contingit
365 1723 136 53 igitur
460 1723 82 53 ex
501 1723 109 53 hoc,
569 1723 109 53 quod
637 1723 82 53 d.
664 1723 68 53 Ana

226 1761 92 53 xa,
279 1761 92 53 &c.
331 1761 79 53 i.
371 1761 172 53 contingit
503 1761 132 53 igitur
582 1761 159 53 Protagorae

228 1799 73 43 &
258 1799 205 43 dicentibus
418 1799 175 43 sermonem
550 1799 132 43 eius,
623 1799 117 43 neces

764 125 109 52 sario
837 125 121 52 dicere
921 125 145 52 sermonem
1030 125 121 52 Anara.
1115 125 145 52 scilicet
1224 125 97 52 quod

759 164 124 47 omnia
842 164 110 47 sunt
911 164 193 47 existentia
1062 164 165 47 insimul,
1187 164 69 47 &
1200 164 83 47 quod

759 206 203 37 contrarium
919 206 160 37 existit
1035 206 87 37 in
1079 206 203 37 contrario.
1238 206 73 37 &

754 244 85 38 si
796 244 113 38 non,
867 244 99 38 non
923 244 169 38 haberent
1050 244 212 38 intellectum
1205 244 71 38 ver

761 284 77 50 ba
800 284 193 50 Protagorae,
954 284 154 50 dicentis
1070 284 103 50 quod
1134 284 116 50 omne,
1199 284 77 50 quod

750 322 195 41 existimat
900 322 135 41 homo,
990 322 105 41 est
1050 322 150 41 verum.
1140 322 135 41 existit

748 358 144 56 matio
844 358 128 56 enim
924 358 176 56 hominis
1052 358 192 56 sequitur
1180 358 96 56 ens,

758 401 102 41 ens
817 401 131 41 autem
904 401 102 41 non
963 401 175 41 sequitur
1079 401 190 41 existimatio

761 444 98 41 nem,
822 444 73 41 si
859 444 110 41 entia
932 444 86 41 non
981 444 147 41 haberent
1091 444 98 41 esse
1153 444 73 41 in
1177 444 98 41 anima,

763 478 104 37 D.d.
828 478 78 37 Et
867 478 104 37 isti
932 478 156 37 videntur
1049 478 143 37 dicere,
1153 478 91 37 &c.
1205 478 78 37 i.
1231 478 39 37 &

763 517 159 37 Anaxa.
874 517 79 37 &
906 517 190 37 dicentes
1049 517 127 37 suum
1112 517 159 37 sermonem

749 557 175 37 laborant
880 557 87 37 in
924 557 160 37 dicendo
1040 557 87 37 de
1084 557 160 37 entibus
1186 557 87 37 ser-

751 597 140 49 monem
845 597 264 49 determinatum,
1062 597 78 49 &
1093 597 155 49 dicunt
1186 597 93 49 quod

748 634 110 42 non
811 634 157 42 habent
921 634 204 42 terminum,
1079 634 79 42 &
1094 634 189 42 existimant

762 673 152 41 dicere
868 673 167 41 aliquod
990 673 228 41 terminatum,
1173 673 76 41 &
1188 673 91 41 ali-

761 715 102 39 quod
825 715 102 39 ens,
888 715 64 39 &
914 715 102 39 quod
977 715 127 39 dicunt
1067 715 89 39 non
1117 715 114 39 habet
1181 715 89 39 termi

761 749 102 51 num,
825 749 128 51 neque:
914 749 89 51 est
966 749 102 51 ens.
1029 749 77 51 Et
1068 749 115 51 dixit
1144 749 102 51 hoc,
1195 749 77 51 quod

762 787 147 47 nomnia,
868 787 107 47 quae
935 787 107 47 sunt
1002 787 187 47 contraria,
1149 787 93 47 non
1189 787 93 47 sunt,

760 836 190 43 existentia
909 836 149 43 insimul
1018 836 122 43 actu,
1099 836 95 43 sed
1140 836 135 43 potentia

761 868 71 49 &
789 868 114 49 quod
860 868 100 49 non
917 868 100 49 est
974 868 114 49 actu
1045 868 100 49 est
1102 868 100 49 non
1159 868 114 49 ens.
1230 868 71 49 &

763 907 110 39 ideo
832 907 124 39 dixit
914 907 124 39 quod,
997 907 96 39 cum
1051 907 178 39 voluerunt
1175 907 96 39 termi

761 949 118 37 nare
835 949 103 37 ens
894 949 103 37 per
952 949 118 37 quod
1026 949 118 37 est,
1085 949 191 37 determinaue

760 989 114 47 runt
831 989 128 47 ipsum
917 989 100 47 per
974 989 114 47 quod
1045 989 100 47 non
1102 989 114 47 est.
1159 989 114 47 tormi-

765 1022 97 52 nus
821 1022 111 52 enim
890 1022 97 52 non
945 1022 97 52 est
1000 1022 111 52 nisi
1070 1022 125 52 eius,
1153 1022 111 52 quod
1208 1022 69 52 est

759 1063 90 44 in
804 1063 135 44 actu.
894 1063 90 44 Et
939 1063 105 44 cum
999 1063 120 44 isti
1060 1063 225 44 terminauerunt

758 1102 124 45 entia
841 1102 110 45 quod
910 1102 110 45 sunt
979 1102 166 45 insimul,
1103 1102 69 45 &
1131 1102 110 45 sunt
1186 1102 97 45 simul

760 1148 167 44 potentia:
889 1148 64 44 &
914 1148 154 44 potentia
1030 1148 90 44 est
1081 1148 116 44 eius,
1158 1148 103 44 quid
1210 1148 64 44 non

763 1180 105 51 est:
829 1180 105 51 ergo
894 1180 105 51 illi
960 1180 223 51 terminauerunt
1144 1180 118 51 entia
1209 1180 66 51 per

762 1220 108 44 quod
830 1220 95 44 non
884 1220 108 44 est,
952 1220 203 44 existimando
1115 1220 135 44 illud,
1196 1220 81 44 quod

759 1264 197 34 terminabant
917 1264 118 34 illa,
996 1264 92 34 per
1048 1264 105 34 quod
1114 1264 105 34 est.
1180 1264 79 34 Et
1206 1264 66 34 ins

760 1299 79 39 d.
799 1299 119 39 post:
879 1299 106 39 quod
945 1299 106 39 enim
1011 1299 92 39 est
1064 1299 159 39 poettia,
1183 1299 92 39 &c.
1222 1299 53 39 i.

761 1333 101 54 quod
825 1333 101 54 ipsi
888 1333 177 54 quaerebant
1027 1333 164 54 terminare
1153 1333 101 54 ens,
1203 1333 76 54 quod

767 1373 100 45 est
824 1373 86 45 in
867 1373 129 45 actu,
952 1373 71 45 &
981 1373 243 45 terminauerunt
1167 1373 114 45 illud,

764 1412 105 43 quod
830 1412 92 43 est
882 1412 79 43 in
922 1412 171 43 potentia,
1053 1412 197 43 existimando
1198 1412 79 43 ter-

766 1453 135 37 minare
860 1453 94 37 ens
914 1453 108 37 quod
981 1453 94 37 est
1035 1453 81 37 in
1076 1453 121 37 actu.
1157 1453 81 37 D.
1184 1453 94 37 incoe

764 1489 81 50 pit
811 1489 116 50 dicere
892 1489 127 50 quomodo
984 1489 151 50 contingit
1100 1489 81 50 eis
1147 1489 116 50 dicere
1216 1489 58 50 sei

768 1528 99 42 monem
834 1528 88 42 Anax
889 1528 131 42 scilicet
987 1528 88 42 quod
1042 1528 99 42 omnia
1108 1528 88 42 sunt
1162 1528 99 42 idem,
1228 1528 55 42 &
1239 1528 44 42 d.

765 1565 161 52 Quaeramus
889 1565 124 52 igitur
975 1565 74 52 ab
1012 1565 99 52 eis,
1074 1565 87 52 &c.
1124 1565 74 52 i.
1149 1565 136 52 quaeramus

760 1605 130 52 igitur
851 1605 65 52 a
877 1605 221 52 Protagoricis,
1058 1605 117 52 vtrum
1123 1605 156 52 affirmatio

764 1645 65 57 &
790 1645 142 57 negatio
893 1645 207 57 congregentur
1061 1645 78 57 in
1100 1645 168 57 quolibet,
1216 1645 65 57 aut

764 1685 64 37 in
796 1685 149 37 quibusdam.
913 1685 138 37 concedent
1019 1685 85 37 enim
1073 1685 159 37 impossibile
1200 1685 85 37 esse
1243 1685 43 37 vt

763 1723 196 50 affirmatio
917 1723 70 50 &
945 1723 154 50 negatio
1057 1723 224 50 congregentur
1225 1723 56 50 in

768 1759 150 48 quolibet,
884 1759 81 48 cum
930 1759 127 48 quaedam
1023 1759 92 48 sunt
1081 1759 69 48 in
1115 1759 116 48 quibus
1185 1759 92 48 nullus

762 1797 183 46 existimat
903 1797 281 46 existimationibus
1127 1797 155 46 diuersis,
