1475 2066
202 149 85 45 Et
244 149 99 45 hoc
301 149 197 45 intendebat
455 149 99 45 cum
512 149 141 45 dixit:
610 149 99 45 sed
653 149 70 45 aft

214 193 156 41 firmatiua
334 193 144 41 dicitur,
442 193 84 41 &c.
491 193 72 41 i.
527 193 60 41 &
551 193 96 41 ipsi
599 193 132 41 concedunt

216 230 89 45 hoc
267 230 77 45 in
306 230 166 45 essentiis
433 230 166 45 diuersis,
561 230 64 45 &
587 230 89 45 non
625 230 102 45 deter-

207 277 149 37 minant
311 277 119 37 hoc,
385 277 119 37 nisi
460 277 89 37 in
504 277 134 37 eadem
578 277 149 37 essentia

238 310 75 49 D.
275 310 150 49 incoepit
387 310 175 49 notificare
524 310 137 49 quomodo
612 310 112 49 contin-

206 349 96 51 git
261 349 96 51 eis
316 349 82 51 vt
357 349 123 51 omnia
439 349 109 51 sint
507 349 123 51 idem,
589 349 68 51 &
617 349 82 51 d.
658 349 82 51 v.
685 349 41 51 g

214 389 89 49 quod,
273 389 59 49 si
303 389 109 49 dicere,
382 389 69 49 &c.
422 389 59 49 i.
451 389 109 49 quoniam
530 389 69 49 qui
570 389 89 49 ponit
629 389 79 49 quod
669 389 59 49 homo

206 429 89 43 mo
251 429 74 43 &
280 429 104 43 non
340 429 119 43 homo
414 429 104 43 est
474 429 149 43 verum,
577 429 134 43 ponit
652 429 74 43 quo

212 461 97 53 homo
272 461 85 53 non
321 461 85 53 est
369 461 109 53 nauis
442 461 145 53 scilicet
551 461 97 53 quod
611 461 85 53 est
647 461 85 53 verum

212 500 128 52 etiam,
302 500 115 52 sicut
378 500 102 52 isti
442 500 153 52 faciunt.
557 500 102 52 D.d.
620 500 115 52 quam,
684 500 51 52 si

212 540 203 39 affirmatiua
375 540 149 39 fuerit,
483 540 95 39 &c.
537 540 81 39 i.
577 540 68 39 &
604 540 95 39 cum
645 540 81 39 ist:

207 581 233 40 concesserint,
399 581 110 40 quod
468 581 206 40 assirmatiua
633 581 69 40 &
647 581 82 40 nega

208 618 120 40 tiua
283 618 239 40 conoregantur
477 618 90 40 in
522 618 149 40 eodem,
611 618 120 40 contin

207 648 92 60 git
259 648 105 60 quod
325 648 210 60 affirmatiua,
496 648 92 60 cum
548 648 92 60 non
601 648 131 60 fuerit
679 648 53 60 in

214 695 153 51 aliquo,
325 695 153 51 dignius
436 695 97 51 est
492 695 83 51 vt
534 695 167 51 negatiua
659 695 97 51 non

214 732 81 53 sit
261 732 69 53 in
295 732 81 53 eo.
342 732 69 53 v.
377 732 69 53 g.
411 732 104 53 quod,
481 732 69 53 si
516 732 116 53 fuerit
597 732 104 53 verum
655 732 69 53 dice

216 773 73 45 re
252 773 73 45 de
289 773 121 45 homine
374 773 97 45 quod
434 773 85 45 non
483 773 85 45 est
532 773 109 45 homo,
605 773 73 45 si
629 773 97 45 fuerit

212 809 130 49 falsum
303 809 78 49 de
342 809 78 49 eo
381 809 130 49 dicere
473 809 104 49 quod
538 809 91 49 est
590 809 130 49 nauis,
668 809 52 49 di

215 845 119 54 gnius
294 845 92 54 est
347 845 79 54 vt
386 845 119 54 verum
465 845 145 54 dicatur
571 845 79 54 de
610 845 92 54 eo,
650 845 79 54 quod

210 885 94 45 est
263 885 94 45 non
317 885 134 45 nauis.
410 885 107 45 D.d.
477 885 80 45 si
517 885 134 45 igitur
611 885 107 45 illa
664 885 67 45 fue

213 932 102 44 rit,
277 932 90 44 &c.
328 932 77 44 i.
367 932 77 44 si
405 932 128 44 igitur
495 932 128 44 fuerit
584 932 115 44 verum
648 932 77 44 dice

213 965 82 46 re
254 965 82 46 de
295 965 150 46 homine,
405 965 109 46 quod
473 965 96 46 est
528 965 96 46 non
582 965 123 46 homo,
651 965 68 46 di-

206 1011 122 40 gnius
288 1011 95 40 est
342 1011 81 40 vt
383 1011 149 40 dicatur
491 1011 122 40 verum
573 1011 81 40 de
613 1011 95 40 eo,
654 1011 68 40 quo

212 1040 102 43 est
271 1040 102 43 non
329 1040 145 43 nauis.
430 1040 145 43 dicere
532 1040 116 43 enim
605 1040 102 43 non
648 1040 73 43 ho-

210 1078 92 51 mo
256 1078 77 51 &
286 1078 107 51 non
347 1078 138 51 nauis
439 1078 122 51 sunt
516 1078 122 51 duae
577 1078 153 51 negatio-

215 1116 103 47 nes
274 1116 177 47 hominis.
407 1116 103 47 cum
466 1116 147 47 ioitur
569 1116 103 47 vna
613 1116 118 47 negati

218 1146 87 49 ua
262 1146 145 49 fuerit
364 1146 116 49 vera
436 1146 102 49 cum
495 1146 102 49 hoc
553 1146 116 49 quod
625 1146 102 49 est
669 1146 58 49 ho

209 1203 76 42 mo
247 1203 152 42 scilicet
362 1203 89 42 cum
413 1203 165 42 affirmat,
540 1203 140 42 dignius
641 1203 89 42 est
679 1203 51 42 vt

208 1234 92 48 est
260 1234 105 48 alia
326 1234 158 48 negatiua
444 1234 92 48 sit
497 1234 118 48 etiam
575 1234 118 48 vera:
654 1234 66 48 &
667 1234 66 48 est

215 1269 101 46 quod
278 1269 88 46 non
329 1269 88 46 est
379 1269 114 46 nauis
455 1269 88 46 cum
506 1269 164 46 falsitate
619 1269 101 46 affir-

217 1307 174 53 matiuae,
347 1307 116 53 quod
420 1307 102 53 est
478 1307 145 53 nauis.
579 1307 116 53 D.d.
652 1307 73 53 &
666 1307 58 53 si

215 1349 91 37 ista
272 1349 126 37 fuerit,
363 1349 91 37 erit
420 1349 103 37 etiam
488 1349 183 37 affirmatiua.
637 1349 68 37 i.
671 1349 57 37 &
682 1349 46 37 si

219 1385 113 42 verum
295 1385 138 42 dicatur
395 1385 75 42 de
433 1385 126 42 homine
521 1385 101 42 quod
584 1385 88 42 non
634 1385 88 42 est
672 1385 50 42 na

218 1422 98 52 uis,
279 1422 61 52 &
303 1422 98 52 apud
364 1422 85 52 eos
413 1422 110 52 verum
486 1422 134 52 dicitur
584 1422 98 52 estm
645 1422 73 52 de
669 1422 49 52 na

211 1468 77 38 ue
250 1468 103 38 quod
314 1468 90 38 non
366 1468 90 38 est
417 1468 129 38 nauis,
508 1468 168 38 continget
637 1468 77 38 vt
663 1468 64 38 ve-

212 1508 96 38 rum
267 1508 150 38 dicatur
376 1508 82 38 de
417 1508 136 38 homine
513 1508 109 38 quod
581 1508 96 38 est
622 1508 109 38 nauis,

216 1540 123 39 sicut
298 1540 109 39 homo
366 1540 95 39 non
421 1540 95 39 est
475 1540 136 39 nauis:
571 1540 68 39 &
598 1540 109 39 quod
666 1540 95 39 non

209 1578 103 53 est
268 1578 133 53 nauis
357 1578 103 53 est
416 1578 147 53 nauis:
519 1578 118 53 ergo
592 1578 118 53 homo
651 1578 74 53 est

214 1617 139 55 nauis.
311 1617 180 55 contingit
450 1617 139 55 igitur
547 1617 83 55 ex
588 1617 97 55 hoc
644 1617 83 55 vt
672 1617 55 55 ho

217 1655 84 43 mo
259 1655 98 43 sit
315 1655 141 43 nauis,
414 1655 70 43 &
442 1655 98 43 non
498 1655 141 43 nauis,
596 1655 127 43 sicut
667 1655 56 43 di

208 1700 108 38 cunt,
280 1700 96 38 quod
340 1700 96 38 vere
400 1700 132 38 dicitur
497 1700 72 38 de
533 1700 72 38 eo
569 1700 96 38 quod
629 1700 84 38 est
665 1700 60 38 ho-

207 1739 118 32 mo,
275 1739 84 32 &
308 1739 118 32 non
376 1739 135 32 homo
460 1739 202 32 insimul.
595 1739 135 32 Deinde

219 1773 86 37 d.
262 1773 100 37 Hoc
319 1773 114 37 enim
390 1773 157 37 accidit
504 1773 200 37 dicentibus
647 1773 86 37 hunc

205 1813 196 54 sermonem.
356 1813 90 54 i.
401 1813 105 54 hoc
461 1813 120 54 enim
536 1813 196 54 contingit
672 1813 60 54 di

743 156 185 46 centibus
882 156 108 46 hoc
943 156 93 46 in
990 156 170 46 omnibus
1113 156 154 46 rebus,
1206 156 77 46 vn-

748 195 88 39 de
792 195 133 39 omnia
881 195 133 39 erunt
969 195 118 39 idem
1043 195 177 39 secundum
1161 195 88 39 hoc.

748 234 145 49 Deinde
850 234 174 49 incoepit
981 234 145 49 dicere
1082 234 131 49 aliud
1155 234 116 49 impos-

751 270 129 44 sibile,
845 270 59 44 &
869 270 71 44 d.
904 270 59 44 &
928 270 141 44 accidit,
1034 270 71 44 vt
1069 270 129 44 dicant,
1163 270 94 44 quod
1210 270 59 44 non

749 308 97 53 est
805 308 152 53 necesse
915 308 83 53 vt
957 308 208 53 affirmatiua
1123 308 69 53 &
1137 308 125 53 negati-

748 356 89 30 ua
793 356 119 30 vere
867 356 179 30 dicantur
1001 356 164 30 insimul
1120 356 89 30 de
1150 356 119 30 quoli-

745 384 111 51 bet,
815 384 97 51 sed
870 384 111 51 vere
940 384 153 51 dicitur
1051 384 83 51 de
1092 384 181 51 aliquibus
1217 384 56 51 re

747 425 99 52 bus
803 425 155 52 aliqua,
916 425 113 52 quae
987 425 99 52 non
1043 425 99 52 est
1086 425 183 52 affirmatiua

746 468 130 39 neque
832 468 187 39 negatiua:
976 468 173 39 vtraque:
1106 468 115 39 enim
1163 468 101 39 habet

746 503 236 43 contradictoriam.
947 503 141 43 scilicet
1053 503 83 43 non
1088 503 177 43 affirmatiuam,

748 540 80 50 &
780 540 113 50 non
844 540 225 50 negatiuam.
1022 540 80 50 &
1054 540 113 50 hoc
1102 540 161 50 intende-

744 577 94 42 bat,
803 577 82 42 cum
850 577 70 42 od
885 577 105 42 quam,
955 577 70 42 si
990 577 117 42 fuerit
1072 577 117 42 verum,
1155 577 94 42 quod
1201 577 59 42 ho-

749 616 95 51 mo,
804 616 68 51 &
831 616 95 51 non
885 616 122 51 homo,
967 616 95 51 &c.
1021 616 109 51 D.d.
1089 616 81 51 si
1129 616 136 51 igitur
1211 616 54 51 il

748 657 74 41 la
785 657 136 41 fuerint
884 657 99 41 vna,
945 657 87 41 &c.
995 657 74 41 i.
1032 657 111 41 quam,
1106 657 74 41 si
1131 657 136 41 oppositio

750 693 132 53 inter
838 693 234 53 affirmatiuam
1029 693 73 53 &
1058 693 190 53 negatiuam
1190 693 73 53 fue

745 733 94 49 rit
798 733 121 49 inter
879 733 107 49 duo,
946 733 107 49 tunc
1013 733 174 49 oppositio
1147 733 81 49 de
1174 733 94 49 istis

749 773 87 37 erit
804 773 98 37 etiam
869 773 98 37 inter
935 773 120 37 quatuor
1022 773 131 37 scilicet
1121 773 120 37 quoniam
1208 773 77 37 non

747 810 246 52 affirmatiua,
946 810 77 52 &
977 810 108 52 non
1039 810 184 52 negatiua
1161 810 108 52 oppo-

747 848 137 51 nuntur
843 848 219 51 affirmatiuae
1021 848 68 51 &
1035 848 164 51 negatiuae.

765 887 112 51 ltem
835 887 98 51 aut
891 887 84 51 in
933 887 154 51 omnibus
1045 887 98 51 ita
1101 887 84 51 se
1143 887 140 51 habet,
1227 887 42 51 &

740 929 119 50 est
808 929 171 50 album,
928 929 85 50 &
962 929 119 50 ens
1030 929 85 50 &
1064 929 119 50 non
1132 929 137 50 ens,
1218 929 85 50 &

740 973 138 45 circa
832 973 184 45 caeteras
970 973 261 45 affirmationes
1184 973 77 45 &
1200 973 61 45 ne

746 1012 192 51 gationes
890 1012 160 51 simili
1002 1012 144 51 modo,
1097 1012 112 51 aut
1161 1012 128 51 non,

745 1054 104 44 sed
804 1054 133 44 circa
893 1054 178 44 aliquas,
1026 1054 133 44 circa
1115 1054 118 44 vero
1174 1054 89 44 ali-

745 1095 132 44 quas
827 1095 115 44 non
893 1095 99 44 Et
942 1095 99 44 si
992 1095 115 44 non
1057 1095 148 44 circa
1140 1095 115 44 omnes

743 1122 131 69 istae
831 1122 146 69 vtique
933 1122 146 69 certae
1035 1122 160 69 essent.
1151 1122 117 69 Quod
1210 1122 58 69 si

751 1181 127 51 circa
836 1181 141 51 omnes,
934 1181 155 51 rursus,
1047 1181 99 51 aut
1104 1181 85 51 de
1132 1181 127 51 quibus-

741 1221 152 53 cunque
847 1221 106 53 est
908 1221 213 53 affirmare,
1075 1221 137 53 etiam
1151 1221 106 53 nega-

745 1263 91 52 re
790 1263 122 52 est:
867 1263 76 52 &
897 1263 91 52 de
943 1263 244 52 quibuscunque
1141 1263 152 52 negare

742 1301 127 54 etiam
827 1301 198 54 affirmare:
982 1301 99 54 aut
1039 1301 85 54 de
1081 1301 141 54 quibus
1166 1301 85 54 qui-

748 1349 99 55 dem
804 1349 99 55 est
861 1349 197 55 affirmare,
1016 1349 127 55 etiam
1100 1349 141 55 negare
1185 1349 70 55 est

744 1391 93 52 de
791 1391 249 52 quibuscumque
993 1391 125 52 vero
1071 1391 171 52 negare,
1180 1391 78 52 non

749 1429 97 45 de
797 1429 178 45 omnibus
927 1429 113 45 est
991 1429 226 45 affirmare.
1169 1429 81 45 &
1185 1429 81 45 si-

741 1477 116 37 ita,
814 1477 131 37 esset
901 1477 160 37 aliquid
1017 1477 145 37 vtique
1119 1477 102 37 pro
1162 1477 102 37 certo

741 1517 105 46 non
801 1517 120 46 ens,
876 1517 75 46 &
905 1517 120 46 haec
980 1517 134 46 firma
1070 1517 164 46 opinio,
1174 1517 90 46 quod

746 1557 91 45 si
791 1557 137 45 ipsum
882 1557 106 45 non
943 1557 137 45 esse,
1034 1557 152 45 certum
1141 1557 137 45 quid,
1216 1557 46 45 &

745 1598 147 45 notum
843 1598 131 45 est,
925 1598 164 45 notior
1040 1598 131 45 erit
1105 1598 164 45 opposita

739 1637 254 51 affirmatio.
942 1637 135 51 Quod
1027 1637 102 51 si
1061 1637 203 51 quodcunque

744 1681 104 53 est
803 1681 163 53 negare,
922 1681 193 53 similiter
1070 1681 133 53 etiam
1144 1681 119 53 affir-

749 1724 128 54 mare
829 1724 176 54 necesse
957 1724 128 54 sit,
1037 1724 112 54 aut
1101 1724 144 54 verum
1181 1724 80 54 est

745 1771 207 39 diuidendo
904 1771 175 39 dicere,
1031 1771 95 39 vt
1079 1771 127 39 puta
1143 1771 111 39 album

741 1811 77 41 &
771 1811 155 41 rursus
880 1811 124 41 quid
957 1811 108 41 non
1019 1811 155 41 album,
1127 1811 108 41 aut
1173 1811 93 41 non.
