1475 2066
184 156 109 50 D.d.
253 156 96 50 Et,
307 156 82 50 si
348 156 123 50 omnia
430 156 82 50 in
471 156 137 50 maiori
567 156 137 50 parte,
649 156 68 50 &c.

194 198 131 44 idest,
286 198 79 44 &,
325 198 79 44 si
364 198 144 44 aliquis
469 198 223 44 existimauerit
639 198 66 44 qui

191 231 125 43 omnes
274 231 180 43 opiniones
413 231 152 43 hominis
524 231 111 43 sunt
579 231 125 43 existit

190 276 182 38 mationes,
330 276 126 38 tamen
414 276 252 38 existimationes
609 276 98 38 diuer

195 316 126 50 santur
284 316 151 50 secundum
397 316 113 50 magis
472 316 63 50 &
498 316 113 50 minus
573 316 76 50 in
611 316 88 50 rei
649 316 50 50 ve

195 352 143 55 ritate,
299 352 65 55 &
325 352 104 55 quod
390 352 117 55 magis
468 352 65 55 &
494 352 117 55 minus
572 352 104 55 sunt
637 352 78 55 de
663 352 52 55 na

192 396 102 50 tura
256 396 127 50 entis:
345 396 89 50 est
396 396 127 50 igitur
484 396 152 50 aliquid,
599 396 102 50 quod
650 396 64 50 est

192 430 141 42 verum
286 430 94 42 in
334 430 110 42 se.
396 430 126 42 D.d.
475 430 110 42 Non
537 430 126 42 enim
600 430 110 42 dixi-

197 469 122 46 mus,
273 469 122 46 quod
349 469 122 46 duo,
426 469 76 46 &
456 469 122 46 tria
532 469 122 46 sunt
593 469 107 46 numen

200 511 96 42 par,
260 511 84 42 &c.
308 511 120 42 idest,
392 511 132 42 quoniam
488 511 168 42 manifestum
620 511 84 42 est
656 511 60 42 no-

193 549 84 52 bis
241 549 96 52 quod
301 549 84 52 duo
349 549 84 52 est
397 549 96 52 par,
457 549 60 52 &
480 549 96 52 tria
540 549 120 52 impar,
624 549 60 52 &
636 549 72 52 quod

190 588 106 53 non
251 588 213 53 conueniunt
418 588 91 53 in
464 588 198 53 paritate.
616 588 76 53 &
631 588 76 53 hoc

190 624 99 54 est
246 624 85 54 de
289 624 141 54 primis
388 624 240 54 cognitionibus
572 624 141 54 necessa-

193 663 127 43 rijs.
277 663 85 43 Et
320 663 127 43 etiam
404 663 113 43 est.
475 663 197 43 nanifestum
615 663 99 43 nobis

198 701 193 46 peccatum
343 701 80 46 &
375 701 177 46 errorem
504 701 129 46 esse
568 701 145 46 maiorem

196 740 99 53 qui
253 740 128 53 aliud
338 740 185 53 peccatum.
480 740 99 53 non
537 740 114 53 enim
593 740 114 53 aequa-

189 781 134 50 liter
279 781 149 50 peccat
383 781 104 50 qui
443 781 194 50 existimat
577 781 134 50 quatuor

189 828 106 31 esse
255 828 159 31 quinque,
374 828 66 31 &
400 828 106 31 quid
466 828 172 31 existimat
585 828 119 31 quatuor

194 856 110 52 esse
263 856 138 52 mille.
359 856 110 52 D.d.
428 856 83 52 Si
469 856 138 52 igitur
566 856 124 52 error
634 856 69 52 eo-

196 892 102 47 rum,
260 892 89 47 &c.
311 892 76 47 i.
349 892 64 47 &
375 892 76 47 si
413 892 89 47 non
464 892 178 47 aequaliter
591 892 115 47 peccat.

198 938 193 47 manifestum
350 938 96 47 est
405 938 110 47 quod
474 938 124 47 minus
556 938 138 47 peccat
639 938 69 47 qui

196 973 148 51 opinatur
307 973 135 51 quatuor
405 973 99 51 esse
467 973 135 51 quinque
565 973 86 51 qua
614 973 123 51 alius.

219 1013 114 39 D.d.
290 1013 72 39 &
319 1013 129 39 maius
405 1013 100 39 est
462 1013 143 39 minus,
562 1013 114 39 tunc
619 1013 86 39 erit

192 1047 151 52 aliquid
302 1047 82 52 de
343 1047 178 52 veritate,
480 1047 96 52 cui
535 1047 96 52 est
577 1047 124 52 propin-

192 1085 108 50 quum
260 1085 122 50 verum
341 1085 135 50 maius.
436 1085 81 50 i.
476 1085 68 50 &
503 1085 81 50 si
544 1085 95 50 est
584 1085 122 50 aliquio

192 1131 150 47 minoris
302 1131 164 47 peccati,
424 1131 109 47 tunc
493 1131 109 47 erit
561 1131 150 47 aliquid
656 1131 55 47 ma

193 1165 125 51 ioris
276 1165 180 51 veritatis
415 1165 69 51 &
442 1165 152 51 minoris
553 1165 166 51 peccati.
664 1165 42 51 &

194 1205 95 42 sic
249 1205 149 42 necesse
357 1205 95 42 est
411 1205 81 42 vt
451 1205 95 42 sit
505 1205 149 42 aliquid
600 1205 108 42 verum,

193 1253 95 37 cui
248 1253 244 37 appropinquatur
451 1253 136 37 illud,
546 1253 109 37 quod
614 1253 95 37 est
655 1253 54 37 ma

191 1280 122 42 ioris
273 1280 190 42 veritatis,
422 1280 68 42 &
449 1280 149 42 minoris
544 1280 163 42 falsitatis

195 1316 69 54 Et
229 1316 80 54 hoc
275 1316 126 54 necesse
366 1316 91 54 est.
423 1316 137 54 quoniam,
526 1316 69 54 si
560 1316 126 54 aliquid
640 1316 69 54 fue-

189 1358 92 43 rit
241 1358 144 43 maioris
346 1358 170 43 veritatis
477 1358 92 43 qua
530 1358 131 43 aliud,
621 1358 66 43 &
634 1358 66 43 mi-

193 1402 115 41 noris
270 1402 192 41 falsitatis,
424 1402 64 41 &
450 1402 141 41 necesse
552 1402 90 41 est
591 1402 115 41 aliquid

196 1436 101 49 esse
260 1436 114 49 verum
335 1436 202 49 simpliciter.
500 1436 101 49 D.d.
563 1436 88 49 Et,
614 1436 76 49 si
639 1436 63 49 hoc

202 1468 88 46 non
253 1468 139 46 fuerit,
354 1468 101 46 erit
417 1468 152 46 firmius,
531 1468 114 46 sicut
594 1468 114 46 inuenit

193 1515 77 47 in
232 1515 179 47 scriptura.
372 1515 64 47 &
398 1515 89 47 sic
449 1515 179 47 exponitur,
589 1515 64 47 &
615 1515 77 47 si
640 1515 64 47 non

199 1551 131 43 fuerit
291 1551 92 43 hoc
343 1551 118 43 verum
422 1551 210 43 simpliciter,
592 1551 79 43 in
618 1551 92 43 cuius

192 1589 149 56 respectu
304 1589 137 56 dicitur
403 1589 124 56 illud,
490 1589 100 56 quod
552 1589 87 56 est
602 1589 112 56 magis
664 1589 50 56 ve

188 1636 116 43 rum,
261 1636 160 43 necesse
378 1636 102 43 est
436 1636 160 43 aliquod
552 1636 131 43 verum
625 1636 87 43 esse

195 1668 118 54 magis
274 1668 131 54 verum,
366 1668 92 54 qua
418 1668 131 54 illud,
510 1668 79 54 in
549 1668 118 54 cuius
615 1668 92 54 respe

194 1708 100 53 ctu
251 1708 157 53 dicitur
365 1708 129 53 magis
451 1708 143 53 verum.
552 1708 72 53 &
580 1708 100 53 hoc
623 1708 86 53 pro-

194 1757 154 29 cederet
306 1757 84 29 in
348 1757 196 29 infinitum:
502 1757 98 29 aut
544 1757 168 29 perueniret

195 1797 75 34 ad
233 1797 138 34 aliquod
334 1797 113 34 verum
409 1797 201 34 simpliciter,
572 1797 126 34 idest,
647 1797 63 34 aut

184 1824 239 51 quiescemus
372 1824 103 51 ab
423 1824 120 51 hoc
492 1824 205 51 sermone,
629 1824 86 51 &c.

735 155 139 39 idest,
833 155 70 39 &
860 155 97 39 cum
916 155 195 39 declaratum
1069 155 97 39 est
1125 155 111 39 esse
1180 155 70 39 ali

732 197 116 40 quod
805 197 131 40 verum
893 197 233 40 simpliciter,
1082 197 116 40 tunc
1140 197 102 40 quie-

726 230 165 44 scemus
841 230 82 44 a
874 230 198 44 sermone,
1022 230 99 44 ex
1072 230 115 44 quo
1121 230 132 44 nullum

728 271 145 52 scitum
829 271 217 52 terminatur,
1002 271 72 52 &
1031 271 159 52 impedit
1147 271 87 52 vt
1176 271 72 52 ali

731 310 129 52 quid
812 310 161 52 habeat
908 310 178 52 terminum.

749 368 138 43 Contra
846 368 207 43 Protagoram,
1012 368 194 43 asserentem
1150 368 83 43 omne

770 406 103 52 quod
834 406 167 52 opinamur,
963 406 64 52 &
989 406 116 52 nobis
1066 406 154 52 apparet,

850 449 131 45 verum
938 449 131 45 esse.
1025 449 116 45 Cap.
1083 449 44 45 2

725 485 212 45 MVeadem
879 485 154 45 vero
975 485 231 45 opinione
1129 485 115 45 Pro-

765 524 182 55 Atagorae
901 524 166 55 quoqued
1022 524 151 55 oratio
1128 524 121 55 est.
1204 524 76 55 &

728 570 81 41 E.
769 570 190 41 Asimiliter
918 570 95 41 est
973 570 149 41 necesse
1081 570 122 41 ipsas
1149 570 95 41 ambas

730 609 91 50 aut
782 609 117 50 esse,
860 609 91 50 aut
912 609 91 50 non
964 609 117 50 esse.
1041 609 78 50 Si
1080 609 104 50 enim
1145 609 130 50 omnia,

728 652 89 46 de
773 652 149 46 quibus
877 652 209 46 opinantur,
1041 652 164 46 quaeque
1146 652 104 46 appa-

723 693 109 37 rent
792 693 109 37 vera
860 693 123 37 sint,
942 693 150 37 necesse
1051 693 96 37 est
1106 693 123 37 omnia
1174 693 68 37 si-

731 722 100 65 mul
788 722 114 65 vera
859 722 71 65 &
887 722 128 65 falsa
973 722 128 65 esse.
1058 722 171 65 siquidem
1172 722 71 65 mul

718 782 90 43 ti
763 782 195 43 contraria
913 782 165 43 inuicem
1034 782 210 43 opinantur,
1184 782 60 43 ac

723 828 119 37 eos:
797 828 104 37 qui
857 828 104 37 non
916 828 193 37 opinantur
1064 828 148 37 eadem,
1153 828 89 37 quae

728 855 132 64 ipsi,
816 855 146 64 metiri
918 855 161 64 putant.
1035 855 132 64 quare
1108 855 132 64 necesse

726 900 84 54 est
774 900 96 54 idem
834 900 96 54 esse
893 900 60 54 &
917 900 84 54 non
965 900 108 54 esse,
1037 900 96 54 quod
1097 900 72 54 si
1132 900 96 54 est,
1180 900 60 54 ne-

730 941 121 53 cesse
810 941 94 53 est
864 941 134 53 omnia,
957 941 80 53 de
998 941 134 53 quibus
1078 941 161 53 opinantur,

730 982 116 53 vera
802 982 130 53 esse.
889 982 174 53 opposita
1019 982 145 53 namque
1106 982 130 53 opinan-

722 1036 120 47 tur
790 1036 120 47 qui
859 1036 240 47 mentiuntu,
1047 1036 86 47 &
1082 1036 120 47 qui
1133 1036 120 47 verum

729 1068 141 46 dicunt.
832 1068 77 46 si
870 1068 128 46 igitur
960 1068 90 46 ea,
1011 1068 103 46 quae
1075 1068 115 46 sunt,
1152 1068 90 46 ita
1191 1068 51 46 se

719 1109 175 45 habent,
846 1109 143 45 verum
942 1109 143 45 omnes
1037 1109 175 45 dicunt.
1149 1109 95 45 Quod

715 1151 168 43 itaque
833 1151 151 43 ambae
934 1151 218 43 orationes
1102 1151 101 43 ex
1135 1151 118 43 eadem

720 1191 141 55 mente
814 1191 141 55 sint,
908 1191 156 55 patet.
1017 1191 109 55 Non
1080 1191 109 55 est
1143 1191 141 55 autem

721 1237 141 44 idem
809 1237 159 44 omnes
915 1237 264 44 conueniendi
1109 1237 141 44 modus.

728 1276 161 55 Quidam
841 1276 129 55 enim
921 1276 258 55 persuasione,
1115 1276 129 55 quidam

729 1320 148 42 vero
821 1320 111 42 vi
876 1320 240 42 indigent.
1042 1320 203 42 Quicunque

729 1362 155 57 nanque,
842 1362 183 57 propterea
983 1362 113 57 quod
1053 1362 183 57 dubitent:
1180 1362 71 57 ita

725 1408 262 35 existimarunt,
940 1408 139 35 horum
1032 1408 216 35 ignorantia
1186 1408 62 35 sa

725 1445 163 45 nabilis
844 1445 118 45 est.
918 1445 104 45 non
977 1445 118 45 enim
1051 1445 89 45 ad
1080 1445 163 45 sermonem,

721 1487 109 43 sed
784 1487 93 43 ad
830 1487 156 43 mentem
939 1487 140 43 eorum
1033 1487 187 43 obuiatio
1158 1487 93 43 est.

725 1529 218 54 Quicunque
893 1529 134 54 vero
977 1529 202 54 sermonis
1112 1529 134 54 gratia

725 1578 202 44 dicunti,
877 1578 152 44 horum
978 1578 185 44 sanatio
1096 1578 152 44 redargu

720 1613 112 53 tio
784 1613 128 53 est,
864 1613 80 53 &
895 1613 128 53 eius
975 1613 207 53 sermonis,
1134 1613 112 53 qui
1182 1613 64 53 in

730 1654 147 54 voce,
828 1654 82 54 &
860 1654 147 54 eius,
959 1654 114 54 qui
1024 1654 98 54 in
1057 1654 196 54 nominibus.

726 1694 184 44 Aduenit
860 1694 151 44 autem
961 1694 167 44 illis,
1078 1694 117 44 qui
1128 1694 117 44 dubi-

725 1738 138 49 tant,
817 1738 123 49 haec
893 1738 153 49 opinio
1001 1738 77 49 a
1016 1738 230 49 sensibilibus,

726 1780 138 47 illa
812 1780 189 47 quidem,
949 1780 120 47 qua
1018 1780 189 47 dicitur
1139 1780 120 47 simul

725 1821 288 52 contradictoria
965 1821 80 52 &
997 1821 208 52 contraria
1141 1821 112 52 esse,
