1475 2066
203 164 247 54 videntibus
397 164 106 54 ex
450 164 159 54 eodem
538 164 194 54 contraria

218 212 122 58 fieri.
303 212 73 58 si
340 212 85 58 igi
389 212 85 58 tur
437 212 85 58 non
486 212 85 58 est
535 212 159 58 possibile
657 212 98 58 quod

220 261 97 38 non
276 261 97 38 est
331 261 139 38 fieri,
429 261 209 38 praeextitit
582 261 153 38 similiter

213 294 201 59 vtrunque
364 294 134 59 ens:
448 294 151 59 sicut
548 294 84 59 &
565 294 167 59 Anaxago-

217 348 103 39 ras
276 348 117 39 omne
349 348 88 39 in
393 348 220 39 omnimisceri
570 348 117 39 ait,
628 348 103 39 atque

208 380 263 56 Demoeritus.
419 380 176 56 etenim
542 380 123 56 hic
595 380 140 56 quoque

219 428 154 46 vacuum
326 428 77 46 &
357 428 154 46 plenum
465 428 200 46 similiter
619 428 92 46 in
650 428 77 46 qua

209 462 150 44 cunque
314 462 135 44 parte
404 462 135 44 esse,
494 462 135 44 atqui
584 462 135 44 horum
659 462 75 44 hoc

219 506 149 49 quidem
323 506 119 49 ens,
398 506 104 49 hoc
457 506 119 49 vero
532 506 104 49 non
591 506 104 49 ens
636 506 104 49 esse.

268 549 87 60 Et
311 549 131 60 sermo
398 549 203 60 Protagorae
558 549 102 60 est
616 549 87 60 de
645 549 73 60 sen

210 593 174 49 monibus
337 593 158 49 eorum,
448 593 111 49 qui
511 593 190 49 opinatur
638 593 95 49 hoc,

209 649 79 60 &
241 649 189 60 coguntur
383 649 95 60 ad
430 649 189 60 dicendum
572 649 110 60 res
619 649 110 60 esse,

214 692 97 54 aut
270 692 111 54 quod
339 692 125 54 nihil
422 692 111 54 est.
492 692 153 54 Quoniam
603 692 83 54 si
631 692 97 54 omne,

211 733 266 61 existimationes
433 733 118 61 sunt
507 733 148 61 verae,
595 733 133 61 necesse

213 784 108 63 est
274 784 93 63 vt
321 784 139 63 omnia
413 784 124 63 sint
491 784 124 63 vera
568 784 77 63 &
599 784 139 63 falsa
676 784 62 63 in

209 831 153 59 simul.
316 831 137 59 multi
407 831 122 59 enim
484 831 168 59 homines
591 831 137 59 existis

212 892 123 46 mant
289 892 215 46 contrarium
458 892 154 46 eorum,
565 892 123 46 quae
627 892 92 46 exi-

211 925 173 61 stimant
337 925 141 61 alii,
431 925 79 61 &
463 925 220 61 opinantur,
636 925 126 61 quod

211 966 93 69 qui
264 966 93 69 non
317 966 159 69 opinatur
437 966 133 69 illud,
530 966 106 69 quod
596 966 120 69 islli
663 966 66 69 op-

208 1021 148 67 nantur,
315 1021 161 67 peccant,
436 1021 148 67 necesse
543 1021 94 67 est
597 1021 134 67 igitur
677 1021 54 67 vt

206 1069 111 61 idem
275 1069 97 61 sit
331 1069 69 61 &
359 1069 97 61 non
414 1069 111 61 sit.
483 1069 83 61 &,
525 1069 83 61 si
567 1069 97 61 ita
622 1069 111 61 sit,
678 1069 55 61 ne

208 1116 119 63 cesse
287 1116 93 63 est
340 1116 80 63 vt
380 1116 119 63 omnes
460 1116 239 63 existimationes
645 1116 80 63 sin-

213 1165 147 61 verae.
316 1165 176 61 errantes
449 1165 118 61 enim
522 1165 206 61 existimant
669 1165 59 61 co

206 1212 169 62 traria.
329 1212 92 62 &,
375 1212 92 62 si
421 1212 139 62 entia
513 1212 123 62 sunt
575 1212 154 62 huiusmod

209 1261 240 62 dispositionis,
408 1261 107 62 tunc
475 1261 200 62 verificatur
621 1261 107 62 omnes,

218 1308 87 63 Et
262 1308 203 63 manifestum
422 1308 116 63 est,
495 1308 116 63 quod
567 1308 116 63 isti
625 1308 102 63 sermo

213 1357 123 68 nes,
289 1357 77 68 &
320 1357 168 68 similes
442 1357 123 68 sunt
519 1357 92 68 ab
565 1357 107 68 vna
611 1357 107 68 cogni

208 1404 138 61 tione.
305 1404 83 61 Et
346 1404 96 61 ars
401 1404 83 61 in
442 1404 220 61 disputatione
621 1404 96 61 cum
662 1404 69 61 om-

216 1452 129 65 nibus
301 1452 129 65 istis
387 1452 100 65 non
444 1452 100 65 est
501 1452 114 65 vna.
573 1452 100 65 Sed
616 1452 114 65 quidam

216 1501 176 61 indigent
349 1501 250 61 sufficientia,
555 1501 74 61 &
584 1501 147 61 quidam
672 1501 59 61 vt

206 1549 178 65 cogantur
340 1549 89 65 in
384 1549 237 65 disputatione
577 1549 89 65 ad
606 1549 119 65 conce-

211 1596 173 65 dendum.
337 1596 110 65 Qui
400 1596 158 65 igitur
495 1596 236 65 existimauerit

214 1645 106 61 hoc
275 1645 167 61 propter
396 1645 258 61 difficultatem
593 1645 137 61 compre-

204 1693 218 61 hensionis
372 1693 84 61 &
405 1693 134 61 suum
489 1693 184 61 errorem
623 1693 101 61 in
657 1693 67 61 ea

206 1741 124 65 tunc
283 1741 108 65 sua
345 1741 216 65 ignorantia
515 1741 170 65 habebit
638 1741 124 65 medi

211 1792 136 59 cinam.
306 1792 190 59 disputatio
456 1792 109 59 enim
523 1792 95 59 cum
578 1792 122 59 istis
659 1792 95 59 non

210 1843 97 55 est
265 1843 97 55 per
321 1843 249 55 verificationem
528 1843 180 55 sermonis,
666 1843 97 55 sed

747 164 103 70 per
806 164 264 70 verificationem
1026 164 191 70 rationis.
1172 164 103 70 Qui
1231 164 103 70 au.
1275 164 44 70 E

748 213 116 53 tem
815 213 198 53 dixerunt
963 213 116 53 per
1013 213 264 53 verificationem

753 268 197 49 sermonis,
904 268 182 49 medicina
1041 268 136 49 eorum
1132 268 136 49 erit,
1207 268 61 49 vt

750 308 200 67 incipiamus
907 308 86 67 in
949 308 242 67 verificatione
1135 308 143 67 signifi-

751 374 173 37 cationis
881 374 145 37 vocis,
982 374 72 37 &
1011 374 173 37 nominis.
1141 374 87 37 Et
1170 374 101 37 acci-

752 410 106 60 dit
812 410 121 60 ista
888 410 227 60 existimatio
1055 410 212 60 remouentibus

751 457 85 60 se
793 457 71 60 a
822 457 240 60 sensibilibus,
1020 457 141 60 quibus
1104 457 170 60 contingit,

750 501 151 68 dicere
855 501 271 68 contradictoria
1081 501 136 68 esse,
1172 501 75 68 &
1187 501 90 68 con-

750 552 149 50 traria
854 552 119 50 esse
929 552 179 50 insimul,
1063 552 119 50 quia
1122 552 149 50 opinaban

744 605 112 45 tur
808 605 128 45 quod
888 605 208 45 contraria
1047 605 144 45 erant
1143 605 96 45 ex
1175 605 96 45 vno.

754 645 69 54 &
782 645 83 54 si
823 645 207 54 impossibile
989 645 110 54 est,
1058 645 83 54 vt
1099 645 110 54 fiat
1155 645 110 54 illud,

752 697 113 58 quod
823 697 99 58 non
879 697 113 58 est,
950 697 156 58 necesse
1064 697 99 58 est
1120 697 85 58 vt
1163 697 99 58 res
1205 697 71 58 aut

755 745 88 67 sit
806 745 151 67 communis
919 745 76 67 ex
957 745 151 67 vtroque:
1071 745 113 67 sicut
1146 745 126 67 dixcit
1234 745 88 67 Ana
1272 745 38 67 M

753 793 188 60 xagoras,
894 793 110 60 qui
957 793 141 60 dixit
1051 793 125 60 quod
1129 793 125 60 omne
1192 793 78 60 sit

751 841 196 57 admistum
898 841 114 57 cum
963 841 147 57 omni.
1061 841 82 57 &
1077 841 196 57 similiter.

750 892 143 56 dixit
845 892 238 56 Democritus,
1035 892 143 56 talem
1130 892 127 56 enim
1194 892 79 56 ser

751 939 133 56 monem
840 939 148 56 dixcit
944 939 89 56 in
988 939 148 56 parte,
1092 939 119 56 quae
1166 939 104 56 est
1211 939 59 56 ex

754 985 135 57 vacuo
844 985 75 57 &
874 985 150 57 pleno,
979 985 135 57 licet
1069 985 105 57 hoc
1129 985 105 57 sit
1174 985 90 57 ens,

746 1037 82 53 &
778 1037 115 53 hoc
844 1037 115 53 non
893 1037 98 53 ens.

785 1106 82 50 Et
826 1106 190 50 Protagoras
976 1106 95 50 est
1030 1106 163 50 illorum,
1153 1106 95 50 qui
1193 1106 82 50 opi-

748 1142 118 52 nantur
831 1142 94 52 hoc,
889 1142 141 52 scilicet
995 1142 94 52 quod
1054 1142 176 52 affirmatiua
1195 1142 59 52 &
1207 1142 71 52 nega

751 1183 104 43 tiua
816 1183 104 43 sunt
881 1183 156 43 insimul.
998 1183 65 43 &
1025 1183 117 43 omnes
1103 1183 156 43 dicentes
1207 1183 65 43 hoc

753 1221 171 43 coguntur
881 1221 86 43 ad
924 1221 171 43 dicendum
1053 1221 114 43 quod
1124 1221 100 43 res
1167 1221 100 43 sunt,

755 1268 54 47 &
777 1268 87 47 quod
831 1268 97 47 nihil
896 1268 87 47 est,
950 1268 119 47 quoniam
1037 1268 76 47 qui
1080 1268 108 47 dicit,
1156 1268 87 47 quod
1199 1268 76 47 omnis

751 1301 190 45 existimatio
904 1301 89 45 est
954 1301 114 45 vera,
1031 1301 63 45 &
1056 1301 102 45 quod
1119 1301 89 45 res
1157 1301 102 45 conse-

750 1340 170 52 quuntur
873 1340 294 52 existimationes,
1106 1340 170 52 continget

755 1379 70 53 ei
790 1379 117 53 dicere
872 1379 94 53 quod
931 1379 82 53 res
978 1379 94 53 sunt
1037 1379 105 53 verae
1107 1379 59 53 &
1130 1379 117 53 falsae
1201 1379 70 53 insi

752 1428 117 30 mul.
825 1428 146 30 Deinde
928 1428 175 30 declarat
1059 1428 117 30 hoc,
1132 1428 73 30 &
1147 1428 117 30 dixit:

751 1461 111 45 multi
825 1461 99 45 enim
886 1461 148 45 homines,
997 1461 86 45 &c.
1047 1461 74 45 i.
1084 1461 62 45 &
1109 1461 136 45 necesse
1195 1461 74 45 est,

752 1497 73 41 vt
788 1497 85 41 res
837 1497 97 41 sint
898 1497 110 41 verae
971 1497 61 41 &
995 1497 134 41 falsae,
1093 1497 73 41 si
1117 1497 146 41 consequun-

750 1535 105 54 tur
810 1535 284 54 existimationes.
1049 1535 120 54 quia
1124 1535 134 54 multi
1198 1535 75 54 ho-

749 1574 133 40 mines
838 1574 208 40 existimant
1001 1574 89 40 in
1046 1574 133 40 eodem
1120 1574 148 40 existima

745 1620 112 38 tiones
823 1620 157 38 contrarias
947 1620 135 38 scilicet
1048 1620 90 38 quod
1104 1620 90 38 vnus
1149 1620 123 38 existimat

755 1652 111 55 quod
825 1652 97 55 est
880 1652 236 55 affirmatiuum,
1075 1652 69 55 &
1102 1652 125 55 alius
1172 1652 97 55 nega-

749 1693 137 53 tiuum,
845 1693 68 53 &
872 1693 123 53 alter
954 1693 178 53 existimat
1091 1693 123 53 alium
1160 1693 109 53 pecca-

750 1734 88 50 re:
801 1734 76 50 ex
839 1734 88 50 quo
889 1734 164 50 contingit
1016 1734 101 50 quod
1079 1734 101 50 idem
1142 1734 88 50 sit
1180 1734 88 50 verum

753 1773 70 46 &
781 1773 155 46 falsum,
894 1773 112 46 quia
964 1773 211 46 consequitur
1118 1773 141 46 vtranque

745 1813 281 49 existimationem,
981 1813 207 49 quapropter
1129 1813 133 49 necesse

745 1859 85 32 est
793 1859 146 32 secundum
903 1859 97 32 hunc
963 1859 146 32 sermonem
1073 1859 73 32 vt
1109 1859 97 32 idem
1170 1859 85 32 sit
1206 1859 61 32 ens
