1475 2066
176 149 69 44 &
204 149 96 44 non
259 149 110 44 ens.
328 149 69 44 &
355 149 96 44 hoc
410 149 220 44 intelligatur
575 149 138 44 accidere

192 181 62 51 in
223 181 82 51 omni
274 181 93 51 ente,
336 181 123 51 scilicet
428 181 82 51 quod
480 181 82 51 omne
531 181 82 51 ens,
582 181 82 51 quod
623 181 93 51 aliquis

194 221 162 37 existimat
318 221 112 37 esse:
393 221 162 37 possibile
517 221 100 37 eest
579 221 75 37 vt
604 221 112 37 aliquis

198 257 179 45 existimat
336 257 124 45 ipsum
418 257 96 45 non
473 257 124 45 esse.
556 257 110 45 D.d.
625 257 83 45 &,
652 257 69 45 si-

193 296 83 50 ita
241 296 95 50 sit,
300 296 130 50 necesse
395 296 95 50 est,
454 296 83 50 &c.
502 296 71 50 i.
537 296 59 50 &
561 296 71 50 si
585 296 130 50 negatiuum

192 333 79 46 &
224 333 252 46 affirmatiuum
429 333 126 46 sunt
507 333 126 46 vera
570 333 142 46 insimul

196 381 160 30 necesse
313 381 102 30 est
371 381 87 30 vt
415 381 131 30 omnes
488 381 233 30 existimationes

191 413 110 49 sint
260 413 138 49 verae.
356 413 220 49 existimantes
535 413 110 49 enim
590 413 124 49 aliquid

199 453 110 50 esse,
272 453 61 50 &
297 453 110 50 alii,
370 453 86 50 qui
419 453 135 50 falsant
517 453 110 50 illam
578 453 135 50 existima-

192 488 170 42 tionem,
315 488 216 42 existimant
470 488 247 42 existimationes

190 537 213 35 contrarias.
360 537 113 35 D.d.
431 537 85 35 &,
473 537 85 35 si
516 537 128 35 entia
601 537 113 35 sunt
657 537 57 35 hu

196 565 85 45 ius
244 565 219 45 dispositionis,
427 565 85 45 &c.
475 565 73 45 i.
512 565 61 45 &
536 565 73 45 si
572 565 109 45 entia
633 565 73 45 con-

191 605 207 42 sequuntur
350 605 271 42 dispositiones
558 605 159 42 hominum,

191 645 173 50 contingit
324 645 80 50 vt
364 645 120 50 omnes
444 645 146 50 homines
550 645 107 50 vere
603 645 107 50 dicant

213 681 152 43 Deinde
319 681 152 43 dicit:
426 681 91 43 Et
472 681 213 43 manifestum
624 681 91 43 est,

187 719 103 43 quod
251 719 103 43 isti
316 719 167 43 sermones,
444 719 90 43 &c.
496 719 77 43 i.
534 719 64 43 &
547 719 167 43 manifestum,

193 765 111 39 quod
262 765 166 39 cognitio
387 765 69 39 &
415 765 138 39 opinio
511 765 125 39 eorum
594 765 97 39 est
636 765 83 39 vna:

186 805 102 37 sed
245 805 117 37 ars,
318 805 102 37 per
377 805 117 37 quam
450 805 205 37 remouentur
611 805 88 37 ab
640 805 73 37 hac

189 839 193 49 opinione,
337 839 104 49 non
397 839 104 49 est
456 839 119 49 vna,
530 839 148 49 quidam
619 839 89 49 enim

195 877 197 49 remouentur
350 877 85 49 ab
392 877 99 49 hac
448 877 169 49 opinione
575 877 99 49 per
617 877 85 49 ser-

187 913 135 41 mones
277 913 240 41 sufficientes
472 913 90 41 in
502 913 210 41 dissolutione

192 951 233 49 dubitationum,
384 951 137 49 quibus
480 951 151 49 accidit
590 951 96 49 eis
631 951 82 49 opi-

191 996 115 45 mo:
256 996 82 45 &
289 996 164 45 quidam
404 996 115 45 non
469 996 229 45 remouentur
633 996 82 45 per

198 1028 216 52 discolitatem.
376 1028 76 52 Et
414 1028 89 52 ars
465 1028 76 52 in
503 1028 89 52 hoc
554 1028 102 52 est,
617 1028 76 52 vt
643 1028 76 52 coga

189 1068 102 46 tur
248 1068 88 46 ad
292 1068 219 46 concedendum
467 1068 161 46 aliquod
569 1068 146 46 positum,

194 1103 166 46 quousque
318 1103 166 46 videatur
443 1103 110 46 suus
512 1103 180 46 defectus.
636 1103 83 46 iste

192 1145 101 42 enim
255 1145 88 42 non
306 1145 101 42 vult
369 1145 164 42 concedere
495 1145 88 42 per
545 1145 151 42 rationem
646 1145 63 42 in-

194 1182 196 52 trinsecam,
348 1182 196 52 quapropter
502 1182 154 52 necesse
614 1182 98 52 est
656 1182 56 52 vt

197 1221 149 53 faciant
306 1221 122 53 ipsum
387 1221 176 53 concedere
522 1221 176 53 violenter
643 1221 68 53 per

191 1260 185 54 verbera.
329 1260 123 54 D.d.
406 1260 108 54 Qui
468 1260 154 54 igitur
560 1260 154 54 existima

176 1298 124 53 uerit
259 1298 110 53 hoc,
328 1298 96 53 &c.
383 1298 83 53 i.
424 1298 96 53 qui
479 1298 138 53 igitur
562 1298 151 53 existima-

196 1341 115 49 uerit
273 1341 90 49 hoc
324 1341 141 49 propter
427 1341 205 49 dubitationem
580 1341 141 49 contingen

198 1377 89 41 tem
249 1377 76 41 ei
287 1377 76 41 ex
325 1377 178 41 debilitate
465 1377 153 41 cerebri,
580 1377 127 41 potest
656 1377 51 41 cu

192 1414 115 53 rari
263 1414 86 53 ab
307 1414 101 53 hac
364 1414 216 53 aegritudine
522 1414 187 53 dissoluende

194 1454 131 49 illam
282 1454 247 49 dubitationem.
485 1454 116 49 D.d.
543 1454 174 49 disputatio

196 1492 104 46 enim
261 1492 91 46 cum
313 1492 117 46 istis
391 1492 91 46 non
443 1492 104 46 est,
509 1492 91 46 &c.
561 1492 78 46 i.
587 1492 130 46 contradi

196 1533 104 37 ctio
261 1533 104 37 enim
326 1533 131 37 contra
418 1533 117 37 istos
496 1533 91 37 non
548 1533 104 37 erit
614 1533 91 37 per
653 1533 52 37 in

192 1571 205 39 stitutionem
356 1571 260 39 significationis
562 1571 150 39 dictionum

192 1609 69 49 &
220 1609 97 49 vti
275 1609 222 49 disputatione
456 1609 97 49 cum
512 1609 111 49 eis,
581 1609 125 49 donec
650 1609 56 49 ve

199 1652 188 47 rificantur:
350 1652 88 47 sed
400 1652 88 47 per
450 1652 226 47 verificationem
626 1652 88 47 inten

196 1686 154 47 tionis,
308 1686 84 47 in
350 1686 98 47 qua
406 1686 182 47 errauerit
531 1686 182 47 dissoluendo

191 1724 121 50 illam
271 1724 214 50 quaestionem,
445 1724 107 50 quae
512 1724 147 50 accidit
619 1724 94 50 eis
659 1724 54 50 in

194 1763 110 51 illa
263 1763 207 51 intentione.
429 1763 110 51 D.d.
497 1763 96 51 Qui
553 1763 124 51 autem
622 1763 96 51 dixit

186 1799 95 52 per
241 1799 245 52 verificationem
445 1799 177 52 sermonis,
582 1799 95 52 &c.
636 1799 82 52 i.
663 1799 55 52 So

736 147 140 44 phistae
838 147 115 44 autem
915 147 166 44 singentes
1042 147 102 44 quod
1106 147 89 44 res
1157 147 89 44 non
1195 147 64 44 fin

736 186 149 40 mantur
840 186 119 40 nisi
914 186 104 40 per
974 186 134 40 verum
1063 186 193 40 sermonem,
1211 186 74 40 &

736 222 168 50 quaerunt
862 222 70 50 a
890 222 126 50 nobis
974 222 196 50 verificare
1129 222 98 50 hoc
1171 222 84 50 prin

734 261 151 37 cipium,
844 261 96 37 non
899 261 165 37 possumus
1023 261 124 37 loqui
1105 261 96 37 cum
1160 261 96 37 eis
1201 261 55 37 in

739 296 93 53 hac
792 296 199 53 quaestione,
951 296 106 53 nisi
1017 296 119 53 prius
1083 296 172 53 verificemus

738 333 248 55 significationes
947 333 157 55 nominum.
1065 333 78 55 &,
1104 333 92 55 cum
1143 333 118 55 conces-

727 373 145 54 serint
829 373 116 54 quod
902 373 145 54 nomina
1003 373 145 54 habent
1090 373 160 54 significa

739 412 121 54 tiones
824 412 158 54 proprias,
945 412 97 54 tunc
1006 412 158 54 possibile
1127 412 97 54 erit
1175 412 85 54 dispu

735 452 107 46 tare
802 452 94 46 cum
855 452 107 46 eis.
922 452 67 46 &
949 452 94 46 hoc
1003 452 121 46 fecit
1084 452 107 46 ipse
1151 452 81 46 in
1177 452 81 46 prin

734 500 124 30 cipio
817 500 137 30 istius
913 500 178 30 sermonis.
1050 500 69 30 &
1078 500 96 30 hoc
1119 500 137 30 intende-

735 529 104 54 bat,
800 529 91 54 cum
852 529 130 54 dixit:
943 529 78 54 vt
982 529 182 54 incipiamus
1125 529 78 54 in
1151 529 104 54 verifi

737 573 146 37 catione
843 573 252 37 significatiois,
1054 573 132 37 vocis,
1147 573 66 37 &
1160 573 93 37 nonis

734 604 109 43 D.d.
803 604 82 43 Et
844 604 150 43 accidit
953 604 109 43 ista
1021 604 218 43 existimatio,
1185 604 68 43 &c.

738 645 138 37 idest,
835 645 69 37 &
862 645 152 37 accidit
973 645 110 37 ista
1041 645 207 37 existimatio
1193 645 69 37 obe

733 684 202 38 dientibus
888 684 186 38 sermoni,
1027 684 78 38 &
1058 684 109 38 non
1105 684 140 38 conside

726 721 178 42 rantibus
859 721 133 42 vtrum
948 721 133 42 sermo
1037 721 192 42 conueniat
1170 721 74 42 sen

727 759 111 43 sui,
796 759 97 43 aut
852 759 97 43 non
907 759 69 43 &
935 759 97 43 qui
990 759 97 43 hoc
1045 759 138 43 facit,
1128 759 125 43 contin-

737 796 91 55 get
789 796 78 55 ei
828 796 208 55 contradictio
997 796 78 55 in
1037 796 130 55 rebus,
1128 796 65 55 &
1141 796 117 55 opinari

737 838 106 44 quod
803 838 173 44 contraria
936 838 106 44 sunt
1003 838 159 44 insimul.
1122 838 106 44 D.d.
1175 838 80 44 quid

733 873 140 41 mouit
827 873 93 41 ad
873 873 202 41 opinandum
1029 873 187 41 quosdam,
1169 873 124 41 quod

738 913 174 41 contraria
871 913 107 41 sunt
938 913 160 41 insimul,
1058 913 67 41 &
1085 913 80 41 d.
1125 913 107 41 quia
1179 913 80 41 opi-

734 952 158 42 nabantur
852 952 105 42 quod
918 952 184 42 contraria,
1062 952 92 42 &c.
1115 952 79 42 i.
1154 952 66 42 &
1167 952 92 42 multi

739 993 155 49 Antiqui
852 993 212 49 opinabantur
1021 993 113 49 hoc,
1092 993 113 49 quia
1148 993 99 49 vide-

734 1029 123 51 bant
810 1029 123 51 quod
887 1029 199 51 contraria
1040 1029 215 51 generantur
1194 1029 61 51 ex

731 1068 147 46 eodem,
834 1068 73 46 &
863 1068 220 46 opinabantur
1040 1068 103 46 cum
1098 1068 117 46 hoc,
1172 1068 117 46 quod

731 1116 83 43 non
779 1116 83 43 sit
826 1116 154 43 generatio
945 1116 71 43 ex
980 1116 119 43 nihilo
1063 1116 142 43 scilicet
1170 1116 71 43 ex
1194 1116 59 43 non

734 1143 136 55 ente.
825 1143 121 55 vnde
900 1143 181 55 dixerunt
1036 1143 121 55 quod
1097 1143 166 55 contraria

736 1189 149 37 existunt
847 1189 137 37 insimul
947 1189 74 37 in
984 1189 112 37 eodem
1058 1189 149 37 scilicet
1170 1189 74 37 ex
1195 1189 62 37 quo

731 1222 231 44 oenerantur.
915 1222 77 44 &
946 1222 108 44 hoc
1008 1222 231 44 intendebat,
1177 1222 77 44 cum

737 1253 111 46 dixit:
814 1253 122 46 necesse
903 1253 77 46 est
947 1253 66 46 vt
980 1253 89 46 res,
1036 1253 77 46 aut
1080 1253 77 46 sit
1124 1253 133 46 communis
1213 1253 44 46 ex

736 1300 129 52 vtroque
830 1300 70 52 id
865 1300 94 52 is.t
923 1300 94 52 quod
982 1300 94 52 res,
1040 1300 70 52 ex
1076 1300 82 52 qua
1122 1300 82 52 est
1157 1300 94 52 genera

740 1337 86 41 tio,
794 1337 76 41 sit
837 1337 141 41 composita
946 1337 65 41 ex
978 1337 130 41 vtroques
1075 1337 130 41 scilicet
1173 1337 65 41 ex
1194 1337 65 41 ente

730 1377 73 41 &
760 1377 102 41 non
818 1377 132 41 ente.
906 1377 117 41 D.d.
979 1377 132 41 sicut
1067 1377 132 41 dixit
1140 1377 117 41 Anaxa-

740 1413 132 54 goras,
832 1413 92 54 &c.
885 1413 132 54 idest,
977 1413 145 54 propter
1082 1413 105 54 hanc
1135 1413 118 54 opinio-

733 1455 116 51 nem
800 1455 150 51 dixit
900 1455 250 51 Anaxagoras,
1099 1455 133 51 quod
1166 1455 83 51 par

738 1500 100 38 tes
795 1500 215 38 consimiles,
967 1500 115 38 quae
1038 1500 115 38 sunt
1096 1500 157 38 elementa,

735 1529 126 46 apud
814 1529 141 46 ipsum
908 1529 126 46 sunt
986 1529 188 46 admixtae
1128 1529 110 46 cum
1175 1529 78 46 to-

739 1568 87 44 to,
788 1568 149 44 scilicet
900 1568 100 44 quia
962 1568 112 44 omnes
1037 1568 100 44 sunt
1099 1568 149 44 admixtae
1199 1568 62 44 cum

734 1608 206 42 omnibus.
888 1608 86 42 &
922 1608 154 42 sermo
1025 1608 223 42 Democriti
1179 1608 86 42 est

732 1653 226 46 propinquus
910 1653 129 46 isti
990 1653 113 46 cum
1055 1653 145 46 dixit
1136 1653 129 46 partem

737 1686 111 52 esse
806 1686 249 52 indiuisibilem,
1014 1686 111 52 quae
1083 1686 97 52 est
1138 1686 111 52 apud
1194 1686 69 52 ip-

735 1724 112 46 sum
799 1724 96 46 ex
847 1724 144 46 vacuo
943 1724 80 46 &
975 1724 144 46 pleno
1070 1724 208 46 admixtis,
1214 1724 48 46 &

739 1764 100 39 sic
796 1764 172 39 opinatur
925 1764 114 39 quod
996 1764 143 39 plenum
1096 1764 100 39 est
1154 1764 114 39 ens,
1225 1764 72 39 &

728 1802 164 41 vacuum
843 1802 115 41 est
908 1802 115 41 non
957 1802 99 41 ens.
