1475 2066
168 140 158 47 busdam
279 140 174 47 dulcia,
405 140 79 47 &
437 140 79 47 a
468 140 205 47 quibusdam
610 140 79 47 ama

183 184 88 43 ra.
233 184 63 43 &
258 184 88 43 non
308 184 163 43 differunt
433 184 100 43 nisi
495 184 75 43 in
533 184 100 43 hoc,
595 184 100 43 quod
645 184 50 43 il

175 220 91 46 li,
227 220 91 46 qui
279 220 156 46 sentiunt
396 220 78 46 ea
435 220 143 46 dulcia,
538 220 104 46 sunt
590 220 104 46 plures

180 262 142 44 scilicet
287 262 95 44 ani:
346 262 59 44 &
369 262 83 44 qui
416 262 71 44 ea
452 262 142 44 sentiunt
558 262 118 44 amara,
629 262 71 44 sunt

184 306 151 44 pauciores
301 306 140 44 scilicet
406 306 140 44 infirmi.
511 306 58 44 &
534 306 82 44 non
580 306 82 44 est
615 306 82 44 iudi-

182 338 150 48 candum
287 338 165 48 aliquid
407 338 120 48 esse
483 338 135 48 verum
573 338 105 48 per
618 338 75 48 te-

178 379 208 47 stimonium
338 379 176 47 plurium
465 379 160 47 absque
561 379 128 47 paucio

178 416 130 42 ribus.
269 416 104 42 D.d.
334 416 78 42 &,
373 416 78 42 si
412 416 117 42 omnes
491 416 143 42 homines
595 416 130 42 essent

188 454 142 53 infirmi,
295 454 83 53 &c.
342 454 71 53 i.
377 454 59 53 &
401 454 154 53 dixerunt,
520 454 95 53 quod
579 454 83 53 non
614 454 83 53 opor-

183 491 100 47 tet
240 491 157 47 credere
354 491 258 47 existimationem
555 491 143 47 sanorum:

185 541 124 38 quia
263 541 171 38 infirmi
387 541 155 38 habent
481 541 217 38 transmutatos

185 572 128 38 sensus
275 572 64 38 &
301 572 205 38 intellectus.
467 572 115 38 causa
544 572 103 38 enim
608 572 77 38 in
634 572 64 38 hoc

183 620 103 38 non
242 620 103 38 est
301 620 118 38 nisi
375 620 192 38 multitudo
522 620 74 38 &
537 620 162 38 paucitas,

190 648 123 54 quiam,
276 648 74 54 si
312 648 172 54 posuerimus
447 648 98 54 quod
508 648 123 54 plures
594 648 98 54 sunt
643 648 49 54 in

188 688 136 42 firmi,
284 688 68 42 &
311 688 177 42 pauciores
447 688 109 42 sunt
515 688 122 42 sani,
596 688 109 42 tunc
651 688 54 42 di

187 733 131 44 ceretur
282 733 95 44 quod
342 733 95 44 sani
401 733 95 44 sunt
461 733 143 44 infirmi,
568 733 60 44 &
592 733 95 44 quod
639 733 60 44 in-

186 773 194 38 tellectus,
339 773 69 38 &
367 773 139 38 sensus
464 773 125 38 eorum
547 773 111 38 sunt
603 773 97 38 tran-

186 812 152 32 mutati,
297 812 69 32 &
324 812 110 32 quod
393 812 110 32 alii
462 812 110 32 sunt
531 812 124 32 sani.
600 812 97 32 Dein-

185 842 83 40 de
227 842 125 40 dedit
310 842 125 40 aliam
393 842 181 40 rationem,
532 842 69 40 &
560 842 139 40 dixit:
643 842 56 40 Et

189 881 104 51 etiam
259 881 138 51 pluribus
362 881 173 51 animalibus,
501 881 81 51 &c.
547 881 69 51 i.
582 881 58 51 &
605 881 81 51 est
639 881 58 51 da-

190 917 110 45 bant
259 917 124 45 aliam
341 917 261 45 ratiocinationem
561 917 124 45 super
629 917 69 45 hoc

188 964 152 43 dicendo
299 964 110 43 quod
368 964 124 43 plura
451 964 166 43 animalia
561 964 138 43 videntur

183 996 238 52 comprehendere
379 996 84 52 in
421 996 126 52 eodem
492 996 210 52 sensibiliscom

193 1038 134 49 traria,
291 1038 147 49 videntur
401 1038 98 49 enim
462 1038 134 49 quaedam
560 1038 122 49 fugere
633 1038 61 49 ide

184 1074 180 48 tanquam
314 1074 196 48 nociuum,
461 1074 82 48 &
494 1074 163 48 quadam
592 1074 114 48 sequi

186 1112 162 42 tanquam
304 1112 235 42 delectabile.
495 1112 74 42 &
525 1112 147 42 simile
613 1112 88 42 huic

187 1156 140 46 accidit
289 1156 115 46 etiam
366 1156 115 46 nobis
442 1156 89 46 cum
493 1156 191 46 animalibus.
633 1156 64 46 plu

185 1192 88 34 ra
229 1192 117 34 enim
302 1192 175 34 animalia
433 1192 175 34 videntur
565 1192 146 34 iuuari
652 1192 44 34 a

186 1228 134 38 rebus
275 1228 208 38 nocentibus
439 1228 149 38 nobis,
543 1228 74 38 &
572 1228 149 38 noceri
661 1228 45 38 a

169 1268 134 41 rebus
259 1268 269 41 delectabilibus
483 1268 149 41 nobis.
587 1268 120 41 D.d.
662 1268 75 41 &

185 1305 116 41 nobis
262 1305 116 41 etiam
340 1305 142 41 apparet
443 1305 103 41 hoc,
508 1305 90 41 &c.
559 1305 77 41 i.
598 1305 64 41 &
611 1305 90 41 sicut

182 1348 155 38 accidit
295 1348 99 38 hoc
351 1348 211 38 animalibus,
520 1348 99 38 ita
576 1348 127 38 etiam
647 1348 56 38 ac

182 1384 125 48 cidit
265 1384 152 48 homini.
376 1384 139 48 quidam
473 1384 111 48 enim
529 1384 166 48 delectatu,

188 1422 82 50 in
229 1422 109 50 hoc,
298 1422 82 50 in
338 1422 96 50 quo
393 1422 218 50 contristatur
571 1422 136 50 alius.
666 1422 68 50 &

183 1469 104 29 non
242 1469 148 29 tantum
346 1469 104 29 hoc
406 1469 163 29 accidit
524 1469 178 29 diuersis
643 1469 59 29 ho

184 1508 187 30 minibus,
325 1508 109 30 sed
387 1508 78 30 &
418 1508 125 30 idem
496 1508 125 30 homo
574 1508 94 30 vt
605 1508 94 30 com-

189 1537 203 50 prehendere
349 1537 87 50 in
393 1537 131 50 eodem
480 1537 102 50 per
538 1537 145 50 sensum
625 1537 73 50 con

190 1577 143 52 trarium
294 1577 143 52 illius,
398 1577 104 52 quod
464 1577 117 52 habet
542 1577 91 52 per
581 1577 117 52 existit

186 1614 184 44 mationem,
328 1614 85 44 &,
370 1614 99 44 cum
427 1614 99 44 ita
483 1614 113 44 sit,
554 1614 113 44 tunc
611 1614 85 44 sens

195 1654 122 45 bilia
277 1654 95 45 non
331 1654 135 45 habent
425 1654 81 45 in
466 1654 81 45 se
507 1654 176 45 veritatem
628 1654 68 45 con

198 1701 222 44 prehendibilem,
383 1701 86 44 sed
432 1701 99 44 sunt
494 1701 148 44 secundum
593 1701 111 44 compre-

186 1729 171 46 hendens.
314 1729 114 46 D.d.
386 1729 71 46 &
414 1729 100 46 non
471 1729 114 46 sunt
543 1729 114 46 ita.
614 1729 86 46 i.
657 1729 71 46 &

186 1776 210 40 manifestum
351 1776 120 40 est,
426 1776 120 40 quod
501 1776 105 40 non
561 1776 135 40 sunt,
636 1776 60 40 se

196 1809 141 41 cundum
294 1809 112 41 quod
365 1809 211 41 sentiuntur.
533 1809 112 41 D.d.
604 1809 84 41 Et
632 1809 70 41 non

718 139 213 46 manifestatur
890 139 106 46 eis,
957 139 120 46 vtrum
1037 139 106 46 sint
1103 139 120 46 vera,
1170 139 66 46 vel

716 181 115 46 falsa.
797 181 69 46 i.
832 181 58 46 &
855 181 139 46 dicebant
959 181 92 46 quod
1017 181 127 46 propter
1109 181 104 46 omnia
1167 181 69 46 ista

717 223 122 43 nobis
799 223 95 43 non
853 223 216 43 declarabitur
1028 223 95 43 uid
1082 223 95 43 sit
1123 223 108 43 verum,

715 261 74 51 &
745 261 119 51 quid
819 261 104 51 sit
878 261 163 51 falsum.
997 261 89 51 D.
1041 261 133 51 dedit
1115 261 119 51 causam

720 301 75 38 in
758 301 100 38 hoc,
821 301 63 38 &
846 301 126 38 dixit:
934 301 113 38 insta
1009 301 100 38 enim
1072 301 88 38 &c.
1122 301 75 38 i.
1147 301 88 38 iudi-

720 338 120 40 cium
795 338 120 40 enim
870 338 150 40 sensus
975 338 90 40 in
1021 338 135 40 eadem
1111 338 90 40 re
1141 338 90 40 esse

710 381 170 37 alterum
833 381 248 37 contrariorum
1035 381 108 37 non
1097 381 108 37 est
1143 381 93 37 fir-

714 416 113 42 mius
785 416 156 42 indicio
898 416 170 42 alterius
1025 416 141 42 sensus
1124 416 85 42 in
1152 416 85 42 illa

710 455 83 51 re
752 455 110 51 esse
821 455 124 51 aliud
904 455 207 51 contrarium.
1069 455 83 51 v.
1111 455 83 51 g.
1152 455 110 51 quod

715 493 175 38 iudicium
846 493 146 38 sensus
948 493 175 38 alicuius
1065 493 160 38 animalis,

717 533 108 46 quod
785 533 95 46 hoc
839 533 95 46 est
893 533 216 46 delectabile,
1069 533 95 46 non
1123 533 95 46 est
1163 533 68 46 fit

722 572 105 45 mius
787 572 144 45 iudicio
892 572 131 45 sensus
984 572 144 45 hominis
1089 572 118 45 illud
1154 572 79 45 esse

711 611 262 39 contristabile.
930 611 116 39 D.d.
1002 611 73 39 &
1031 611 116 39 ideo
1104 611 131 39 dixit
1177 611 58 39 De

719 656 180 34 mocritus,
858 656 97 34 &c.
913 656 83 34 i.
955 656 69 34 &
983 656 111 34 ideo
1052 656 180 34 dubitauit
1177 656 55 34 De

716 687 196 43 moeritus,
867 687 75 43 &
897 687 151 43 dixit,
1003 687 121 43 quod
1063 687 166 43 contingit

716 728 87 42 ex
759 728 101 42 hoc
817 728 159 42 alterum
932 728 159 42 duorum,
1048 728 101 42 aut
1106 728 87 42 vt
1135 728 101 42 nihil

722 765 136 40 habeat
818 765 177 40 veritatem
954 765 82 40 in
995 765 82 40 se
1036 765 123 40 extra
1104 765 123 40 animam,

718 804 110 50 aut
781 804 94 50 vt
828 804 110 50 non
891 804 282 50 comprehendatur
1111 804 126 50 aliquo

721 842 105 44 modo.
791 842 93 44 D.d.
849 842 70 44 Et
884 842 198 44 vniversaliter
1047 842 81 44 cum
1082 842 139 44 existimaue

715 881 103 41 rit,
779 881 90 41 &c.
831 881 77 41 i.
870 881 64 41 &
895 881 116 41 causa
973 881 142 41 erroris
1076 881 116 41 eorum
1153 881 103 41 est,

719 919 117 44 quia
793 919 234 44 existimabant
983 919 117 44 quod
1042 919 190 44 intellectus

717 958 101 44 est
774 958 159 44 sensus,
890 958 72 44 &
919 958 116 44 quod
991 958 101 44 non
1049 958 188 44 differunt
1179 958 58 44 in

719 997 153 51 aliquo:
830 997 70 51 &
858 997 223 51 opinabantur,
1039 997 111 51 quod
1095 997 139 51 scientia

721 1038 202 36 necessaria
879 1038 259 36 comprehenditur
1095 1038 144 36 sensu:
1196 1038 72 36 &

719 1072 97 50 cum
775 1072 181 50 viderunt,
914 1072 111 50 quod
983 1072 194 50 sensibilia
1122 1072 111 50 viden-

721 1112 106 50 tur
782 1112 152 50 habere
888 1112 182 50 dispones
1024 1112 182 50 diuersas
1146 1112 91 50 apud

717 1149 154 45 sensum,
829 1149 210 45 crediderunt
997 1149 112 45 quod
1067 1149 126 45 nulla
1137 1149 98 45 scien

719 1191 98 35 tia
775 1191 98 35 est
831 1191 196 35 necessaria
985 1191 154 35 omnino.
1097 1191 140 35 Deinde
1181 1191 56 35 d.

720 1228 81 54 Et
761 1228 81 54 ex
802 1228 122 54 istis
883 1228 216 54 opinionibus,
1058 1228 95 54 &c.
1112 1228 81 54 i.
1153 1228 68 54 &
1166 1228 68 54 ex-

723 1269 115 37 istis
800 1269 229 37 dubitationibus
991 1269 178 37 praedictis
1118 1269 115 37 existit

717 1308 169 39 mauerunt
843 1308 112 39 isti
914 1308 155 39 homines
1026 1308 127 39 istas
1096 1308 127 39 existit

713 1344 213 43 mationes.
877 1344 230 43 Empedocles
1057 1344 131 43 enim
1123 1344 98 43 dice

720 1382 96 42 bat
775 1382 138 42 plures
872 1382 207 42 intellectus
1037 1382 110 42 esse
1092 1382 138 42 habentes

714 1423 153 43 iudicia
825 1423 167 43 diuersa,
951 1423 70 43 &
978 1423 111 43 quod
1048 1423 167 43 quilibet
1159 1423 70 43 in-

716 1468 182 43 tellectus
856 1468 168 43 sequitur
982 1468 224 43 complexionem
1150 1468 70 43 pri

715 1502 147 46 priam.
818 1502 74 46 &
848 1502 118 46 ideo
921 1502 147 46 dixit:
1024 1502 118 46 quod
1098 1502 103 46 qui
1142 1502 88 46 muta

719 1538 100 41 tur
776 1538 86 41 de
819 1538 143 41 aliqua
919 1538 215 41 complexione
1091 1538 86 41 in
1120 1538 100 41 aliam

713 1578 262 46 transmuiabitur
932 1578 87 46 de
975 1578 145 46 aliquo
1062 1578 175 46 intellectu

715 1616 86 42 in
758 1616 143 42 alium.
858 1616 72 42 &
887 1616 229 42 ratiocinatur
1073 1616 129 42 super
1145 1616 86 42 hoc,

715 1660 104 45 per
774 1660 119 45 hoc,
849 1660 119 45 quod
923 1660 163 45 apparet
1041 1660 89 45 de
1071 1660 163 45 transmuta

715 1692 119 53 tione
794 1692 199 53 intellectus
953 1692 79 53 in
993 1692 172 53 infirmis,
1112 1692 119 53 propter

717 1732 316 51 transmutationem
967 1732 249 51 complexionis,

736 1774 115 36 D.d.
808 1774 72 36 &
836 1774 202 36 Parmenides
995 1774 130 36 etiam
1081 1774 144 36 dicit,
1168 1774 72 36 &c.

721 1805 76 45 i.
759 1805 140 45 quoniam
861 1805 102 45 iste
925 1805 140 45 dicebat
1026 1805 102 45 quod
1077 1805 165 45 intellectus
