1475 2066
159 125 95 75 8&
207 125 175 75 vocaunt
334 125 143 75 illa,
429 125 127 75 quae
509 125 127 75 sunt
572 125 143 75 entium,

208 178 132 65 eadem
297 178 162 65 formis.
414 178 132 65 omnia
502 178 132 65 autem
576 178 147 65 sensibi-

203 237 111 53 lia
266 237 190 53 dicuntur
409 237 111 53 per
472 237 142 53 ista.
567 237 79 53 &
583 237 142 53 propte-

201 277 119 46 rea
269 277 153 46 multa
371 277 187 46 vniuoca
506 277 136 46 sunt
574 277 153 46 comunia

203 325 85 65 in
245 325 155 65 specie:
358 325 99 65 sed
415 325 113 65 ipse
485 325 155 65 addidit
584 325 141 65 aequiuo-

204 373 196 66 cationem.
355 373 226 66 Pythagorici
536 373 121 66 vero
596 373 121 66 secun-

206 420 110 63 dum
269 420 268 63 similitudinem
490 420 189 63 dixerunt
632 420 126 63 quod

205 468 141 54 entia
299 468 125 54 sunt
377 468 141 54 vnum.
471 468 141 54 Plato
565 468 125 54 vero
627 468 94 54 addi

200 521 113 51 dit
264 521 323 51 aequiuacationem.
523 521 194 51 communica.

210 565 105 61 tio
270 565 149 61 autem,
374 565 75 61 &
404 565 224 61 similitudo,
584 565 120 61 quae
643 565 75 61 est

209 616 132 59 inter
297 616 175 59 species,
429 616 205 59 dimiserunt
575 616 146 59 perscru-

208 664 184 59 tationem
346 664 230 59 vniuersalem
530 664 92 59 de
576 664 123 59 eis,
652 664 107 59 sed

200 708 105 63 non
260 708 270 63 contradixerunt
485 708 120 63 nisi
560 708 90 63 in
590 708 135 63 sensibi

206 760 162 69 libus,
319 760 81 69 &
351 760 97 69 in
400 760 210 69 speciebus
545 760 178 69 mathemati

210 806 107 66 eis,
277 806 107 66 quae
344 806 134 66 dicunt
438 806 107 66 esse
505 806 121 66 media
586 806 121 66 inter
653 806 67 66 sen

208 858 176 57 sibilia.
340 858 205 57 sensibilia
501 858 132 57 autem
589 858 161 57 quaedam

199 909 123 60 sunt
276 909 154 60 semper
383 909 108 60 non
445 909 185 60 mobilia.
568 909 154 60 speciern

207 953 133 62 autem
296 953 118 62 sunt
369 953 133 62 illa,
458 953 118 62 quae
531 953 221 62 inueniuntur

202 1002 82 66 ad
243 1002 136 66 multa.
338 1002 82 66 et
379 1002 150 66 species
488 1002 95 66 est
542 1002 136 66 illud,
637 1002 109 66 quod

210 1050 190 65 inuenitur
356 1050 190 65 cuilibet.
502 1050 73 65 &
531 1050 160 65 species
633 1050 88 65 etia

201 1100 117 62 est
268 1100 150 62 causa
368 1100 184 62 aliarum
485 1100 134 62 rerum.

244 1189 127 38 Quia
324 1189 207 38 dubitatio
483 1189 238 38 Herculeorum
657 1189 64 38 mo

213 1233 93 35 uit
266 1233 160 35 Platonem
386 1233 80 35 ad
426 1233 160 35 dicendum
546 1233 134 35 formas
627 1233 93 35 esse,

210 1268 174 51 incoepit
340 1268 102 51 hic
398 1268 189 51 declarare
543 1268 102 51 quo
601 1268 116 51 modo
659 1268 58 51 il

166 1308 126 38 Clud
245 1308 142 38 mouit
340 1308 110 38 eum
403 1308 95 38 ad
450 1308 205 38 credendum
608 1308 126 38 hoc,
671 1308 47 38 &

212 1348 81 51 d.
252 1348 108 51 quia
319 1348 162 51 accepit,
440 1348 94 51 &c.
494 1348 81 51 i.
535 1348 67 51 &
561 1348 121 51 mouit
629 1348 94 51 Plaro

207 1396 96 40 nem
262 1396 82 40 ad
303 1396 164 40 dicendum
426 1396 137 40 formas
522 1396 123 40 esse,
604 1396 110 40 quia
659 1396 55 40 in

212 1436 122 43 uenit
294 1436 81 43 in
334 1436 190 43 vnoquoquis
484 1436 149 43 genere,
592 1436 68 43 &
619 1436 81 43 in
646 1436 68 43 vna

212 1467 121 51 quaque
297 1467 134 51 specie,
394 1467 97 51 quod
455 1467 97 51 esse
516 1467 121 51 istius
588 1467 134 51 indiuidui

213 1505 67 49 in
246 1505 90 49 illo
303 1505 79 49 est
348 1505 135 49 secundum
449 1505 101 49 modum
516 1505 90 49 esse
572 1505 124 49 aliorum
662 1505 79 49 in¬

207 1543 194 54 diuiduorum
360 1543 83 54 in
402 1543 111 54 illo
471 1543 153 54 genere.
582 1543 69 54 &
610 1543 97 54 hoc
652 1543 69 54 est

205 1584 218 51 impossibile,
382 1584 82 51 vt
423 1584 122 51 esset
491 1584 231 51 accidentaliter.

215 1621 74 45 Et
252 1621 148 45 opinatus
363 1621 99 45 fuit
425 1621 99 45 quod
486 1621 111 45 nihil
560 1621 74 45 in
585 1621 136 45 sensibili

212 1661 89 54 bus
263 1661 89 54 est
314 1661 127 54 fixum:
403 1661 64 54 &
429 1661 102 54 quod
493 1661 191 54 impossibile
633 1661 89 54 esset

211 1701 83 50 et
253 1701 83 50 vt
294 1701 193 50 sensibilia
445 1701 165 50 haberent
556 1701 165 50 definitio-

209 1740 109 53 nem,
277 1740 82 53 in
318 1740 95 53 qua
373 1740 245 53 communicarent,
577 1740 95 53 cum
618 1740 109 53 semper

203 1782 120 44 sint
278 1782 90 44 in
323 1782 284 44 transmutatione.
562 1782 120 44 ideo
621 1782 105 44 opina

203 1821 89 53 tus
254 1821 89 53 est
305 1821 102 53 quod
369 1821 204 53 intentiones,
535 1821 102 53 quae
586 1821 140 53 inueniun

747 125 100 56 tur
804 125 86 56 in
847 125 201 56 indiuiduis
1005 125 244 56 vniuscuiusque
1206 125 115 56 spe.
1263 125 43 56 D

739 172 128 38 ciei,
824 172 142 38 eaedem
923 172 128 38 sunt:
1008 172 71 38 &
1036 172 227 38 definitiones
1206 172 57 38 re

742 209 94 42 rum
795 209 108 42 sunt
863 209 94 42 res
916 209 202 42 necessariae
1078 209 121 42 extra
1145 209 121 42 animam.

743 253 70 45 &
771 253 153 45 vocauit
883 253 98 45 eas
938 253 153 45 formas,
1050 253 70 45 &
1078 253 209 45 exemplaria.

742 290 139 40 scilicet
847 290 105 40 ormas
917 290 105 40 rerum
986 290 186 40 sensibilium,
1137 290 58 40 &
1149 290 116 40 exempla-

741 326 74 52 ria
784 326 126 52 natuiae,
878 326 84 52 quae
931 326 147 52 conspicit,
1046 326 95 52 sicut
1109 326 116 52 artifex
1183 326 84 52 inspi-

740 366 90 44 cit
792 366 129 44 formas
882 366 206 44 artificiati.
1049 366 77 44 &,
1088 366 77 44 si
1126 366 103 44 non,
1191 366 103 44 tunc

743 406 157 44 quodlibet
864 406 109 44 esset
936 406 60 44 a
961 406 157 44 quolibet:
1082 406 60 44 &
1106 406 85 44 non
1154 406 109 44 esset
1215 406 48 44 ex

737 445 165 51 spermate
861 445 151 51 hominis
971 445 110 51 homo
1039 445 151 51 semper,
1149 445 124 51 neque
1218 445 41 51 a

735 484 188 53 spermate
876 484 125 53 equi
954 484 141 53 equus
1048 484 172 53 semper.
1157 484 94 53 D.d.

742 522 112 52 omnia
816 522 112 52 autem
891 522 186 52 sensibilia,
1040 522 87 52 &c.
1089 522 75 52 i.
1127 522 62 52 &
1139 522 112 52 opinati

745 565 88 50 sunt
800 565 122 50 propter
889 565 88 50 hoc,
944 565 88 50 quod
999 565 99 50 omnia
1065 565 155 50 sensibilia
1176 565 66 50 defi

743 605 153 49 niuntur
854 605 97 49 per
910 605 125 49 istam
994 605 167 49 naturam,
1119 605 70 49 &
1133 605 111 49 inueni

743 652 117 30 untur
821 652 91 30 per
873 652 130 30 illam,
964 652 117 30 sicut
1042 652 91 30 res
1094 652 65 30 a
1120 652 91 30 suo
1159 652 91 30 exem,

739 684 148 47 plari.
843 684 119 47 D.d.
917 684 74 47 &
947 684 193 47 propterea
1095 684 133 47 multa
1169 684 74 47 vni

743 718 132 44 uoca,
831 718 103 44 &c.
890 718 132 44 idest
978 718 103 44 sed
1037 718 147 44 nomina
1125 718 132 44 vniuoca

744 761 221 41 significant
921 761 88 41 de
965 761 147 41 multis
1068 761 132 41 rebus
1141 761 118 41 eandem

740 802 121 42 coem
816 802 227 42 intentionem
997 802 121 42 eis.
1073 802 76 42 &
1103 802 121 42 scum
1164 802 91 42 ser-

733 841 139 41 monem
825 841 93 41 in
871 841 154 41 formis
979 841 108 41 non
1041 841 123 41 erit
1118 841 123 41 haec
1180 841 77 41 in-

744 880 143 42 tentio
844 880 129 42 eadem
929 880 171 42 communis
1058 880 157 42 multis:
1172 880 71 42 &
1187 880 71 42 sic

742 918 130 44 fient
828 918 144 44 nomina
929 918 188 44 specierum
1073 918 188 44 conmunia,
1218 918 72 44 &

745 957 74 45 non
788 957 84 45 erit
840 957 127 45 intentio
935 957 158 45 vniversalis
1062 957 84 45 nisi
1115 957 106 45 tantum
1178 957 74 45 nomen

744 1003 70 47 &
772 1003 84 47 io
814 1003 84 47 d.
856 1003 112 47 quod
912 1003 349 47 addiditaequiuocationem.

744 1037 115 52 D.d.
816 1037 216 52 Pythagorici
989 1037 130 52 vero,
1075 1037 101 52 &c.
1133 1037 87 52 i.
1162 1037 101 52 Pytha

743 1077 148 49 gorici
847 1077 163 49 inducti
965 1077 163 49 fuerunt
1083 1077 89 49 ad
1113 1077 148 49 dicendum

740 1113 133 42 entia
829 1113 119 42 esse
903 1113 163 42 numeros
1022 1113 104 42 per
1066 1113 193 42 similitudi-

737 1164 117 30 nem,
810 1164 117 30 quia
883 1164 263 30 assimilauerunt
1102 1164 161 30 numeros
1205 1164 58 30 en

735 1190 141 44 tibus,
833 1190 70 44 &
861 1190 211 44 crediderunt
1030 1190 98 44 eos
1086 1190 112 44 esse
1143 1190 112 44 entia,

741 1237 73 39 &
771 1237 117 39 ideo
844 1237 102 39 non
902 1237 190 39 contingit
1048 1237 102 39 eis
1106 1237 146 39 habere
1194 1237 58 39 no

731 1276 129 38 men
804 1276 202 38 commune
951 1276 165 38 inter
1061 1276 202 38 numeros
1208 1276 92 38 &

741 1308 146 46 entia,
844 1308 132 46 neque
932 1308 161 46 fuerunt
1049 1308 146 46 coacti
1151 1308 88 46 ad
1181 1308 73 46 di-

739 1357 173 37 cendum
860 1357 191 37 nomenin
999 1357 208 37 Arabieo,
1138 1357 121 37 voca-

733 1396 128 42 tum
806 1396 164 42 nomen
915 1396 273 42 aequiuocum,
1115 1396 146 42 commu-

733 1428 90 50 ne
778 1428 90 50 in
823 1428 210 50 speciebus.
988 1428 135 50 Plato
1077 1428 135 50 autem
1152 1428 105 50 addi-

733 1464 115 43 dit
798 1464 148 43 nomen
897 1464 197 43 commune.
1045 1464 99 43 Et
1094 1464 148 43 forte
1177 1464 82 43 in-

734 1509 127 40 nuit
814 1509 111 40 per
877 1509 111 40 hoc
941 1509 191 40 Antiquos
1068 1509 191 40 opinantes,

743 1543 109 55 quod
811 1543 136 55 causae
907 1543 136 55 entium
1002 1543 109 55 sunt
1070 1543 136 55 genera
1151 1543 109 55 vniuer

742 1583 127 44 salia,
831 1583 114 44 sicut
907 1583 114 44 vnum,
983 1583 63 44 &
1008 1583 101 44 ens.
1071 1583 101 44 isti
1135 1583 101 44 enim
1198 1583 89 44 non

731 1623 221 52 credebant
901 1623 153 52 nomen
1004 1623 119 52 hoc
1055 1623 204 52 aequiuocum

742 1664 132 42 esse.
830 1664 88 42 Et
874 1664 88 42 ex
918 1664 102 42 hoc
976 1664 161 42 errauit
1079 1664 175 42 Parmenides

741 1708 106 38 cum
802 1708 106 38 non
862 1708 198 38 distinxit
1015 1708 137 38 inter
1106 1708 106 38 hoc
1152 1708 106 38 nomon

738 1742 126 45 ens,
817 1742 126 45 quod
895 1742 220 45 significat
1068 1742 126 45 vnum
1146 1742 94 45 in
1178 1742 78 45 nu-

739 1779 140 47 mero,
833 1779 109 47 aut
895 1779 124 47 vnum
972 1779 93 47 in
1019 1779 171 47 genere:
1143 1779 78 47 &
1158 1779 109 47 credi

741 1828 107 38 dit
802 1828 122 38 omne
878 1828 107 38 ens
939 1828 122 38 esse
1016 1828 122 38 vnum
1092 1828 92 38 in
1123 1828 137 38 numero,
