1475 2066
180 139 192 47 neratione
328 139 118 47 est,
401 139 103 47 qui
460 139 147 47 nulla,
564 139 88 47 vt
608 139 103 47 ita
652 139 59 47 di

191 183 125 44 cam,
270 183 188 44 vniuersi
410 183 125 44 pars
488 183 125 44 est.
566 183 125 44 Vnde
629 183 78 44 iu-

197 223 109 44 stius
269 223 133 44 fuisset
366 223 133 44 propter
463 223 109 44 illa,
535 223 97 44 ista
595 223 109 44 etiam
656 223 48 44 ab

191 268 171 55 soluisse,
322 268 105 55 quam
388 268 144 55 propter
493 268 118 55 ista,
572 268 105 55 illa
624 268 79 55 con-

184 309 229 44 demnasse.
361 309 141 44 Item
449 309 247 44 manifestum
625 309 88 44 est

190 348 116 55 quod
262 348 72 55 &
291 348 87 55 ad
334 348 130 55 istos
421 348 130 55 eadem
508 348 174 55 dicemus,
624 348 87 55 quae

190 391 111 43 olim
260 391 125 43 dicta
343 391 125 43 sunt,
427 391 111 43 quod
496 391 111 43 enim
566 391 97 43 est
608 391 97 43 imnmo

185 437 151 37 bilis
286 437 184 37 quaedam
420 437 168 37 natura
521 437 184 37 ostenden-

189 477 131 37 dum,
270 477 82 37 &
303 477 261 37 persuadendum
515 477 114 37 est
580 477 131 37 eis.
646 477 65 37 at

190 517 158 52 accidit
305 517 115 52 eis,
376 517 101 52 qui
434 517 129 52 simul
520 517 144 52 dicunt
606 517 101 52 esse,

198 555 74 55 &
228 555 104 55 non
287 555 134 55 esse,
376 555 134 55 magis
465 555 148 55 dicere
555 555 148 55 quiescet

193 598 93 45 re
239 598 170 45 cuncta,
363 598 124 45 quam
440 598 170 45 moueri.
564 598 108 45 non
610 598 93 45 enim

192 639 115 43 est
257 639 99 43 in
307 639 115 43 quo
373 639 198 43 quicquam
504 639 198 43 moueretur,

191 685 130 37 nam
266 685 167 37 omnia
377 685 204 37 omnibus
507 685 167 37 insunt.

245 722 88 49 Et
289 722 132 49 etiam
377 722 235 49 cotradicendi
568 722 117 49 sunt
627 722 88 49 ext-

193 765 209 53 stimantes
354 765 145 53 istas
434 765 257 53 existimationes

193 813 198 58 quoniam,
341 813 116 58 cum
407 813 198 58 viderunt
556 813 99 58 in
589 813 116 58 rebus

195 861 243 62 sensibilibus,
395 861 115 62 quod
467 861 186 62 pauciores
595 861 115 62 suntta

198 909 95 62 lis
253 909 244 62 dispositionis,
456 909 217 62 iudicauerunt
632 909 81 62 de
659 909 54 62 to

196 956 77 65 to
235 956 128 65 coelo.
324 956 115 65 locus
401 956 103 65 enim
465 956 192 65 sensibilis,
619 956 77 65 in
645 956 64 65 quo

195 1005 97 61 est
251 1005 181 61 generatio
390 1005 69 61 &
417 1005 194 61 corruptio,
570 1005 97 61 est
612 1005 97 61 ille,

194 1052 116 61 qui
260 1052 198 61 continet
408 1052 116 61 nos
474 1052 182 61 tantum.
606 1052 83 61 &
623 1052 83 61 ist

190 1100 179 62 possibile
328 1100 110 62 est,
397 1100 83 62 vt
438 1100 151 62 aliquis
548 1100 138 62 potest
630 1100 83 62 dice

197 1148 91 63 re,
249 1148 78 63 vt
288 1148 91 63 non
340 1148 91 63 sit
392 1148 78 63 in
431 1148 156 63 respectu
549 1148 130 63 totius
627 1148 78 63 par:

189 1196 208 65 sensibilis.
355 1196 152 65 Fectius
466 1196 97 65 est
521 1196 138 65 igitur
604 1196 97 65 nega-

198 1244 82 63 re
239 1244 68 63 a
266 1244 122 63 toto,
348 1244 109 63 quod
416 1244 95 63 est
470 1244 82 63 in
511 1244 122 63 istis
579 1244 109 63 paucis

199 1293 114 55 quam
270 1293 185 55 affirmare
412 1293 85 55 in
455 1293 128 55 toto,
540 1293 114 55 quod
611 1293 128 55 affir

192 1339 140 48 matur
285 1339 93 48 de
331 1339 124 48 eis.
409 1339 93 48 Et
455 1339 217 48 manifestum
626 1339 109 48 est

193 1388 96 58 et,
248 1388 109 58 quod
316 1388 164 58 dicendum
439 1388 96 58 est
494 1388 82 58 de
535 1388 137 58 istis,
631 1388 109 58 quod

196 1433 142 58 prius
291 1433 173 58 diximus
417 1433 95 58 in
464 1433 158 58 aliis,
574 1433 79 58 &
590 1433 126 58 demon-

200 1484 152 58 stremus
311 1484 97 58 eis
366 1484 222 58 sufficienter
547 1484 139 58 natura
630 1484 83 58 esse

196 1523 199 55 immobilem.
352 1523 85 55 et
395 1523 85 55 si
438 1523 157 55 accidit
537 1523 171 55 dicentibus

195 1572 130 66 quod
276 1572 178 66 dignius
405 1572 113 66 est
470 1572 211 66 affirmare
632 1572 81 66 &
648 1572 65 66 ne

198 1621 111 64 gare
267 1621 166 64 insimul,
392 1621 138 64 dicere
489 1621 111 64 quod
558 1621 125 64 omnia
627 1621 83 64 sunt

197 1668 240 62 quiescentia,
392 1668 120 62 quam
467 1668 150 62 dicere
557 1668 150 62 mobilia.

193 1717 100 61 non
250 1717 100 61 est
307 1717 114 61 enim
378 1717 171 61 aliquid,
506 1717 85 61 in
548 1717 100 61 quo
591 1717 114 61 trans-

189 1764 165 63 mutetur
309 1764 180 63 aliquid,
444 1764 165 63 quoniam
565 1764 90 63 in
610 1764 120 63 quo

198 1812 123 63 libet
280 1812 96 63 est
335 1812 191 63 quodlibet.

764 133 84 45 Et
806 133 126 45 etiam
890 133 252 45 contradicendum
1100 133 98 45 est
1142 133 98 45 istis

719 176 188 42 hominibus
863 176 145 42 primo.
964 176 173 42 quoniam,
1094 176 101 42 cum
1138 176 101 42 vide-

727 215 94 43 runt
786 215 129 43 quaedam
880 215 105 43 entia
950 215 152 43 pauciora.
1067 215 141 43 scilicet
1173 215 94 43 quae

718 259 123 47 sunt
795 259 93 47 in
841 259 231 47 generatione
1026 259 77 47 &
1041 259 201 47 corruptione

719 295 84 40 in
761 295 224 40 dispositione
943 295 252 40 transmutabili,
1139 295 98 40 iudi-

729 334 139 37 cauerunt,
836 334 85 37 quod
889 334 107 37 plura.
964 334 128 37 scilicet
1060 334 96 37 coeli
1124 334 85 37 sunt
1166 334 75 37 huius

728 373 214 51 dispositionis.
906 373 107 51 locus
978 373 119 51 autem,
1061 373 71 51 in
1096 373 83 51 quo
1144 373 83 51 est
1180 373 59 51 ge-

725 421 151 30 neratio
835 421 69 30 &
863 421 193 30 corruptio,
1014 421 96 30 est
1055 421 193 30 insensibilis

726 447 166 44 respectu
851 447 152 44 totius.
962 447 69 44 &
990 447 111 44 hoc,
1059 447 83 44 si
1087 447 152 44 concessum

725 486 120 55 fuerit
809 486 96 55 eis,
870 486 96 55 quod
930 486 108 55 ista,
1002 486 72 55 in
1038 486 120 55 quibus
1123 486 84 55 est
1159 486 84 55 gene-

728 527 102 41 tio
787 527 73 41 &
816 527 204 41 corruptio,
976 527 102 41 non
1035 527 146 41 habent
1122 527 117 41 scien-

726 565 123 52 tiam.
808 565 109 52 D.d.
877 565 150 52 rectius
986 565 96 52 est
1041 565 137 52 igitur
1137 565 137 52 negare

725 606 61 48 a
749 606 110 48 toto,
822 606 85 48 &c.
871 606 73 48 i.
908 606 134 48 rectius
1005 606 122 48 igitur
1091 606 85 48 est
1139 606 85 48 non
1176 606 61 48 iu-

720 642 137 40 dicare
816 642 82 40 de
858 642 110 40 toto
926 642 137 40 illud,
1022 642 110 40 quod
1077 642 165 40 iudicatur,

720 678 81 44 de
761 678 122 44 parte
843 678 217 44 insensibili,
1019 678 68 44 &
1046 678 136 44 negare
1141 678 81 44 ab
1168 678 68 44 eo,

722 718 129 44 toto
803 718 307 44 transmutationem
1045 718 194 44 existentem

726 755 90 45 in
771 755 151 45 parte.
877 755 120 45 D.d.
952 755 90 45 Et
997 755 211 45 manifestum
1148 755 90 45 est,

725 795 90 39 &c.
777 795 77 39 i.
815 795 64 39 &
841 795 103 39 isti
906 795 116 39 digni
983 795 116 39 sunt,
1060 795 77 39 vt
1086 795 142 39 sufficiam

724 834 84 43 eis
772 834 84 43 per
820 834 120 43 illud,
904 834 84 43 per
952 834 96 43 quod
1011 834 168 43 sufficimus
1143 834 120 43 aliis,

720 877 220 37 declarando
893 877 110 37 eis
956 877 173 37 naturam
1066 877 173 37 immobilem

717 910 125 49 esse.
800 910 83 49 Et
842 910 167 49 intendit
967 910 97 49 per
1023 910 125 49 istam
1092 910 139 49 naturam,

730 950 136 52 species
828 950 62 52 &
853 950 136 52 genera,
952 950 62 52 &
976 950 111 52 forte
1050 950 185 52 substantias
1186 950 49 52 ab

725 986 168 48 stractas.
854 986 103 48 D.d.
919 986 103 48 etsi
983 986 142 48 accidit
1073 986 168 48 dicentibus,

726 1027 95 39 &c.
781 1027 81 39 i.
821 1027 68 39 &
849 1027 122 39 licet
930 1027 149 39 dignius
1038 1027 95 39 est
1079 1027 163 39 ponentibus

727 1057 106 61 quod
793 1057 185 61 affirmatio
939 1057 66 61 &
965 1057 146 61 negatio
1071 1057 106 61 sunt
1124 1057 119 61 insimul

725 1109 80 45 in
765 1109 147 45 omnibus
871 1109 133 45 rebus,
965 1109 80 45 vt
1004 1109 120 45 omnia
1084 1109 107 45 sunt
1138 1109 93 45 quie-

722 1140 157 47 scentia
836 1140 129 47 magis
922 1140 100 47 qua
979 1140 172 47 mobilia.
1108 1140 86 47 D.
1137 1140 100 47 dedit

729 1186 121 44 causam
814 1186 73 44 in
850 1186 97 44 hoc,
911 1186 61 44 &
935 1186 121 44 dixit:
1020 1186 85 44 non
1069 1186 85 44 est
1118 1186 97 44 enim
1166 1186 73 44 ali-

728 1220 105 43 quid,
798 1220 82 43 &c.
845 1220 70 43 i.
880 1220 140 43 secundum
985 1220 93 43 enim
1044 1220 105 43 istos
1114 1220 82 43 non
1160 1220 82 43 est
1195 1220 47 43 di

728 1260 163 51 stinctum
851 1260 150 51 aliquid
960 1260 82 51 ab
1001 1260 150 51 aliquo,
1110 1260 82 51 in
1150 1260 109 51 quod

726 1301 234 37 transmutatur,
919 1301 96 37 sed
974 1301 124 37 omnia
1056 1301 110 37 sunt
1111 1301 124 37 admixta

722 1342 70 48 &
750 1342 182 48 quodlibet
890 1342 84 48 in
932 1342 182 48 quolibet.
1059 1342 182 48 quapropter.

725 1374 184 45 oportet
859 1374 201 45 secundum
1010 1374 134 45 hoc,
1094 1374 101 45 vt
1128 1374 117 45 omnia

727 1414 212 52 quiescentia
882 1414 99 52 sint.

757 1468 86 46 De
800 1468 172 46 veritate
928 1468 129 46 vero,
1014 1468 115 46 quod
1086 1468 100 46 non
1129 1468 100 46 omne,

726 1508 131 47 quod
808 1508 197 47 apparet,
956 1508 148 47 verum
1054 1508 131 47 sit.
1120 1508 115 47 Primo

724 1549 158 53 quidem
835 1549 143 53 neque
930 1549 158 53 sensus
1041 1549 158 53 propri
1136 1549 95 53 fal-

724 1588 94 54 lax
777 1588 108 54 est.
845 1588 94 54 sed
899 1588 188 54 imaginatio
1047 1588 94 54 non
1100 1588 94 54 est
1141 1588 94 54 idem,

726 1627 131 49 quod
808 1627 180 49 sensus.
939 1627 164 49 Deinde
1037 1627 197 49 admiratio-

725 1669 94 45 ne
772 1669 156 45 dignum
882 1669 125 45 est,
960 1669 94 45 si
1007 1669 110 45 hoc
1054 1669 172 45 dubitant,

720 1709 145 53 vtrum
817 1709 162 53 tantae
930 1709 129 53 sint
995 1709 242 53 magnitudines,

727 1757 169 39 talesque
853 1757 169 39 colores,
980 1757 141 39 quales
1078 1757 155 39 eminus,
1177 1757 56 39 an

718 1796 185 54 quales
848 1796 204 54 cominus
996 1796 241 54 apparent.
1181 1796 93 54 &
