1475 2066
187 164 102 63 per
246 164 88 63 se
290 164 146 63 etiam,
392 164 117 63 tunc
465 164 102 63 non
524 164 146 63 omnia,
626 164 117 63 quae

195 213 170 61 apparent
323 213 114 61 sunt
394 213 128 61 vera.
479 213 114 61 quod
550 213 114 61 enim
607 213 99 61 appa-

193 261 108 68 ret,
261 261 149 68 aliquid
369 261 162 68 apparet.
491 261 108 68 quod
558 261 95 68 enm
599 261 108 68 dixci-

191 308 104 62 mus
251 308 119 62 quod
325 308 134 62 omnia
415 308 209 62 apparentia
579 308 119 62 sunt
638 308 75 62 ve-

193 357 90 61 ra,
245 357 116 61 facit
322 357 116 61 omnia
400 357 116 61 entia
477 357 168 61 relatiua.
607 357 78 61 Et
632 357 78 61 ide-

193 400 160 66 oportet
310 400 218 66 praeseruare
484 400 102 66 nos
542 400 87 66 ab
586 400 116 66 eis,
644 400 73 66 qui

198 453 183 61 quaerunt
335 453 199 61 victoriam
488 453 107 61 per
534 453 183 61 disputatio

195 501 123 53 nem,
271 501 77 53 &
302 501 108 53 cum
364 501 108 53 hoc
425 501 154 53 dicunt
533 501 123 53 quod
594 501 123 53 illud,

190 548 129 62 quod
270 548 193 62 apparet,
415 548 112 62 non
479 548 177 62 apparet
592 548 112 62 illud

201 597 109 61 quod
269 597 109 61 est,
338 597 95 61 sed
392 597 150 61 apparet
501 597 136 61 illud,
596 597 109 61 quod
651 597 68 61 est

201 644 183 53 secundum
338 644 152 53 illud,
444 644 106 53 cui
505 644 183 53 apparet,
642 644 76 53 &
657 644 61 53 in

200 693 131 62 hora,
287 693 87 62 in
330 693 116 62 quae
403 693 174 62 apparet.
533 693 87 62 Et
562 693 145 62 existima

188 739 150 47 aliquid
297 739 150 47 dicere,
406 739 95 47 sed
461 739 95 47 non
515 739 95 47 est
569 739 109 47 ita.
624 739 95 47 acci-

200 787 90 63 dit
252 787 103 63 enim
316 787 90 63 eis
367 787 64 63 a
393 787 167 63 propinquo
521 787 128 63 dicere
598 787 116 63 contra-

197 834 126 56 rium.
281 834 181 56 possibile
420 834 112 56 enim
490 834 98 56 est
546 834 84 56 vt
588 834 112 56 idem
643 834 70 56 ap-

200 881 143 61 pareat
300 881 128 61 visui
385 881 114 61 esse
456 881 114 61 mel,
528 881 86 61 et
570 881 143 61 gustui
656 881 57 61 no

203 929 119 57 mel.
278 929 74 57 &
307 929 193 57 similiter
456 929 104 57 duo
516 929 134 57 oculi
590 929 119 57 cufue-

196 972 129 62 rint
277 972 194 62 diuersi,
422 972 113 62 non
487 972 194 62 videbunt
616 972 97 62 vnum

207 1021 123 62 illis
289 1021 150 62 igitur,
398 1021 95 62 qui
453 1021 164 62 dixerunt
575 1021 82 62 in
603 1021 95 62 istis

204 1069 110 61 quae
273 1069 165 61 apparent
397 1069 138 61 causas
493 1069 206 61 praedictas,
658 1069 83 61 si

206 1116 148 62 Graeco
310 1116 148 62 album.
414 1116 119 62 ista
488 1116 178 62 apparent
622 1116 89 62 et
652 1116 59 62 no

201 1164 182 62 apparent
337 1164 152 62 eadem,
444 1164 106 62 sed
504 1164 182 62 apparent
626 1164 91 62 con-

197 1213 156 61 traria
307 1213 219 61 multotiens
479 1213 94 61 in
526 1213 141 61 eodem
604 1213 109 61 tempo

198 1260 95 62 re.
253 1260 135 62 sensus
347 1260 108 62 enim
415 1260 203 62 existimatur
578 1260 95 62 duo
632 1260 108 62 apud

184 1309 246 62 mutationem
378 1309 246 62 digitorum,
571 1309 88 62 &
589 1309 123 62 visu-

199 1357 137 61 idem,
290 1357 76 61 &
321 1357 107 61 non
382 1357 122 61 quod
458 1357 244 61 terminmatur,
656 1357 91 61 et

208 1405 198 62 inuenitur.
363 1405 85 62 et
406 1405 113 62 quod
477 1405 99 62 est
533 1405 99 62 per
590 1405 99 62 vnu
632 1405 85 62 sen-

204 1452 147 58 sum,
295 1452 92 58 &
332 1452 129 58 vno
406 1452 165 58 modo,
516 1452 92 58 &
534 1452 184 58 secundum

205 1501 133 61 vnam
288 1501 298 61 dispositionem,
537 1501 83 61 &
570 1501 99 61 in
603 1501 116 61 eodem

207 1549 209 61 tempore,
363 1549 87 61 &
398 1549 122 61 hoc
468 1549 122 61 est
520 1549 122 61 verum

221 1636 122 50 Dicit,
306 1636 98 50 quod
367 1636 110 50 illi,
440 1636 85 50 qui
489 1636 134 50 vtuntur
587 1636 110 50 istis
648 1636 73 50 ser-

208 1684 167 43 monibus,
333 1684 111 43 sunt
403 1684 195 43 bipartiti.
556 1684 139 43 quidam
640 1684 84 43 enim

203 1717 180 37 quaerunt
338 1717 105 37 per
398 1717 135 37 illos
487 1717 195 37 victoriam
637 1717 75 37 &
652 1717 60 37 do

202 1753 195 53 minium,
344 1753 89 53 &
380 1753 178 53 quidam
504 1753 213 53 ambigunt
646 1753 71 53 ex

212 1797 253 37 dubitationibus
422 1797 253 37 contingentibus
619 1797 98 37 istit

203 1830 148 45 rebus,
307 1830 74 45 &
337 1830 178 45 quaerunt
470 1830 134 45 scire
545 1830 163 45 distingue

732 172 92 46 re
778 172 123 46 quis
855 172 169 46 iudicat
978 172 123 46 vere
1055 172 123 46 apud
1116 172 139 46 compre-

725 204 207 46 hensiones
884 204 239 46 contrarias.
1075 204 80 46 &
1091 204 159 46 medicina

727 244 165 48 istorum,
851 244 124 48 sicut
933 244 110 48 post
1002 244 137 48 dicet,
1098 244 82 48 ab
1139 244 96 48 hac
1180 244 69 48 in-

729 281 158 47 firmitate
850 281 85 47 est
899 281 146 47 facilis.
1008 281 97 47 D.d.
1069 281 73 47 Et
1105 281 109 47 istae
1166 281 85 47 quae-

731 328 155 34 stiones
844 328 183 34 amhiguae,
984 328 99 34 &c.
1041 328 85 34 i.
1083 328 70 34 &
1111 328 99 34 qui
1153 328 99 34 ambi-

736 362 97 39 git
792 362 83 39 in
833 362 181 39 similibus
972 362 250 39 quaestionibus,
1181 362 69 39 &
1194 362 56 39 du

736 399 124 53 bitat
819 399 124 53 vtrum
901 399 137 53 illud,
997 399 110 53 quod
1066 399 110 53 sani
1121 399 124 53 compre-

730 436 171 46 hendunt,
858 436 100 46 est
915 436 143 46 verum,
1015 436 100 46 aut
1072 436 143 46 illud,
1172 436 114 46 quod

726 476 167 51 infirmi
847 476 273 51 comprehendunt,
1074 476 76 51 &
1105 476 136 51 etiam
1180 476 61 51 il

732 517 117 45 lud,
805 517 117 45 quod
878 517 160 45 apparet
995 517 87 45 ex
1038 517 160 45 remoto,
1155 517 102 45 aut
1199 517 58 45 il

735 557 113 50 lud,
805 557 113 50 quod
876 557 155 50 apparet
988 557 85 50 ex
1031 557 197 50 propinquo,
1172 557 70 50 si-

727 592 140 43 milis
821 592 109 43 est
883 592 202 43 dubitanti
1038 592 140 43 vtrum
1131 592 109 43 nos
1177 592 78 43 cum

729 628 171 46 dicimus
854 628 124 46 hoc,
931 628 155 46 scimus
1040 628 93 46 in
1086 628 155 46 somno,
1179 628 78 46 aut

725 668 88 45 in
769 668 175 45 vigilia.
901 668 117 45 D.d.
974 668 73 45 &
1003 668 102 45 vis
1061 668 146 45 omnium
1149 668 102 45 ista-

733 709 104 51 rum,
798 709 91 51 &c.
850 709 78 51 i.
889 709 65 51 &
915 709 91 51 vis
967 709 130 51 omnium
1057 709 143 51 istarum
1148 709 104 51 qudnum

735 748 79 50 in
774 748 79 50 eo
814 748 105 50 quod
879 748 105 50 dant
945 748 79 50 de
984 748 210 50 dubitatione,
1155 748 66 50 &
1168 748 79 50 ambi

736 796 153 44 guitate,
851 796 89 44 est
902 796 127 44 eadem.
991 796 114 44 Causa
1067 796 102 44 enim
1118 796 127 44 ambigui-

739 824 101 50 tatis
806 824 101 50 earum
873 824 78 50 est
918 824 101 50 eadem
985 824 134 50 scilicet
1085 824 89 50 quia
1130 824 123 50 opinantur

735 865 124 50 omnia
818 865 138 50 habere
915 865 152 50 causas,
1025 865 83 50 ex
1067 865 138 50 quibus
1149 865 97 50 cogno

729 894 152 52 scuntur,
843 894 63 52 &
869 894 152 52 quaerunt
982 894 177 52 principia,
1122 894 76 52 ex
1147 894 101 52 quibus

733 941 222 51 demonstrentur.
918 941 62 51 &
942 941 74 51 si
979 941 197 51 distinxerint
1140 941 99 51 quod
1189 941 62 51 est

733 981 149 53 cognitum
845 981 87 53 per
894 981 87 53 se,
944 981 75 53 ab
982 981 87 53 eo,
1031 981 100 53 quod
1094 981 87 53 non
1143 981 87 53 est
1181 981 62 53 co-

736 1021 135 37 gnitum,
834 1021 98 37 tunc
895 1021 98 37 iste
956 1021 110 37 error
1030 1021 159 37 auferetur
1152 1021 74 37 ab
1177 1021 61 37 eis

733 1049 102 62 D.d.
797 1049 114 62 Qniam
873 1049 114 62 autem
949 1049 89 62 non
1000 1049 102 62 sunt
1063 1049 165 62 contenti,
1178 1049 63 62 &c.

732 1101 77 50 i.
771 1101 142 50 quoniam
874 1101 103 50 iste
938 1101 116 50 modus
1015 1101 142 50 hominum
1118 1101 90 50 non
1157 1101 90 50 negat

727 1138 112 50 ista
797 1138 238 50 proteruiendo,
993 1138 70 50 &
1021 1138 154 50 propter
1119 1138 126 50 gloriam

731 1173 120 45 sicut
810 1173 146 45 faciunt
917 1173 146 45 Logici,
1023 1173 93 45 sed
1076 1173 106 45 quia
1129 1173 120 45 accidit

729 1221 96 37 eis
784 1221 96 37 non
839 1221 138 37 habere
936 1221 234 37 certitudinem.
1129 1221 96 37 hoc
1170 1221 83 37 enim

725 1252 217 41 manifestum
896 1252 109 41 est
958 1252 93 41 ex
1005 1252 217 41 sermonibus
1160 1252 93 41 isto

725 1293 107 37 rum
786 1293 184 37 hominum,
924 1293 107 37 sed
985 1293 214 37 infirmitas
1138 1293 107 37 eorum

729 1329 118 49 est,
803 1329 118 49 quia
877 1329 178 49 quaerunt
1010 1329 178 49 terminum
1143 1329 89 49 in
1173 1329 74 49 eo,

733 1368 132 42 quod
815 1368 115 42 non
881 1368 148 42 habet
980 1368 214 42 terminum,
1144 1368 82 42 &
1161 1368 82 42 de-

736 1410 265 40 monstrationem
954 1410 93 40 in
1001 1410 202 40 principio
1141 1410 109 40 demon

736 1445 208 45 strationis.
902 1445 111 45 D.d.
972 1445 83 45 Et
1013 1445 208 45 medicinatio
1166 1445 83 45 isto

740 1492 87 31 rum
789 1492 87 31 est
839 1492 137 31 facilis
938 1492 75 31 id
976 1492 87 31 est
1025 1492 99 31 quia
1087 1492 87 31 non
1125 1492 124 31 quaerunt

729 1524 122 38 ista
805 1524 213 38 intendendo
972 1524 213 38 victoriam,
1140 1524 76 38 &
1155 1524 91 38 ideo

735 1560 194 49 quaestione
888 1560 181 49 dissoluta
1027 1560 208 49 abscindetur
1180 1560 69 49 il-

733 1600 79 43 la
772 1600 172 43 dubitatio
905 1600 79 43 ab
945 1600 106 43 eis.
1011 1600 106 43 D.d.
1077 1600 106 43 Illi
1143 1600 132 43 autem,

735 1638 89 51 qui
786 1638 164 51 quaerunt,
912 1638 89 51 &c.
963 1638 76 51 i.
1001 1638 114 51 illi,
1077 1638 89 51 qui
1115 1638 139 51 dubitant,

733 1676 78 39 in
772 1676 131 39 istis,
864 1676 65 39 &
890 1676 157 39 quaerunt
1008 1676 92 39 non
1060 1676 92 39 est
1112 1676 118 39 aliud
1178 1676 78 39 nisi

734 1724 80 40 ad
774 1724 173 40 vincendum
907 1724 213 40 aduersarios,
1080 1724 160 40 quaerunt
1186 1724 67 40 im-

735 1751 189 51 possibile,
884 1751 68 51 &
911 1751 108 51 quod
979 1751 95 51 non
1033 1751 149 51 pactent
1127 1751 122 51 facere,

740 1789 180 53 quaerunt
875 1789 150 53 deinde
980 1789 150 53 facere
1084 1789 90 53 vt
1114 1789 135 53 contin-

743 1828 110 54 gant
812 1828 124 54 illis
895 1828 165 54 sermones
1019 1828 193 54 contrarij.
1170 1828 69 54 &
1184 1828 69 54 cum
