1475 2066
201 141 152 61 natur
302 141 152 61 erit.
404 141 135 61 Quod
488 141 169 61 igitur
589 141 135 61 omnium

211 188 208 46 certissima
374 188 148 46 opinio
478 188 104 46 est
537 188 104 46 non
597 188 119 46 esse
656 188 74 46 si-

213 236 119 38 mul
281 236 152 38 veras
382 236 220 38 oppositas
535 236 186 38 dictiones

210 269 75 45 &
240 269 120 45 quid
315 269 150 45 illis,
420 269 105 45 qui
481 269 105 45 sic
541 269 150 45 dicunt
631 269 90 45 acci

215 317 121 43 dat,
291 317 76 43 &
321 317 106 43 cur
382 317 106 43 ita
443 317 167 43 dicunt,
564 317 121 43 haec
625 317 106 43 demun

217 354 149 52 dicta
317 354 149 52 sint.
416 354 116 52 Cum
482 354 132 52 vero
548 354 182 52 impossibi

214 394 97 48 le
262 394 113 48 sit
327 394 307 48 contradictionem
586 394 145 48 simul
666 394 65 48 de

216 444 115 46 eodem
293 444 192 46 verificari,
446 444 115 46 patet
523 444 102 46 quod
587 444 115 46 neque
650 444 77 46 con-

215 483 155 39 traria
323 483 140 39 simul
416 483 140 39 eidem
509 483 155 39 inesse
602 483 124 39 contin

216 533 115 41 git.
287 533 229 41 contrariorum
473 533 115 41 enim
545 533 157 41 alterum
659 533 100 41 non

212 572 149 38 minus
311 572 198 38 priuatio
459 572 132 38 est.
525 572 198 38 substantia

220 608 130 51 vero
301 608 196 51 priuatio
448 608 179 51 negatio
578 608 82 51 a
595 608 130 51 quodam

215 645 225 53 determinato
395 645 150 53 genere
500 645 120 53 est.
575 645 90 53 Si
605 645 120 53 impos-

214 685 148 45 sibile
318 685 148 45 itaque
422 685 104 45 est
481 685 133 45 simul
555 685 163 45 affirmare

209 727 83 44 &
243 727 166 44 negare
359 727 149 44 vere,
458 727 249 44 impossibile
640 727 83 44 est

210 773 101 38 est
267 773 187 38 contraria
411 773 129 38 simul
497 773 158 38 inesse.
612 773 101 38 sed
655 773 72 38 aut

209 813 118 54 ambo
283 813 176 54 secundum
415 813 176 54 aliquid,
548 813 103 54 aut
592 813 132 54 alterum

213 863 158 36 secundum
331 863 158 36 aliquid,
449 863 144 36 alterum
541 863 184 36 simpliciter.

249 901 113 45 inter
325 901 239 45 contradictionem
526 901 88 45 non
577 901 101 45 dari
627 901 63 45 me-

285 947 234 46 dium.
467 947 208 46 Cap.
571 947 78 46 5

321 979 146 52 Tvero
418 979 114 52 nec
483 979 146 52 inter
565 979 163 52 contradi

322 1022 159 58 ctionem
437 1022 188 58 possibile
582 1022 101 58 est
626 1022 101 58 quid-

319 1065 129 53 quam
400 1065 161 53 medium
512 1065 145 53 esse,
609 1065 113 53 sed
658 1065 65 53 ne

205 1108 131 51 cesse
293 1108 102 51 est
351 1108 160 51 dicere,
467 1108 102 51 aut
525 1108 145 51 negare
613 1108 116 51 vnunm-

211 1155 189 53 quodque
348 1155 103 53 de
400 1155 138 53 vno.
486 1155 241 53 Manifestum
658 1155 69 53 au

217 1192 102 42 tem
276 1192 102 42 est
334 1192 132 42 primo
422 1192 146 42 quidem
510 1192 219 42 definientibus

209 1239 138 44 quid
295 1239 173 44 verum,
416 1239 173 44 quidue
537 1239 173 44 falsum
641 1239 86 44 est

221 1276 140 46 dicere
319 1276 140 46 nanque
417 1276 98 46 ens
473 1276 98 46 non
528 1276 126 46 esse,
612 1276 98 46 aut
654 1276 70 46 hoc

216 1315 127 56 esse,
300 1315 155 56 falsum:
413 1315 98 56 ens
469 1315 127 56 autem
553 1315 127 56 esse,
638 1315 70 56 &
652 1315 70 56 non

211 1358 116 44 ens
278 1358 116 44 non
344 1358 149 44 esse,
444 1358 149 44 verum
543 1358 133 44 est.
610 1358 116 44 quare

217 1397 74 45 &
247 1397 103 45 qui
306 1397 133 45 dicit
394 1397 133 45 esse,
483 1397 103 45 aut
541 1397 103 45 non
600 1397 133 45 esse,
674 1397 59 45 ve

220 1445 108 45 rum
281 1445 154 45 dicet,
389 1445 108 45 aut
450 1445 200 45 metietur.
604 1445 108 45 sed
650 1445 77 45 nec

222 1485 98 45 ens
278 1485 154 45 dicitur
390 1485 98 45 non
446 1485 126 45 esse,
530 1485 98 45 aut
586 1485 126 45 esse,
656 1485 70 45 neo

215 1533 113 37 non
279 1533 129 37 ens.
360 1533 129 37 Item
440 1533 161 37 medium
553 1533 145 37 inter
633 1533 97 37 con-

222 1570 258 40 tradictionem,
434 1570 106 40 aut
495 1570 121 40 erit
570 1570 182 40 quemadmo

210 1607 126 43 dum
282 1607 180 43 fuscum
408 1607 162 43 inter
517 1607 162 43 album
625 1607 90 43 &
643 1607 90 43 ni-

219 1661 166 40 grum,
329 1661 129 40 aut
403 1661 295 40 quemandmodum
624 1661 111 40 neu-

209 1692 148 53 trum
302 1692 167 53 inter
414 1692 204 53 hominem
562 1692 93 53 &
581 1692 148 53 equum.

208 1734 94 44 Si
255 1734 156 44 itaque
365 1734 109 44 ita
427 1734 125 44 est,
505 1734 109 44 non
552 1734 172 44 mutabitus

216 1776 205 46 profecto,
374 1776 95 46 ex
421 1776 110 46 non
485 1776 126 46 bono
563 1776 158 46 nanque
674 1776 95 46 in

215 1821 159 53 bonum
321 1821 212 53 mutatur,
480 1821 124 53 aut
551 1821 106 53 ex
604 1821 124 53 hoc
656 1821 71 53 in

747 146 127 49 non
819 146 181 49 bonum.
946 146 145 49 nunc
1037 146 145 49 vero
1128 146 181 49 semper
1237 146 54 49 D

741 188 176 47 apparet.
873 188 102 47 non
932 188 117 47 enim
1005 188 102 47 est
1063 188 176 47 mutatio,
1180 188 88 47 nisi

750 228 85 54 ad
792 228 170 54 opposita
920 228 71 54 &
949 228 142 54 media.
1048 228 114 54 quod
1119 228 85 54 si
1162 228 99 54 est
1204 228 57 54 me

749 269 124 45 dium,
832 269 124 45 etiam
915 269 96 45 sic
970 269 138 45 aliqua
1066 269 110 45 erit
1135 269 83 45 in
1163 269 96 45 album

738 314 114 40 non
803 314 98 40 ex
852 314 114 40 non
917 314 130 40 albo
998 314 228 40 generatio,
1161 314 98 40 nunc

749 359 127 43 autem
833 359 99 43 non
890 359 169 43 videtur.
1017 359 113 43 Item
1087 359 113 43 omne
1143 359 113 43 intel-

742 396 204 49 lectuale,
899 396 110 49 aut
962 396 267 49 intelligibile
1166 396 94 49 mens

743 446 109 37 aut
806 446 202 37 affirmat,
961 446 109 37 aut
1023 446 155 37 negat:
1132 446 109 37 hoc
1178 446 78 37 ve-

736 478 95 44 ro
784 478 95 44 ex
831 478 238 44 definitione
1021 478 158 44 patet,
1132 478 111 44 cum
1180 478 79 44 ve-

738 520 122 42 rum
807 520 174 42 dicat,
929 520 122 42 aut
998 520 243 42 mentiatur.
1172 520 87 42 cum

750 564 120 46 enim
825 564 105 46 sic
885 564 195 46 componens
1035 564 150 46 dicat,
1140 564 105 46 aut
1185 564 75 46 ne-

746 602 129 55 get,
827 602 145 55 verum
923 602 161 55 dicit:
1036 602 113 55 cum
1101 602 129 55 vero
1165 602 81 55 sic

747 645 168 46 mentitur.
877 645 104 46 Item
941 645 78 46 in
980 645 142 46 omnibus
1071 645 181 46 contradictio

737 685 133 46 nibus
826 685 118 46 esse
900 685 178 46 oportet,
1033 685 118 46 nisi
1092 685 163 46 orationis

747 728 149 51 gratia
851 728 179 51 dicatur,
986 728 134 51 quare
1075 728 134 51 neque
1150 728 104 51 verum

740 780 146 35 dicet
837 780 195 35 aliquis,
984 780 146 35 neque
1081 780 114 35 non
1130 780 114 35 verum

739 819 83 39 &
773 819 182 39 praeter
905 819 116 39 ens
971 819 83 39 &
1004 819 116 39 non
1070 819 132 39 ens,
1153 819 149 39 quare

742 853 112 45 est
806 853 177 45 praeter
935 853 257 45 generationem
1144 853 80 45 &
1160 853 96 45 cor-

743 898 225 42 ruptionem
916 898 277 42 transmutatio
1124 898 138 42 aliqua

739 949 149 47 erit.
839 949 133 47 Item
922 949 99 47 in
971 949 265 47 quibuscunque
1170 949 83 47 ge-

741 980 190 46 neribus
879 980 190 46 negatio
1017 980 242 46 contrarium
1190 980 69 46 in

743 1022 128 44 ducit,
833 1022 77 44 in
871 1022 90 44 his
923 1022 115 44 etiam
1000 1022 115 44 erit,
1077 1022 77 44 vt
1115 1022 103 44 puta
1179 1022 77 44 in
1205 1022 51 44 nu

744 1072 156 46 meris,
854 1072 109 46 nec
916 1072 156 46 impar,
1025 1072 109 46 nec
1087 1072 109 46 non
1134 1072 125 46 impar,

742 1108 166 50 numerus.
866 1108 97 50 sed
922 1108 207 50 impossibile
1087 1108 110 50 est.
1156 1108 83 50 ex
1184 1108 69 50 de-

740 1149 217 44 finitione
907 1149 150 44 autem
1007 1149 117 44 est
1057 1149 200 44 manifestum

744 1190 119 52 ltem
818 1190 89 52 in
863 1190 193 52 infinitum
1011 1190 193 52 procedet,
1159 1190 89 52 et
1189 1190 74 52 en-

739 1232 111 50 tia
802 1232 111 50 non
866 1232 142 50 solum
961 1232 269 50 sexquialtera,
1182 1232 111 50 sed

741 1274 103 51 est
800 1274 133 51 plura
889 1274 148 51 erunt.
992 1274 148 51 rursus
1096 1274 148 51 nanque
1184 1274 74 51 hoc

745 1324 157 47 negare
855 1324 125 47 erit
933 1324 94 47 ad
980 1324 266 47 affirmationem
1199 1324 94 47 et

746 1360 233 43 negationem.
933 1360 78 43 &
964 1360 109 43 hoc
1026 1360 186 43 quicquam
1150 1360 109 43 erit.

742 1404 190 40 substantia
891 1404 135 40 nanque
986 1404 108 40 eius
1054 1404 95 40 est
1108 1404 108 40 alia
1162 1404 95 40 quae-

747 1441 122 56 dam.
823 1441 137 56 Item,
914 1441 107 56 cum
975 1441 152 56 aliquo
1067 1441 198 56 interrogamn

748 1481 96 52 te,
803 1481 82 52 an
844 1481 123 52 album
926 1481 96 52 est
981 1481 123 52 dicat
1063 1481 109 52 quod
1131 1481 109 52 non,
1186 1481 68 52 ni-

747 1522 101 57 hil
804 1522 130 57 aliud
891 1522 159 57 negauit
1007 1522 116 57 nisi
1079 1522 130 57 ipsum
1151 1522 101 57 esse,

741 1564 142 46 ipsum
836 1564 127 46 vero
915 1564 111 46 non
978 1564 127 46 esse
1057 1564 174 46 negatio
1168 1564 95 46 est.

789 1618 99 69 Et
838 1618 164 69 dignum
953 1618 115 69 est
1019 1618 99 69 vt
1068 1618 197 69 cogantur
1199 1618 66 69 ad

743 1669 189 61 licendum
885 1669 126 61 hoc,
964 1669 110 61 qui
1027 1669 110 61 non
1090 1669 158 61 dicunt
1184 1669 79 61 am-

749 1716 193 68 bigendo,
894 1716 112 68 sed
958 1716 225 68 disputando
1118 1716 145 68 tantum,

750 1762 121 60 quod
826 1762 106 60 hoc
886 1762 106 60 non
947 1762 106 60 est
1007 1762 152 60 verum,
1113 1762 106 60 sed
1159 1762 106 60 verum

746 1811 100 63 per
803 1811 114 63 hoc.
874 1811 71 63 &
902 1811 128 63 sicut
988 1811 128 63 prius
1073 1811 114 63 fuit
1130 1811 128 63 dictum,
