1475 2066
198 180 121 48 tiqui,
282 180 169 48 contraria.
415 180 145 48 scilicet
524 180 121 48 magnum
608 180 60 48 &
620 180 109 48 paruum,

214 215 69 51 &
242 215 181 51 subiectum
381 215 194 51 recipiens,
534 215 111 51 quod
603 215 97 51 est
645 215 83 51 vnum

211 255 101 52 Qui
268 255 130 52 autem
355 255 188 52 posuerunt
500 255 188 52 principia
630 255 87 52 vnum

208 293 62 53 &
232 293 162 53 infinitum
357 293 150 53 generant
469 293 75 53 ex
507 293 137 53 dualita
606 293 75 53 te
644 293 87 53 non
681 293 50 53 po

210 332 135 55 suerunt
308 332 171 55 contrarijs
442 332 147 55 scilicet
552 332 98 55 vnum
614 332 61 55 &
626 332 110 55 infini-

209 372 104 50 tum
269 372 163 50 aliquod
387 372 208 50 subiectum.
551 372 119 50 D.d.
625 372 89 50 Et
655 372 74 50 qui

212 408 100 56 dam
269 408 200 56 posuerunt,
426 408 100 56 &c.
484 408 86 56 i.
527 408 72 56 &
555 408 157 56 istorum
655 408 72 56 di-

217 460 141 44 centium.
323 460 141 44 scilicet
429 460 94 44 quod
488 460 153 44 principia
606 460 94 44 sunt
653 460 71 44 nume

208 500 96 30 ri,
263 500 137 30 quidam
359 500 124 30 etiam
442 500 178 30 posuerunt
579 500 151 30 numeros
675 500 55 30 ex

210 535 223 35 sensibilibus,
394 535 79 35 i.
433 535 131 35 formas
525 535 210 35 sensibilium.
696 535 66 35 &

209 572 114 38 isti
280 572 114 38 sunt
351 572 170 38 dicentes
479 572 142 38 formas
578 572 71 38 &
592 572 142 38 numeros,

215 608 67 42 &
241 608 134 42 quidam
336 608 121 42 etiam
416 608 148 42 dicunt,
524 608 108 42 quod
578 608 161 42 sensibilia

208 647 120 51 sunt
283 647 120 51 ipsi
358 647 165 51 numeri,
478 647 75 51 &
508 647 120 51 sunt
568 647 165 51 Pythagori

210 686 101 44 ci.
267 686 87 44 Et
311 686 116 44 quia
383 686 145 44 quidam
484 686 188 44 dicentium
614 686 116 44 formas

215 728 104 42 esse,
285 728 115 42 ponunt
365 728 138 42 numeros,
469 728 58 42 &
492 728 196 42 vniversaliter
641 728 81 42 subie

215 766 130 36 ctum
296 766 293 36 mathematicorum
541 766 179 36 naturas
655 766 65 36 me

210 805 113 48 dias
281 805 127 48 inter
365 805 141 48 formas
464 805 71 48 &
493 805 212 48 sensibilia,
662 805 71 48 &
676 805 57 48 Py

211 844 178 50 thagorici
349 844 151 50 neutrum
458 844 151 50 dicunt,
568 844 96 50 sed
609 844 124 50 dicunt,

212 886 110 44 quod
281 886 83 44 ex
322 886 151 44 numeris
432 886 206 44 componuntur
597 886 138 44 entia,
680 886 55 44 d.

207 925 85 37 &
241 925 119 37 non
309 925 169 37 ponunt
427 925 254 37 mathematica
613 925 119 37 intel

217 963 125 47 ista.
300 963 83 47 Et
342 963 125 47 forte
425 963 138 47 innuit
522 963 166 47 dicentes
632 963 97 47 nume-

212 998 88 52 ros
262 998 100 52 esse
324 998 138 52 formas.
424 998 113 52 Istae
499 998 100 52 enim
562 998 100 52 sunt
624 998 100 52 duae
674 998 50 52 se

216 1038 111 52 ctae,
289 1038 123 52 quidam
376 1038 98 52 enim
437 1038 135 52 dicunt,
535 1038 98 52 quod
597 1038 135 52 numeri,
695 1038 61 52 &

216 1078 147 53 formae
319 1078 118 53 sunt
393 1078 162 53 eiusdem
511 1078 177 53 naturae:
644 1078 74 53 &
658 1078 74 53 qui

220 1118 94 44 dam
273 1118 148 44 dicunt,
381 1118 108 44 quod
448 1118 135 44 natura
543 1118 175 44 numerorum
664 1118 67 44 est

214 1159 110 55 alia
283 1159 69 55 a
310 1159 137 55 natura
406 1159 178 55 formarum,
544 1159 69 55 &
571 1159 110 55 quod
640 1159 96 55 est
681 1159 55 55 na

209 1200 121 43 tura
284 1200 136 43 media
375 1200 136 43 inter
466 1200 151 43 formas
572 1200 76 43 &
587 1200 136 43 sensibi

217 1237 106 45 lia,
283 1237 79 45 vt
323 1237 146 45 habetur
429 1237 79 45 in
468 1237 132 45 Tertio
561 1237 132 45 istius
640 1237 93 45 libri

236 1278 117 52 D.d.
309 1278 102 52 Qui
368 1278 131 52 autem
455 1278 189 52 posuerunt
601 1278 131 52 vnum,
688 1278 73 52 &

210 1323 174 41 numeros,
340 1323 101 41 &c.
398 1323 87 41 i.
441 1323 101 41 qui
499 1323 130 41 autem
572 1323 159 41 posuerunt

221 1363 136 40 vnum,
312 1363 76 40 &
342 1363 167 40 numeros
463 1363 121 40 esse
539 1363 152 40 partes
630 1363 106 40 rerum

211 1398 221 44 sensibilium,
390 1398 69 44 &
418 1398 96 44 non
473 1398 179 44 dixerunt,
611 1398 110 44 quod
666 1398 69 44 nu-

216 1436 125 52 merus
300 1436 97 52 est
355 1436 111 52 ipsa
425 1436 139 52 entia,
522 1436 125 52 sicut
592 1436 139 52 dixerunt

216 1476 186 52 Pythagorici
364 1476 149 52 scilicet
476 1476 124 52 partem
563 1476 161 52 formalem,
674 1476 62 52 ve-

209 1517 150 38 nerunt
314 1517 90 38 ad
359 1517 180 38 dicendum
493 1517 165 38 formas,
613 1517 75 38 &
643 1517 90 38 ad
673 1517 60 38 di

220 1552 135 43 cendum
314 1552 94 43 eas
368 1552 108 43 esse
435 1552 148 43 numeros
543 1552 94 43 per
584 1552 148 43 perscruta

218 1591 129 44 tionem
309 1591 78 44 de
348 1591 129 44 natura
438 1591 220 44 definitionum,
607 1591 129 44 scilicet

218 1630 95 36 vnd
273 1630 164 36 venerunt
396 1630 136 36 formae
491 1630 82 36 in
532 1630 109 36 eis,
600 1630 68 36 &
628 1630 95 36 res
668 1630 55 36 de

213 1668 152 42 finitae
323 1668 124 42 extra
406 1668 138 42 animam
503 1668 110 42 sunt
558 1668 179 42 transmutabi

215 1709 98 50 les:
276 1709 171 50 quapropter
411 1709 135 50 necesse
509 1709 98 50 fuit
570 1709 98 50 apud
631 1709 86 50 eos
668 1709 61 50 po-

212 1743 126 41 nere
291 1743 205 41 subiectum
449 1743 268 41 definitionum,
653 1743 79 41 aut

213 1787 110 44 ipsas
286 1787 196 44 definitiones
446 1787 123 44 formas
532 1787 110 44 esse.
605 1787 61 44 &
618 1787 110 44 perorpi

213 1821 118 38 hoc,
287 1821 118 38 quia
361 1821 148 38 formae
465 1821 118 38 sunt
539 1821 118 38 apud
613 1821 104 38 eos
657 1821 74 38 con

213 1862 141 47 iunctae
315 1862 89 47 cum
367 1862 166 47 materijs,
494 1862 217 47 iudicauerunt,
660 1862 77 47 quod

746 172 146 54 natura
849 172 132 54 earum
937 172 102 54 non
995 172 102 54 est
1054 172 117 54 alia
1127 172 73 54 a
1156 172 146 54 nutura
1258 172 88 54 nu

755 213 101 45 meri.
822 213 112 45 formae
900 213 90 45 enim
956 213 67 45 si
990 213 101 45 sint,
1057 213 168 45 impossibile
1192 213 78 45 est
1225 213 45 45 vt

756 261 131 38 natura
847 261 118 38 earum
926 261 92 38 sit
978 261 105 38 alia
1044 261 65 38 a
1070 261 131 38 natura
1148 261 118 38 nuneri.

770 293 112 54 D.d.
840 293 98 54 Qui
896 293 125 54 autem
979 293 139 54 posuit
1077 293 125 54 aliam
1147 293 125 54 naturam

750 333 144 45 dualem.
855 333 79 45 i.
894 333 92 45 qui
947 333 118 45 autem
1026 333 131 45 posuit
1104 333 171 45 dualitatem,

749 380 104 38 quae
814 380 91 38 est
866 380 78 38 ex
904 380 129 38 natura
995 380 168 38 materiae,
1125 380 91 38 non
1176 380 78 38 ex
1202 380 65 38 na-

754 412 108 54 tura
821 412 148 54 formae,
929 412 108 54 quia
996 412 81 54 ex
1036 412 81 54 ea
1077 412 188 54 generantur
1211 412 54 54 nu

747 455 109 49 meri
815 455 136 49 pares,
911 455 95 49 non
965 455 204 49 generatione
1114 455 150 49 naturali.

746 488 124 55 sicut
829 488 96 55 res
884 488 192 55 generantur
1035 488 69 55 a
1062 488 96 55 suo
1103 488 165 55 exemplari.

756 527 61 43 &
780 527 97 43 quod
841 527 85 43 est
889 527 109 43 causa
962 527 158 43 infiniti,
1083 527 109 43 recte
1144 527 121 43 dixerunt

754 568 108 59 quam,
826 568 72 59 si
862 568 84 59 hoc
911 568 108 59 esset
983 568 133 59 acciuns
1079 568 169 59 dualitati,
1212 568 84 59 non

747 606 132 44 semper
839 606 199 44 inueniretur
998 606 79 44 ei
1038 606 106 44 ista
1104 606 132 44 actio.
1184 606 79 44 Quod

747 648 111 42 enim
816 648 180 42 inuenitur
955 648 83 42 in
996 648 138 42 aliqua
1093 648 83 42 re
1121 648 138 42 accidens

754 693 118 36 taliter
840 693 75 36 est
883 693 161 36 econtrario,
1012 693 129 36 scilicet
1108 693 86 36 quod
1162 693 86 36 raro
1205 693 64 36 inue

753 725 143 44 nitur.
853 725 72 44 &
882 725 100 44 hoc
939 725 201 44 intendebat
1097 725 100 44 cum
1154 725 143 44 dixit:

756 765 102 52 Quae
820 765 114 52 autem
896 765 152 52 accidunt
1010 765 89 52 ei,
1061 765 102 52 sunt
1112 765 152 52 econtrario

794 801 110 57 Qui
857 801 126 57 vero
936 801 157 57 formam
1046 801 189 57 inducit,
1172 801 94 57 quae

755 846 107 44 vna
816 846 122 44 est,
892 846 152 44 multas
999 846 152 44 facit.
1090 846 183 44 Similiter.

748 892 163 43 autem
856 892 90 43 &
893 892 217 43 masculus
1055 892 108 43 ad
1091 892 181 43 foeminam

752 933 91 45 se
797 933 152 45 habet.
904 933 122 45 haec
980 933 152 45 etenim
1087 933 91 45 ex
1133 933 107 45 vno
1179 933 91 45 con-

747 977 169 49 gressu
866 977 220 49 impletur,
1035 977 203 49 masculus
1170 977 102 49 vero

753 1018 156 40 multas
862 1018 171 40 implet.
987 1018 93 40 at
1034 1018 125 40 ista
1096 1018 171 40 imitatios

751 1060 118 46 nes
819 1060 185 46 illorum
953 1060 269 46 principiorum
1155 1060 118 46 sunt.

759 1101 139 53 Plato
851 1101 155 53 igitur
960 1101 93 53 de
1006 1101 217 53 propositis
1161 1101 108 53 quae-

746 1144 208 42 stionibus
906 1144 112 42 ita
970 1144 271 42 determinauit.
1177 1144 96 42 PPa-

754 1189 104 54 tet
813 1189 133 54 autem
902 1189 89 54 ex
947 1189 163 54 dictis,
1065 1189 193 54 quoduabus
1199 1189 74 54 cau

744 1228 109 46 sis
807 1228 156 46 vtitur
916 1228 156 46 solum,
1025 1228 109 46 ea,
1088 1228 125 46 quae
1150 1228 125 46 ipsius

752 1272 138 49 quid
838 1272 138 49 est,
924 1272 86 49 &
959 1272 121 49 ea,
1028 1272 138 49 quae
1097 1272 173 49 secundum

752 1324 219 32 materiam.
921 1324 169 32 formae
1039 1324 135 32 enim
1106 1324 169 32 caeteris

756 1357 148 53 ipsius
860 1357 118 53 quid
933 1357 118 53 sint
1007 1357 148 53 causae
1111 1357 133 53 sunt,
1184 1357 89 53 for-

749 1402 114 48 mis
814 1402 131 48 vero
896 1402 147 48 ipsum
994 1402 147 48 vnum.
1091 1402 82 48 &
1124 1402 131 48 quae
1189 1402 82 48 sub

752 1441 137 42 iecta
843 1441 183 42 materia,
980 1441 91 42 de
1026 1441 106 42 qua
1086 1441 167 42 formae,
1193 1441 76 42 il-

746 1485 105 45 lae
806 1485 151 45 quidem
912 1485 90 45 in
957 1485 256 45 sensibilibus,
1168 1485 136 45 ipsum

751 1524 124 45 vero
828 1524 124 45 vnum
905 1524 93 45 in
952 1524 155 45 formis
1060 1524 186 45 dicitur:
1184 1524 93 45 quia

749 1571 195 39 dualitas
895 1571 130 39 haec
976 1571 130 39 est,
1058 1571 163 39 magnum
1171 1571 81 39 &
1188 1571 81 39 par

754 1610 125 56 uum.
832 1610 125 56 ltem
910 1610 156 56 ipsius
1019 1610 140 56 bene,
1097 1610 171 56 ipsiusque

743 1652 133 46 male
826 1652 166 46 causam
943 1652 216 46 elementis
1092 1652 183 46 attribuit

745 1699 180 48 vtrisque
880 1699 195 48 vtranque:
1030 1699 120 48 quod
1105 1699 135 48 etiam
1180 1699 90 48 pri-

744 1741 185 54 morum
868 1741 226 54 quosdam
1012 1741 267 54 Philosopho-

742 1780 142 60 rum
823 1780 305 60 Empedoclem,
1067 1780 102 60 &
1087 1780 183 60 Anaxago

747 1829 119 45 ram
815 1829 153 45 magis
917 1829 187 45 dicimus
1036 1829 238 45 quaesiuisse.
