2436 3724
183 270 215 97 virtutes:
349 270 116 97 ita
415 270 132 97 quod
498 270 232 97 necessario
680 270 149 97 simul
779 270 165 97 habent
895 270 132 97 esse
977 270 165 97 gratia
1093 270 83 97 &
1126 270 132 97 tres
1209 270 215 97 virtutes.
1374 270 99 97 Si
1424 270 132 97 ergo
1507 270 116 97 vna
1573 270 165 97 virtus
1689 270 199 97 deficiat
1838 270 99 97 vt
1871 270 99 97 cha-

184 355 158 61 ritas,
295 355 95 61 in
342 355 158 61 aliqua
453 355 190 61 potentia
596 355 174 61 animae:
722 355 174 61 necesse
849 355 111 61 est
912 355 190 61 deficere
1054 355 174 61 gratiam
1181 355 95 61 in
1228 355 127 61 eius
1308 355 206 61 essentia:
1466 355 79 61 &
1497 355 111 61 per
1561 355 222 61 consequens
1735 355 142 61 alias
1814 355 158 61 virtutes

180 407 98 66 vt
229 407 147 66 fidem
327 407 82 66 &
360 407 147 66 spem:
458 407 229 66 consequens
638 407 164 66 falsum
752 407 131 66 est:
834 407 131 66 ergo
915 407 82 66 &
948 407 245 66 antecedens.
1144 407 131 66 Nisi
1226 407 180 66 dicatur
1357 407 131 66 quod
1439 407 147 66 fides
1537 407 82 66 &
1570 407 131 66 spes
1651 407 164 66 manent
1766 407 147 66 solum
1848 407 114 66 secun

187 460 116 68 dum
254 460 183 68 aliquem
387 460 150 68 actum
486 460 266 68 credulitatis
702 460 233 68 acquisitum
885 460 100 68 ex
935 460 282 68 consuetudine:
1168 460 100 68 vt
1217 460 133 68 isti
1300 460 183 68 habitus
1433 460 150 68 fidei
1533 460 282 68 praecedentis:
1766 460 83 68 &
1782 460 183 68 similiter

189 514 153 66 spes:
291 514 85 66 &
325 514 153 66 nullo
426 514 136 66 modo
511 514 204 66 secundum
664 514 221 66 essentiam
834 514 187 66 habitus
969 514 187 66 infusi:
1105 514 102 66 vt
1156 514 153 66 fides
1258 514 85 66 &
1292 514 136 66 spes
1376 514 170 66 nullos
1495 514 187 66 habitus
1631 514 237 66 remanentes
1817 514 136 66 sine
1885 514 85 66 cha

185 572 165 65 ritate
301 572 182 65 ponant:
433 572 132 65 quod
516 572 116 65 non
582 572 149 65 tenet
681 572 215 65 ecclesiae
846 572 182 65 vnitas.
978 572 182 65 Secunda
1110 572 149 65 ratio
1209 572 132 65 est:
1291 572 132 65 quia
1374 572 132 65 tunc
1456 572 231 65 aequaliter
1638 572 149 65 fides
1737 572 83 65 &
1770 572 132 65 spes
1836 572 132 65 essent

197 634 195 60 virtutes
343 634 212 60 gratuitae
506 634 147 60 sicut
604 634 81 60 &
636 634 212 60 charitas:
799 634 114 60 nec
864 634 179 60 possent
994 634 130 60 esse
1076 634 195 60 informes
1222 634 147 60 sicut
1320 634 147 60 neque
1418 634 212 60 charitas.
1581 634 179 60 SEcunda
1711 634 179 60 opinio,
1841 634 98 60 vt
1874 634 81 60 for

190 674 93 70 te
237 674 202 70 videbitur
392 674 171 70 alicui,
516 674 109 70 non
578 674 155 70 potest
687 674 155 70 stare.
796 674 171 70 quoniam
920 674 124 70 tunc
997 674 186 70 charitas
1137 674 109 70 non
1199 674 264 70 corrumperetur
1416 674 248 70 simpliciter:
1618 674 109 70 sed
1680 674 202 70 solummodo
1835 674 109 70 per
1881 674 78 70 gra

189 729 129 70 tiae
269 729 274 70 diminutionem.
495 729 113 70 Sed
560 729 113 70 hoc
624 729 113 70 non
689 729 145 70 valet
785 729 177 70 quoniam
914 729 242 70 simpliciter
1108 729 242 70 corrumpitur
1301 729 113 70 sub
1366 729 177 70 ratione
1495 729 113 70 qua
1559 729 210 70 charitas.
1720 729 145 70 licet
1817 729 129 70 enim
1881 729 81 70 non

197 779 259 68 corrumpatur
404 779 121 68 quo
473 779 104 68 ad
525 779 224 68 essentiam
697 779 207 68 gratiae:
852 779 259 68 corrumpitur
1059 779 155 68 tamen
1163 779 207 68 secundum
1318 779 190 68 gradum,
1456 779 155 68 illum
1560 779 104 68 in
1612 779 121 68 quo
1681 779 207 68 secundum
1819 779 155 68 infimum

194 837 134 70 esse
278 837 134 70 suum
362 837 151 70 habet
463 837 184 70 fundari
597 837 101 70 in
647 837 184 70 gratia:
781 837 84 70 &
815 837 117 70 non
882 837 117 70 per
949 837 218 70 continuam
1117 837 268 70 diminutionem
1335 837 84 70 a
1368 837 151 70 gradu
1469 837 252 70 perfectiori
1670 837 235 70 charitatis
1838 837 134 70 augmen

192 891 154 62 tante
295 891 154 62 vsque
397 891 103 62 ad
449 891 274 62 corruptionem
671 891 171 62 illius
791 891 188 62 gradus.
928 891 103 62 In
979 891 223 62 charitate
1150 891 137 62 enim
1236 891 154 62 vltra
1339 891 171 62 gradum
1459 891 154 62 illum
1561 891 205 62 secundum
1715 891 137 62 quem
1801 891 154 62 primo
1886 891 86 62 fun

188 953 153 57 datur
290 953 204 57 charitas
443 953 102 57 in
494 953 187 57 gratia:
630 953 119 57 non
697 953 187 57 recipit
833 953 170 57 gratia
952 953 272 57 diminutionem
1173 953 187 57 propter
1309 953 187 57 naturam
1445 953 255 57 charitatis:
1648 953 102 57 in
1699 953 119 57 qua
1767 953 204 57 secundum
1903 953 68 57 ra

196 1001 171 66 tionem
316 1001 239 66 charitatis
504 1001 120 66 non
572 1001 154 66 cadit
675 1001 239 66 diminutio,
863 1001 154 66 licet
966 1001 154 66 cadat
1068 1001 239 66 augmentum,
1257 1001 137 66 quod
1342 1001 222 66 explicare
1513 1001 120 66 non
1582 1001 205 66 pertinet
1736 1001 103 66 ad
1770 1001 205 66 propositam

199 1057 258 61 quaestionem.
408 1057 145 61 Adhuc
505 1057 145 61 forte
602 1057 145 61 dicet
699 1057 193 61 aliquis:
844 1057 129 61 quod
924 1057 129 61 illa
1005 1057 161 61 opinio
1118 1057 145 61 stare
1214 1057 113 61 non
1279 1057 177 61 potest:
1408 1057 177 61 quoniam
1537 1057 145 61 magis
1633 1057 81 61 &
1666 1057 145 61 minus
1762 1057 97 61 in
1811 1057 145 61 eodem
1891 1057 81 61 non

191 1104 230 68 differunt
368 1104 194 68 specie,
509 1104 141 68 immo
598 1104 124 68 nec
668 1104 194 68 numero.
809 1104 106 68 Si
862 1104 141 68 ergo
951 1104 159 68 fides
1057 1104 88 68 &
1092 1104 141 68 spes
1180 1104 124 68 non
1251 1104 230 68 differant
1428 1104 106 68 in
1481 1104 230 68 charitate
1657 1104 141 68 nisi
1745 1104 212 68 secundum
1887 1104 88 68 ma-

192 1159 114 64 gis
257 1159 82 64 &
290 1159 163 64 minus,
404 1159 114 64 non
469 1159 131 64 sunt
551 1159 180 64 habitus
681 1159 245 64 differentes
877 1159 163 64 specie
992 1159 147 64 neque
1089 1159 147 64 etiam
1187 1159 180 64 numero.
1318 1159 131 64 Quod
1400 1159 212 64 similiter
1563 1159 114 64 non
1628 1159 163 64 valet.
1742 1159 180 64 quoniam
1857 1159 114 64 habi-

199 1212 118 66 tus
266 1212 134 66 illi
350 1212 118 66 non
418 1212 151 66 solum
518 1212 218 66 fundantur
686 1212 101 66 in
737 1212 168 66 gratia
854 1212 151 66 super
955 1212 151 66 magis
1056 1212 84 66 &
1090 1212 168 66 minus:
1207 1212 118 66 sed
1274 1212 151 66 super
1375 1212 269 66 determinatos
1594 1212 168 66 gradus
1711 1212 101 66 in
1762 1212 168 66 quibus
1862 1212 118 66 stant

187 1263 159 59 magis
294 1263 89 59 &
329 1263 177 59 minus:
453 1263 89 59 &
489 1263 213 59 secundum
648 1263 124 59 hoc
719 1263 159 59 penes
825 1263 213 59 diuersos
985 1263 230 59 respectus
1162 1263 177 59 quibus
1286 1263 213 59 respicit
1445 1263 177 59 gratia
1569 1263 213 59 diuersos
1729 1263 159 59 actus
1818 1263 159 59 elicien

198 1320 113 66 dos
262 1320 145 66 circa
359 1320 193 66 obiectum
503 1320 129 66 quod
584 1320 129 66 deus
664 1320 129 66 est,
745 1320 193 66 secundum
889 1320 193 66 diuersas
1034 1320 209 66 rationes.
1195 1320 129 66 Quae
1275 1320 129 66 sunt
1356 1320 273 66 supernaturale
1581 1320 161 66 verum,
1694 1320 129 66 quod
1774 1320 113 66 est
1822 1320 145 66 creden-

192 1377 127 65 dum:
272 1377 80 65 &
303 1377 255 65 suprnaturale
510 1377 175 65 arduum,
638 1377 127 65 quid
717 1377 111 65 est
781 1377 223 65 sperandum:
956 1377 80 65 &
988 1377 270 65 supernaturale
1210 1377 159 65 bonum,
1322 1377 127 65 quod
1401 1377 111 65 est
1465 1377 239 65 diligendum:
1656 1377 111 65 ita
1719 1377 127 65 quod
1799 1377 143 65 licet
1879 1377 95 65 quan

190 1428 120 61 tum
258 1428 120 61 est
327 1428 103 61 de
379 1428 189 61 ratione
516 1428 189 61 gratiae
653 1428 206 61 absolute
808 1428 86 61 &
842 1428 154 61 magis
945 1428 86 61 &
979 1428 154 61 minus
1082 1428 103 61 in
1134 1428 103 61 ea
1185 1428 275 61 simpliciter,
1409 1428 154 61 neque
1512 1428 189 61 specie,
1649 1428 154 61 neque
1752 1428 154 61 etiam
1838 1428 137 61 numero

195 1483 237 57 differrent
381 1483 135 57 illi
466 1483 203 57 habitus:
618 1483 152 57 tamen
720 1483 186 57 quantum
855 1483 119 57 est
923 1483 102 57 de
974 1483 186 57 ratione
1109 1483 186 57 graduum
1245 1483 152 57 super
1346 1483 135 57 quos
1431 1483 220 57 fundantur
1600 1483 102 57 in
1651 1483 186 57 gratia,
1787 1483 152 57 circa
1871 1483 102 57 quos

203 1533 154 60 nullo
305 1533 137 60 modo
391 1533 188 60 possent
528 1533 103 60 in
579 1533 137 60 suos
665 1533 171 60 actus:
784 1533 103 60 vt
835 1533 154 60 fides
938 1533 103 60 in
989 1533 154 60 actum
1092 1533 308 60 supnaturaliter
1348 1533 222 60 credendi:
1519 1533 85 60 &
1554 1533 137 60 spes
1639 1533 103 60 in
1690 1533 154 60 actum
1793 1533 222 60 supernatu

195 1588 193 57 raliter
336 1588 228 57 sperandi:
511 1588 88 57 &
546 1588 210 57 charitas
703 1588 105 57 in
756 1588 158 57 actum
861 1588 315 57 supnaturaliter
1123 1588 245 57 diligendi:
1316 1588 88 57 &
1351 1588 193 57 quantum
1491 1588 123 57 est
1561 1588 105 57 ex
1613 1588 193 57 ratione
1736 1588 245 57 diuersitatis

195 1639 170 66 actuum
314 1639 187 66 suorum:
449 1639 85 66 &
483 1639 204 66 rationum
636 1639 136 66 quas
721 1639 237 66 respiciunt
907 1639 102 66 in
958 1639 204 66 obiecto:
1111 1639 102 66 vt
1162 1639 170 66 dictum
1281 1639 136 66 est,
1365 1639 136 66 bene
1450 1639 221 66 differunt
1620 1639 187 66 specie:
1756 1639 102 66 Vt
1806 1639 153 66 sicut
1891 1639 85 66 ani

198 1691 101 71 ma
249 1691 152 71 eadem
350 1691 118 71 est
418 1691 101 71 ad
468 1691 135 71 tres
553 1691 220 71 potentias
722 1691 169 71 specie
840 1691 253 71 differentes
1043 1691 203 71 secundum
1195 1691 270 71 diuersitatem
1414 1691 169 71 actuum
1533 1691 84 71 &
1567 1691 203 71 rationum
1719 1691 101 71 in
1769 1691 186 71 obiecto
1888 1691 84 71 se-

199 1748 165 70 cundum
315 1748 198 70 speciem:
464 1748 215 70 Potentiae
629 1748 132 70 enim
712 1748 281 70 distinguuntur
943 1748 116 70 per
1009 1748 165 70 actus:
1125 1748 83 70 &
1158 1748 149 70 actus
1257 1748 116 70 per
1323 1748 198 70 obiecta:
1472 1748 198 70 secundum
1620 1748 248 70 philosophum
1819 1748 99 70 in
1852 1748 132 70 secun-

193 1802 108 64 do
247 1802 108 64 de
301 1802 180 64 anima:
427 1802 90 64 &
463 1802 324 64 determinauimus
734 1802 126 64 hoc
806 1802 162 64 alias
914 1802 108 64 in
968 1802 180 64 quadam
1094 1802 252 64 quaestione
1292 1802 108 64 de
1346 1802 234 64 Quolibet:
1526 1802 126 64 sic
1599 1802 180 64 gratia
1725 1802 162 64 eadem
1833 1802 126 64 est
1905 1802 108 64 ad

197 1853 136 70 tres
282 1853 204 70 virtutum
435 1853 187 70 habitus
571 1853 170 70 specie
690 1853 255 70 differentes
894 1853 204 70 secundum
1047 1853 272 70 diuersitatem
1268 1853 170 70 actuum
1387 1853 85 70 &
1421 1853 204 70 rationum
1574 1853 102 70 in
1625 1853 187 70 obiecto
1761 1853 204 70 secundum
1897 1853 85 70 spe

204 1908 154 66 ciem,
307 1908 120 66 nec
375 1908 154 66 solum
478 1908 205 66 secundum
632 1908 137 66 hoc,
717 1908 103 66 ne
769 1908 188 66 ponamus
906 1908 188 66 habitus
1043 1908 137 66 esse
1128 1908 223 66 solummodo
1299 1908 223 66 respectus
1471 1908 205 66 quosdam:
1625 1908 154 66 sicut
1727 1908 205 66 posuimus
1864 1908 120 66 alias

205 1973 224 60 potentias
377 1973 189 60 animae:
515 1973 121 60 sed
584 1973 207 60 secundum
739 1973 207 60 diuersos
894 1973 172 60 gradus
1014 1973 224 60 absolutos
1187 1973 207 60 secundum
1342 1973 138 60 quos
1428 1973 258 60 diuersimode
1634 1973 224 60 fundantur
1807 1973 103 60 in
1841 1973 138 60 essen-

199 2018 122 63 tia
268 2018 210 63 gratiae:
426 2018 105 63 vt
478 2018 210 63 secundum
635 2018 122 63 hoc
705 2018 227 63 huiusmodi
880 2018 192 63 habitus
1019 2018 192 63 aliquid
1159 2018 192 63 habeant
1299 2018 245 63 absolutum:
1491 2018 87 63 &
1526 2018 192 63 aliquid
1666 2018 262 63 respectiuum
1875 2018 140 63 qui-

200 2063 117 68 bus
267 2063 235 68 differunt:
452 2063 117 68 ita
519 2063 151 68 tamen
620 2063 134 68 quod
703 2063 151 68 illud
804 2063 218 68 absolutum
972 2063 101 68 in
1022 2063 117 68 eis
1089 2063 117 68 est
1156 2063 151 68 quasi
1257 2063 235 68 materiale:
1441 2063 252 68 respectiuum
1643 2063 134 68 vero
1726 2063 151 68 quasi
1810 2063 168 68 formale.

193 2122 143 61 Vnde
282 2122 89 61 &
318 2122 161 61 dicit
425 2122 268 61 philosophus
640 2122 107 61 in
693 2122 196 61 septimo
836 2122 196 61 physic.
979 2122 143 61 quod
1068 2122 214 61 virtutes
1229 2122 89 61 &
1265 2122 214 61 malitiae
1425 2122 107 61 ad
1479 2122 196 61 aliquid
1622 2122 161 61 sunt.
1729 2122 179 61 ALlter
1836 2122 143 61 igitur

202 2177 166 73 dictae
318 2177 199 73 opinioni
468 2177 215 73 obuiandum
633 2177 133 73 est:
716 2177 215 73 videlicet
882 2177 133 73 quod
965 2177 99 73 si
1015 2177 116 73 ita
1081 2177 149 73 esset
1180 2177 99 73 vt
1230 2177 149 73 dicit
1330 2177 133 73 illa
1412 2177 182 73 opinio:
1545 2177 116 73 cum
1611 2177 166 73 gratia
1727 2177 199 73 secundum
1860 2177 116 73 omnes

209 2230 172 67 gradus
329 2230 138 67 suos
415 2230 155 67 manet
519 2230 103 67 in
571 2230 189 67 patria:
708 2230 189 67 maneret
846 2230 138 67 ergo
932 2230 103 67 in
984 2230 103 67 ea
1036 2230 155 67 fides
1139 2230 86 67 &
1173 2230 138 67 spes
1260 2230 155 67 sicut
1363 2230 86 67 &
1397 2230 224 67 charitas:
1570 2230 86 67 &
1604 2230 103 67 si
1656 2230 121 67 non
1725 2230 189 67 ratione
1862 2230 121 67 sui
1914 2230 69 67 re

209 2285 189 68 spectus
347 2285 103 68 ad
398 2285 207 68 obiectum
553 2285 258 68 mediantibus
760 2285 138 68 suis
846 2285 189 68 actibus
984 2285 121 68 qui
1053 2285 121 68 ibi
1122 2285 138 68 esse
1208 2285 121 68 non
1277 2285 224 68 poterunt:
1449 2285 189 68 quoniam
1587 2285 121 68 non
1656 2285 121 68 est
1725 2285 155 68 fides
1828 2285 138 68 nisi
1897 2285 86 68 non

209 2340 151 66 visi:
310 2340 151 66 neque
410 2340 134 66 spes
494 2340 134 66 nisi
578 2340 117 66 non
645 2340 184 66 habiti:
779 2340 101 66 in
830 2340 168 66 patria
947 2340 151 66 autem
1048 2340 151 66 simul
1148 2340 134 66 erit
1232 2340 201 66 obiectum
1383 2340 151 66 visum
1484 2340 84 66 &
1517 2340 201 66 habitum:
1668 2340 201 66 manerent
1819 2340 151 66 tamen
1903 2340 84 66 ra-

204 2396 147 64 tione
302 2396 114 64 sui
367 2396 131 64 esse
449 2396 196 64 absoluti
596 2396 98 64 in
645 2396 196 64 essentia
792 2396 180 64 gratiae
923 2396 196 64 secundum
1070 2396 196 64 proprios
1217 2396 180 64 gradus:
1348 2396 82 64 &
1381 2396 114 64 sic
1446 2396 164 64 verius
1561 2396 196 64 manerent
1708 2396 131 64 quam
1773 2396 213 64 deficerent.

208 2446 128 61 quod
288 2446 112 61 non
352 2446 192 61 credimus
496 2446 128 61 esse
576 2446 208 61 tenendum:
736 2446 176 61 quoniam
864 2446 128 61 tunc
944 2446 128 61 mens
1024 2446 96 61 in
1072 2446 160 61 patria
1185 2446 192 61 notitiam
1329 2446 144 61 fidei
1425 2446 128 61 suae
1505 2446 80 61 &
1537 2446 128 61 spei
1617 2446 112 61 per
1681 2446 144 61 eorum
1777 2446 208 61 essentiam
1921 2446 64 61 ha

205 2501 170 60 beret:
324 2501 119 60 non
392 2501 119 60 per
460 2501 170 60 verbum
579 2501 136 60 siue
664 2501 204 60 notitiam
816 2501 221 60 conceptam
986 2501 102 60 de
1037 2501 119 60 eis
1105 2501 102 60 ex
1156 2501 204 60 memoria,
1309 2501 221 60 differens
1479 2501 102 60 ab
1530 2501 136 60 ipsa
1614 2501 153 60 eorum
1716 2501 221 60 essentia:
1886 2501 85 60 &
1903 2501 85 60 for

201 2553 196 64 maretur
344 2553 107 64 de
397 2553 160 64 fidei
504 2553 214 64 notitia,
665 2553 196 64 memoria
807 2553 89 64 &
843 2553 178 64 amore,
968 2553 160 64 imago
1075 2553 160 64 eadem
1182 2553 107 64 in
1235 2553 178 64 patria
1360 2553 143 64 quae
1449 2553 89 64 &
1485 2553 143 64 nunc
1574 2553 196 64 habetur
1717 2553 107 64 in
1770 2553 178 64 nobis.
1877 2553 107 64 Quam

203 2607 101 68 do
254 2607 151 68 enim,
354 2607 101 68 vt
405 2607 151 68 dicit
506 2607 235 68 Augustinus
690 2607 269 68 decimoquarto
909 2607 101 68 de
959 2607 235 68 trinitate,
1144 2607 151 68 caplo
1245 2607 202 68 secundo,
1396 2607 101 68 ad
1446 2607 185 68 speciem
1581 2607 118 68 nos
1648 2607 118 68 per
1715 2607 151 68 fidem
1799 2607 185 68 perductos

212 2662 133 70 esse
295 2662 249 70 gaudebimus:
495 2662 149 70 neque
594 2662 149 70 fides
694 2662 133 70 erit
777 2662 116 70 qua
843 2662 216 70 credantur
1009 2662 133 70 quae
1092 2662 116 70 non
1158 2662 216 70 videntur:
1324 2662 116 70 sed
1391 2662 183 70 species
1523 2662 116 70 qua
1590 2662 216 70 videantur
1756 2662 133 70 quae
1822 2662 166 70 credeban

210 2712 139 73 tur.
297 2712 139 73 Tunc
384 2712 139 73 ergo
471 2712 139 73 etsi
558 2712 157 73 vitae
662 2712 157 73 huius
766 2712 209 73 mortalis
923 2712 244 73 transactae
1114 2712 278 73 meminerimus,
1340 2712 87 73 &
1375 2712 244 73 credidisse
1566 2712 122 73 nos
1636 2712 226 73 aliquando
1793 2712 191 73 recolueri

202 2768 136 66 mus:
287 2768 102 66 in
338 2768 256 66 praeteritis
543 2768 85 66 &
577 2768 239 66 transactis
765 2768 256 66 reputabitur
969 2768 170 66 fides:
1088 2768 102 66 ac
1140 2768 119 66 per
1208 2768 119 66 hoc
1276 2768 153 66 etiam
1378 2768 205 66 trinitas
1532 2768 136 66 quae
1617 2768 136 66 nunc
1702 2768 102 66 in
1753 2768 188 66 eiusdem
1873 2768 119 66 fidei

210 2820 245 68 praesentis
403 2820 210 68 memoria,
561 2820 228 68 contuitu,
736 2820 245 68 dilectione
928 2820 245 68 consistit:
1121 2820 140 68 tunc
1208 2820 228 68 transacta
1383 2820 245 68 reperietur
1576 2820 123 68 non
1646 2820 245 68 permanens.
1838 2820 105 68 Et
1873 2820 123 68 sequi

205 2882 119 60 tur
273 2882 102 60 in
324 2882 203 60 capitulo
476 2882 186 60 tertio.
612 2882 136 60 Quae
697 2882 136 60 vero
781 2882 136 60 tunc
866 2882 136 60 erit
951 2882 170 60 quando
1070 2882 119 60 eam
1137 2882 271 60 recordabimur
1358 2882 102 60 in
1409 2882 153 60 nobis
1510 2882 170 60 fuisse
1629 2882 85 60 &
1663 2882 119 60 non
1731 2882 153 60 esse:
1832 2882 136 60 alia
1900 2882 85 60 pro

205 2928 151 61 fecto
306 2928 151 61 erit.
407 2928 134 61 hanc
491 2928 134 61 enim
575 2928 134 61 quae
659 2928 134 61 nunc
743 2928 118 61 est
810 2928 151 61 facit
911 2928 118 61 res
978 2928 134 61 ipsa
1062 2928 218 61 praesens:
1230 2928 84 61 &
1264 2928 151 61 animo
1364 2928 218 61 credentis
1532 2928 185 61 affixa.
1667 2928 101 61 at
1717 2928 151 61 illam
1818 2928 134 61 quae
1885 2928 101 61 tunc

202 2981 159 55 erit,
308 2981 176 55 faciet
432 2981 123 55 rei
502 2981 264 55 praeteritae
714 2981 159 55 imago
819 2981 106 55 in
872 2981 264 55 recordantis
1084 2981 194 55 memoria
1225 2981 247 55 derelicta.
1419 2981 159 55 ALIAE
1525 2981 159 55 autem
1630 2981 141 55 sunt
1719 2981 141 55 duae
1789 2981 194 55 opiniones

207 3036 163 66 dictis
321 3036 163 66 duabus
435 3036 244 66 contrariae:
630 3036 130 66 quod
712 3036 163 66 gratia
826 3036 81 66 &
859 3036 196 66 charitas
1005 3036 81 66 &
1038 3036 163 66 omnino
1152 3036 163 66 virtus
1266 3036 130 66 sunt
1347 3036 98 66 re
1396 3036 196 66 diuersa.
1543 3036 114 66 Sed
1608 3036 114 66 vna
1673 3036 179 66 illarum
1804 3036 147 66 dicit
1885 3036 98 66 quod

210 3089 214 61 charitas
371 3089 89 61 &
407 3089 179 61 gratia
532 3089 161 61 (dico
639 3089 179 61 gratum
764 3089 214 61 faciens,
924 3089 107 61 de
978 3089 125 61 qua
1049 3089 125 61 est
1121 3089 179 61 sermo)
1246 3089 179 61 semper
1371 3089 161 61 simul
1478 3089 161 61 sunt:
1585 3089 196 61 possent
1728 3089 161 61 tamen
1835 3089 107 61 ab
1871 3089 125 61 inui-

209 3144 114 85 cem
274 3144 196 85 separari
421 3144 114 85 deo
486 3144 179 85 agente,
616 3144 98 85 vt
665 3144 130 85 homo
747 3144 163 85 posset
861 3144 130 85 esse
942 3144 98 85 in
991 3144 212 85 charitate
1154 3144 130 85 sine
1236 3144 179 85 gratia,
1366 3144 98 85 &e
1415 3144 228 85 econuerso:
1594 3144 82 85 &
1627 3144 130 85 quod
1709 3144 98 85 in
1757 3144 179 85 vtroque
1888 3144 147 85 statu
