2464 3691
213 248 112 90 dum
277 248 112 90 quo
341 248 112 90 est
405 248 144 90 supra
501 248 176 90 naturam
629 248 192 90 speciei:
772 248 96 90 vt
820 248 112 90 cum
884 248 144 90 illis
980 248 144 90 forma
1076 248 208 90 naturalis
1236 248 128 90 quae
1316 248 112 90 est
1380 248 144 90 anima
1476 248 192 90 hominis,
1619 248 240 90 operationes
1811 248 128 90 suas
1875 248 144 90 eliciat

215 321 219 59 inquantum
384 321 219 59 gratuitae
552 321 152 59 sunt.
654 321 118 59 ita
721 321 135 59 quod
806 321 202 59 virtutes
957 321 186 59 infusae
1092 321 118 59 non
1160 321 135 59 sunt
1244 321 152 59 causa
1345 321 101 59 ad
1396 321 253 59 disponendum
1598 321 202 59 naturam:
1750 321 101 59 vt
1801 321 219 59 faciliter
1953 321 67 59 il

213 378 108 60 las
274 378 231 60 operationes
459 378 185 60 eliciat:
598 378 108 60 sed
659 378 92 60 vt
705 378 231 60 simpliciter
890 378 185 60 secundum
1029 378 154 60 gradum
1136 378 139 60 illum
1229 378 108 60 eas
1290 378 185 60 eliciat,
1429 378 92 60 eo
1475 378 123 60 quod
1552 378 123 60 fine
1629 378 139 60 illis
1721 378 154 60 omnino
1829 378 169 60 elicere
1937 378 77 60 non

216 430 170 68 posset.
339 430 123 68 Nunc
416 430 139 68 autem
509 430 93 68 id
555 430 123 68 quid
632 430 108 68 sic
694 430 201 68 ordinatur
848 430 93 68 ad
894 430 139 68 actum
987 430 185 68 secundum
1126 430 123 68 quod
1203 430 123 68 fine
1280 430 123 68 ipso
1357 430 139 68 elici
1450 430 108 68 non
1511 430 170 68 possit:
1635 430 139 68 debet
1727 430 123 68 esse
1804 430 139 68 sicut
1882 430 123 68 dictum

215 488 117 62 est
282 488 184 62 idipsum
416 488 134 62 quod
499 488 117 62 dat
566 488 150 62 actum
666 488 167 62 primum
783 488 84 62 &
817 488 134 62 esse
900 488 117 62 cui
967 488 267 62 correspondet
1184 488 134 62 ille
1268 488 150 62 actus
1368 488 217 62 secundus.
1535 488 184 62 propter
1669 488 134 62 quod
1752 488 150 62 debet
1853 488 134 62 esse
1936 488 100 62 id

221 538 140 65 ipsum
315 538 93 65 re
361 538 124 65 quod
439 538 93 65 in
485 538 202 65 gratuitis
641 538 186 65 perficit
780 538 171 65 animam:
905 538 186 65 secundum
1044 538 124 65 quod
1122 538 217 65 substantia
1293 538 124 65 est,
1370 538 140 65 dando
1464 538 93 65 ei
1510 538 140 65 actum
1603 538 155 65 primum
1712 538 93 65 in
1759 538 124 65 esse
1821 538 186 65 supernatu-

210 589 141 69 rali,
304 589 78 69 &
336 589 188 69 secundum
476 589 125 69 quod
555 589 188 69 potentia
695 589 110 69 est
758 589 141 69 dando
852 589 94 69 ei
899 589 141 69 actum
993 589 188 69 secundum
1134 589 94 69 in
1181 589 125 69 esse
1259 589 266 69 supernaturali
1478 589 188 69 scilicet
1619 589 172 69 oparari
1728 589 282 69 supernaturaliter

208 646 95 58 ne
256 646 111 58 sic
319 646 190 58 virtutes
462 646 174 58 infusae
588 646 111 58 non
652 646 127 58 sint
731 646 285 58 dispositiones,
969 646 79 58 &
1000 646 253 58 perfectiones
1206 646 190 58 alicuius
1349 646 111 58 rei
1412 646 301 58 praesuppositae,
1666 646 79 58 &
1697 646 238 58 constitutae
1887 646 95 58 in
1919 646 95 58 esse

213 708 226 58 gratuito,
386 708 104 58 ad
438 708 156 58 cuius
543 708 208 58 actionem
699 708 208 58 secundam
855 708 261 58 ordinantur:
1064 708 156 58 sicut
1168 708 208 58 virtutes
1324 708 243 58 acquisitae
1516 708 139 58 sunt
1602 708 295 58 dispositiones
1846 708 191 58 naturae

217 759 307 62 praesuppositae
473 759 85 62 &
507 759 256 62 constitutae
711 759 102 62 in
762 759 136 62 esse
847 759 204 62 naturae:
1001 759 136 62 immo
1086 759 136 62 quod
1171 759 170 62 virtus
1290 759 170 62 infusa
1410 759 204 62 secundum
1563 759 119 62 rem
1631 759 119 62 non
1699 759 119 62 est
1767 759 102 62 vt
1802 759 204 62 dispositio

201 807 224 60 alicuius
370 807 262 60 constituti
575 807 112 60 in
632 807 150 60 esse
725 807 243 60 gratuito:
912 807 131 60 sed
987 807 112 60 vt
1043 807 168 60 forma
1155 807 150 60 dans
1249 807 168 60 ipsum
1361 807 150 60 esse
1455 807 262 60 gratuitum:
1660 807 281 60 quemadmodum
1866 807 131 60 dici-

209 860 114 52 tur
274 860 163 52 virtus
388 860 114 52 rei
453 860 131 52 ipsa
535 860 163 52 vltima
649 860 212 52 perfectio
813 860 114 52 rei
878 860 98 52 in
927 860 163 52 natura
1041 860 82 52 &
1074 860 147 52 forma
1172 860 114 52 sua
1237 860 245 52 essentiali.
1433 860 196 52 secundum
1580 860 131 52 quod
1661 860 147 52 dicit
1743 860 261 52 philosolophous

206 912 98 66 in
255 912 114 66 ii.
320 912 163 66 Physi.
434 912 245 66 Vnumquodque
630 912 131 66 tunc
712 912 163 66 maxime
827 912 212 66 perfectum
990 912 114 66 est
1055 912 114 66 cum
1121 912 196 66 attingit
1268 912 180 66 virtuti
1398 912 212 66 propriae,
1562 912 82 66 &
1595 912 131 66 tunc
1676 912 163 66 maxime
1791 912 114 66 est
1840 912 163 66 secundum

206 970 188 59 naturam.
347 970 110 59 hoc
410 970 110 59 est
473 970 188 59 secundum
614 970 141 59 aliam
708 970 188 59 transsa.
849 970 94 59 in
896 970 125 59 fine
975 970 267 59 dispositionis
1194 970 220 59 naturalis.
1367 970 78 59 &
1398 970 110 59 dat
1461 970 204 59 exemplum:
1618 970 141 59 sicut
1712 970 188 59 circulus
1853 970 125 59 tunc
1916 970 94 59 maxi

205 1019 102 57 me
256 1019 119 57 est
324 1019 204 57 secundum
477 1019 187 57 naturam
613 1019 119 57 cum
680 1019 170 57 maxime
799 1019 204 57 circulus
952 1019 136 57 est.
1037 1019 102 57 Et
1088 1019 170 57 virtus
1207 1019 136 57 isto
1292 1019 136 57 modo
1377 1019 119 57 est
1445 1019 221 57 perfectio
1614 1019 272 57 simpliciter:
1835 1019 136 57 quia
1920 1019 119 57 dat

211 1074 117 66 esse
284 1074 160 66 primum.
401 1074 146 66 Virtus
503 1074 117 66 vero
576 1074 117 66 modo
648 1074 218 66 praecedenti
823 1074 102 66 dat
881 1074 117 66 esse
954 1074 189 66 secundum.
1100 1074 87 66 Et
1144 1074 117 66 ideo
1216 1074 175 66 secundum
1348 1074 117 66 quod
1420 1074 131 66 dicit
1508 1074 218 66 philosophus
1683 1074 160 66 ibidem,
1799 1074 102 66 est
1843 1074 160 66 perfectio

207 1126 201 71 quaedam.
358 1126 84 71 &
392 1126 201 71 secundum
543 1126 117 71 hoc
610 1126 168 71 virtus
727 1126 168 71 infusa
844 1126 117 71 non
911 1126 201 71 disponit
1062 1126 101 71 in
1113 1126 201 71 respectu
1263 1126 101 71 ad
1314 1126 151 71 aliud
1414 1126 134 71 esse
1498 1126 268 71 praeexistens
1716 1126 117 71 per
1783 1126 151 71 aliud
1884 1126 84 71 a
1917 1126 117 71 quo

211 1178 167 66 differt
333 1178 183 66 secundum
470 1178 122 66 rem,
546 1178 122 66 nisi
622 1178 91 66 ad
667 1178 122 66 esse
744 1178 183 66 naturae:
881 1178 107 66 ita
941 1178 122 66 quod
1018 1178 183 66 secundum
1155 1178 137 66 illud
1246 1178 122 66 quod
1322 1178 107 66 est
1383 1178 91 66 in
1429 1178 107 66 se,
1489 1178 107 66 est
1550 1178 198 66 perfectio
1703 1178 228 66 simpliciter
1885 1178 91 66 in
1916 1178 91 66 esse

210 1237 221 69 gratuito:
380 1237 153 69 ipsum
482 1237 136 69 dans
566 1237 136 69 siue
651 1237 272 69 constituens.
872 1237 119 69 Est
940 1237 153 69 autem
1042 1237 221 69 perfectio
1211 1237 170 69 aliqua
1330 1237 136 69 eius
1415 1237 136 69 quod
1500 1237 272 69 praesupponit
1720 1237 102 69 in
1771 1237 136 69 esse
1856 1237 187 69 naturae

220 1294 147 62 ipsum
318 1294 294 62 supnaturaliter
562 1294 82 62 &
595 1294 98 62 in
644 1294 131 62 esse
726 1294 82 62 &
758 1294 98 62 in
807 1294 180 62 operari
938 1294 245 62 perficiens.
1134 1294 98 62 Et
1183 1294 131 62 quid
1264 1294 180 62 amplius
1395 1294 131 62 est,
1477 1294 98 62 si
1526 1294 196 62 virtutes
1673 1294 180 62 infusae
1803 1294 114 62 non
1852 1294 147 62 perfice

211 1342 136 66 rent
296 1342 102 66 in
347 1342 170 66 ordine
467 1342 102 66 ad
518 1342 187 66 quoddam
654 1342 136 66 esse
739 1342 222 66 gratuitum
910 1342 273 66 praestitutum
1131 1342 102 66 ab
1182 1342 136 66 alio
1267 1342 204 66 secundum
1421 1342 136 66 rem:
1506 1342 256 66 quemadmodum
1710 1342 239 66 perficiunt
1881 1342 119 66 virtu

208 1395 113 60 tes
273 1395 243 60 acquisitae:
467 1395 129 60 tunc
547 1395 146 60 sicut
644 1395 113 60 non
709 1395 178 60 possunt
839 1395 129 60 esse
919 1395 146 60 neque
1016 1395 162 60 manere
1130 1395 194 60 virtutes
1275 1395 243 60 acquisitae,
1469 1395 129 60 nisi
1550 1395 210 60 existente
1712 1395 81 60 &
1744 1395 178 60 manente
1874 1395 129 60 illa
1938 1395 65 60 na

213 1445 129 62 tura
294 1445 97 62 in
342 1445 161 62 ordine
455 1445 145 62 cuius
552 1445 242 62 perficiunt,
745 1445 113 62 sic
810 1445 145 62 neque
906 1445 194 62 virtutes
1051 1445 177 62 infusae
1181 1445 177 62 possent
1310 1445 145 62 esse,
1406 1445 113 62 aut
1471 1445 177 62 manere:
1600 1445 145 62 neque
1697 1445 161 62 aliqua
1809 1445 161 62 earum,
1906 1445 97 62 nisi

207 1502 219 60 existente
376 1502 84 60 &
409 1502 185 60 manente
544 1502 135 60 illa
628 1502 168 60 natura
746 1502 101 60 in
797 1502 168 60 ordine
914 1502 152 60 cuius
1015 1502 253 60 perficiunt:
1218 1502 101 60 vt
1268 1502 118 60 cum
1335 1502 202 60 virtutes
1487 1502 236 60 acquisitae
1672 1502 135 60 quia
1756 1502 236 60 perficiunt
1942 1502 101 60 in

213 1557 164 57 ordine
327 1557 98 57 ad
377 1557 148 57 lumen
475 1557 197 57 naturale
623 1557 131 57 quid
705 1557 295 57 praesupponunt,
951 1557 180 57 tanquam
1082 1557 98 57 re
1131 1557 246 57 differentes
1328 1557 98 57 ab
1378 1557 115 57 eo,
1443 1557 148 57 nullo
1542 1557 131 57 modo
1624 1557 180 57 possunt
1755 1557 131 57 esse
1837 1557 115 57 aut
1903 1557 131 57 mane

206 1614 99 62 re
255 1614 99 62 in
304 1614 165 62 anima,
420 1614 132 62 nisi
502 1614 214 62 existente
667 1614 99 62 in
717 1614 99 62 ea
766 1614 82 62 &
799 1614 181 62 manente
931 1614 132 62 illo
1014 1614 181 62 lumine,
1145 1614 148 62 neque
1244 1614 165 62 aliqua
1360 1614 198 62 illarum.
1508 1614 99 62 Si
1558 1614 214 62 similiter
1723 1614 198 62 virtutes
1855 1614 148 62 infusae

213 1660 248 69 perficerent
412 1660 99 69 in
461 1660 165 69 ordine
577 1660 99 69 ad
626 1660 182 69 aliquod
758 1660 149 69 lumen
858 1660 182 69 gratiae
990 1660 99 69 re
1039 1660 215 69 differens
1204 1660 99 69 ab
1254 1660 132 69 eis:
1336 1660 132 69 tunc
1419 1660 215 69 similiter
1584 1660 116 69 non
1650 1660 165 69 posset
1766 1660 165 69 aliqua
1865 1660 132 69 virtus

214 1718 168 60 infusa
332 1718 151 60 esse,
433 1718 118 60 vel
500 1718 168 60 manere
618 1718 101 60 in
669 1718 151 60 anima
770 1718 135 60 fine
854 1718 135 60 illo
938 1718 185 60 lumine.
1072 1718 236 60 Consequens
1258 1718 168 60 falsum
1375 1718 135 60 est:
1459 1718 135 60 quia
1544 1718 135 60 sine
1628 1718 168 60 lumine
1746 1718 185 60 gratiae
1863 1718 135 60 gratum

209 1768 198 70 facientis,
364 1768 113 70 quae
435 1768 155 70 proprie
548 1768 141 70 gratia
647 1768 170 70 dicitur,
774 1768 113 70 bene
845 1768 141 70 manent
944 1768 127 70 fides
1029 1768 71 70 &
1057 1768 127 70 spes.
1142 1768 99 70 Non
1198 1768 113 70 ergo
1269 1768 141 70 habent
1368 1768 127 70 illae
1453 1768 170 70 virtutes
1580 1768 155 70 aliquid
1693 1768 127 70 aliud
1778 1768 85 70 re
1806 1768 198 70 praesupposi-

206 1824 147 63 tum,
297 1824 110 63 in
352 1824 183 63 ordine
481 1824 165 63 cuius
591 1824 275 63 perficiunt,
811 1824 147 63 nisi
903 1824 165 63 puram
1013 1824 202 63 naturam
1159 1824 202 63 animae.
1306 1824 220 63 Virtutes
1471 1824 147 63 ergo
1563 1824 202 63 infusae
1710 1824 238 63 inquantum
1875 1824 128 63 virtu

214 1872 111 71 tes
278 1872 143 71 sunt,
373 1872 111 71 non
437 1872 175 71 oportet
564 1872 127 71 quod
643 1872 175 71 aliquid
771 1872 95 71 re
818 1872 207 71 differens
977 1872 95 71 ab
1025 1872 111 71 eis
1089 1872 143 71 aliud
1184 1872 80 71 a
1216 1872 159 71 natura
1327 1872 159 71 animae
1439 1872 270 71 praesupponant
1661 1872 95 71 in
1709 1872 159 71 ordine
1820 1872 143 71 cuius
1900 1872 111 71 perfi

213 1931 172 69 ciunt:
333 1931 154 69 sicut
436 1931 154 69 neque
539 1931 292 69 praesupponunt
779 1931 154 69 aliud
882 1931 206 69 virtutes
1037 1931 257 69 acquisitae:
1243 1931 103 69 vt
1294 1931 206 69 secundum
1449 1931 120 69 hoc
1517 1931 154 69 nulla
1620 1931 120 69 sit
1689 1931 257 69 differentia
1878 1931 120 69 inter

206 1988 144 60 eas.
296 1988 108 60 Et
350 1988 216 60 secundum
512 1988 126 60 hoc
584 1988 180 60 nuilum
710 1988 180 60 restat
836 1988 180 60 dubium
962 1988 108 60 de
1016 1988 270 60 differentia
1231 1988 198 60 gratiae
1375 1988 180 60 gratum
1501 1988 234 60 facientis
1681 1988 108 60 ad
1735 1988 162 60 alias
1825 1988 180 60 virtutes

214 2039 83 64 a
248 2039 231 64 charitate,
429 2039 132 64 quin
512 2039 99 64 re
561 2039 231 64 differant.
743 2039 149 64 Patet
842 2039 149 64 etiam
942 2039 99 64 ex
991 2039 116 64 iam
1057 2039 182 64 dictis,
1189 2039 132 64 quod
1272 2039 149 64 nullo
1371 2039 132 64 modo
1454 2039 149 64 debet
1553 2039 132 64 poni
1635 2039 99 64 re
1685 2039 198 64 differre
1834 2039 83 64 a
1850 2039 149 64 charita

215 2092 111 66 te:
278 2092 95 66 eo
326 2092 126 66 quod
405 2092 142 66 actus
500 2092 221 66 eliciendus
674 2092 79 66 a
705 2092 205 66 charitate
863 2092 111 66 est
926 2092 190 66 proprius
1069 2092 142 66 actus
1163 2092 111 66 rei
1227 2092 237 66 constitutae
1416 2092 95 66 in
1464 2092 126 66 esse
1543 2092 205 66 gratuito,
1701 2092 126 66 quod
1780 2092 111 66 non
1843 2092 142 66 habet
1922 2092 79 66 eli

216 2148 126 64 cere
295 2148 158 64 natura
405 2148 126 64 rei,
484 2148 126 64 nisi
563 2148 110 64 per
626 2148 158 64 formam
737 2148 142 64 illam
831 2148 110 64 qua
894 2148 252 64 constituitur
1099 2148 95 64 in
1147 2148 126 64 tali
1225 2148 126 64 esse
1304 2148 205 64 gratuito:
1462 2148 110 64 ita
1525 2148 126 64 quod
1604 2148 95 64 si
1651 2148 189 64 charitas
1793 2148 173 64 ponatur
1903 2148 95 64 dif-

205 2193 153 68 ferre
307 2193 204 68 secundum
459 2193 119 68 rem
527 2193 85 68 a
561 2193 187 68 gratia,
697 2193 119 68 non
765 2193 153 68 esset
867 2193 237 68 necessaria
1053 2193 102 68 ad
1104 2193 237 68 eliciendum
1291 2193 153 68 illum
1392 2193 153 68 actum
1494 2193 136 68 sola
1579 2193 170 68 natura
1698 2193 136 68 rei:
1782 2193 119 68 sed
1850 2193 136 68 ipsa
1918 2193 85 68 na-

220 2252 137 62 tura
305 2252 120 62 rei
374 2252 171 62 adiuta
493 2252 171 62 gratia
613 2252 342 62 supernaturaliter
903 2252 205 62 eliceret
1057 2252 171 62 ipsum,
1176 2252 85 62 &
1210 2252 205 62 charitas
1364 2252 154 62 esset
1467 2252 222 62 solummodo
1637 2252 102 62 ad
1689 2252 154 62 ipsum
1791 2252 222 62 faciliter
1945 2252 51 62 &

219 2307 191 64 expedite
362 2307 239 64 eliciendum.
554 2307 96 64 Et
601 2307 111 64 sic
665 2307 207 64 oporteret
824 2307 159 64 ponere
936 2307 127 64 quod
1015 2307 191 64 charitas
1159 2307 143 64 esset
1254 2307 175 64 habitus
1382 2307 80 64 &
1414 2307 223 64 dispositio
1589 2307 175 64 quaedam
1716 2307 96 64 in
1764 2307 159 64 anima,
1876 2307 111 64 non
1923 2307 80 64 so-

213 2355 109 69 lum
276 2355 93 69 in
322 2355 186 69 potentia
462 2355 171 69 animae,
586 2355 109 69 sed
648 2355 140 69 etiam
741 2355 93 69 in
788 2355 155 69 aliquo
897 2355 124 69 quod
974 2355 140 69 esset
1067 2355 186 69 potentia
1207 2355 155 69 ipsius
1316 2355 186 69 gratiae:
1456 2355 124 69 quia
1533 2355 217 69 principium
1704 2355 186 69 actionis
1844 2355 93 69 ad
1875 2355 124 69 facili

216 2412 114 60 ter
281 2412 229 60 eliciendum
461 2412 114 60 non
526 2412 114 60 est
591 2412 131 60 nisi
673 2412 98 60 vt
722 2412 229 60 dispositio
901 2412 98 60 in
950 2412 196 60 potentia
1097 2412 278 60 principaliter
1326 2412 245 60 elicientis,
1522 2412 131 60 quod
1603 2412 147 60 patet
1701 2412 98 60 de
1750 2412 229 60 virtutibus
1913 2412 82 60 ac-

219 2465 203 62 quisitis
371 2465 135 62 quae
456 2465 135 62 sunt
540 2465 101 62 in
591 2465 220 62 potentiis
760 2465 186 62 animae.
896 2465 101 62 Et
946 2465 118 62 sic
1014 2465 203 62 charitas
1166 2465 118 62 non
1234 2465 152 62 esset
1335 2465 152 62 solum
1437 2465 101 62 in
1488 2465 169 62 anima,
1606 2465 118 62 aut
1674 2465 101 62 in
1724 2465 169 62 aliqua
1826 2465 169 62 potentia

219 2519 185 71 animae:
354 2519 101 71 vt
404 2519 101 71 in
455 2519 219 71 subiecto,
623 2519 118 71 sed
690 2519 101 71 in
740 2519 134 71 ipsa
824 2519 185 71 gratia,
959 2519 118 71 aut
1026 2519 101 71 in
1076 2519 168 71 aliqua
1194 2519 202 71 potentia
1345 2519 151 71 eius:
1446 2519 101 71 vt
1497 2519 185 71 necesse
1631 2519 202 71 habeamus
1782 2519 168 71 ponere
1883 2519 118 71 chari

211 2578 173 64 tatem
326 2578 192 64 habere
460 2578 250 64 potentiam
653 2578 173 64 sicut
768 2578 96 64 &
806 2578 211 64 animam:
960 2578 154 64 quae
1056 2578 173 64 omnia
1171 2578 211 64 absurda
1325 2578 173 64 sunt.
1440 2578 115 64 AD
1498 2578 269 64 propositam
1709 2578 154 64 ergo
1786 2578 211 64 quaestio-

217 2627 119 63 nem
285 2627 238 63 decidendam
472 2627 204 63 dicimus,
624 2627 136 63 quod
709 2627 187 63 gratia,
845 2627 187 63 proprie
981 2627 204 63 loquendo
1133 2627 136 63 quae
1218 2627 119 63 est
1286 2627 170 63 gratum
1405 2627 204 63 faciens,
1558 2627 119 63 non
1626 2627 153 63 solum
1727 2627 170 63 gratis
1846 2627 153 63 data,
1931 2627 68 63 de

222 2682 126 65 qua
294 2682 234 65 intelligo
474 2682 288 65 quaestionem,
708 2682 126 65 est
780 2682 162 65 donum
888 2682 126 65 dei
960 2682 234 65 ordinatum
1139 2682 108 65 ad
1193 2682 306 65 gratificandum
1445 2682 144 65 sibi
1535 2682 324 65 intellectualem
1805 2682 216 65 naturam,
1949 2682 54 65 &

233 2734 232 66 voluntatem
416 2734 199 66 liberam:
565 2734 83 66 &
598 2734 116 66 hoc
664 2734 99 66 vt
714 2734 116 66 per
780 2734 116 66 eam
847 2734 116 66 sit
913 2734 149 66 digna
1012 2734 133 66 vita
1095 2734 199 66 aeterna.
1245 2734 199 66 Charitas
1394 2734 149 66 autem
1493 2734 133 66 viae
1576 2734 182 66 proprie
1709 2734 99 66 vt
1758 2734 215 66 charitas,
1908 2734 99 66 prin

221 2784 189 61 cipium
353 2784 132 61 est
429 2784 226 61 actionum
598 2784 189 61 quibus
730 2784 189 61 natura
862 2784 132 61 deo
938 2784 170 61 grata
1051 2784 170 61 habet
1164 2784 245 61 promereri
1353 2784 170 61 vitam
1466 2784 245 61 aeternam:
1655 2784 113 61 vt
1711 2784 113 61 ex
1768 2784 132 61 hoc
1824 2784 189 61 secundum

223 2839 133 68 quod
307 2839 217 68 processit
473 2839 200 68 secundum
623 2839 250 68 argumentum,
823 2839 183 68 gratia,
956 2839 100 68 vt
1006 2839 183 68 gratia,
1140 2839 183 68 dicatur
1273 2839 133 68 esse
1356 2839 100 68 in
1406 2839 217 68 essentia:
1573 2839 100 68 vt
1623 2839 200 68 essentia
1773 2839 117 68 est
1839 2839 117 68 deo
1889 2839 117 68 grata

221 2898 190 66 charitas
364 2898 127 66 vero
443 2898 174 66 dicatur
569 2898 127 66 esse
648 2898 95 66 in
696 2898 206 66 potentia,
854 2898 95 66 vt
901 2898 190 66 potentia
1044 2898 127 66 est,
1123 2898 127 66 quae
1202 2898 142 66 habet
1297 2898 174 66 extendi
1424 2898 95 66 in
1471 2898 142 66 opus.
1566 2898 127 66 Nunc
1645 2898 142 66 autem
1740 2898 111 66 ita
1803 2898 111 66 est
1867 2898 127 66 quod
1930 2898 79 66 se-

220 2947 174 73 cundum
342 2947 174 73 eundem
464 2947 157 73 modum
568 2947 174 73 debent
690 2947 279 73 perfectiones
917 2947 105 73 se
969 2947 174 73 habere
1091 2947 227 73 adinuicem
1266 2947 87 73 &
1301 2947 314 73 perfectibilia.
1562 2947 122 73 Cum
1632 2947 174 73 igitur
1754 2947 209 73 secundum
1893 2947 105 73 quod

228 2996 153 73 alias
330 2996 305 73 determinauimus
584 2996 102 73 in
635 2996 170 73 quadam
754 2996 237 73 quaestione
940 2996 102 73 de
991 2996 220 73 Quolibet,
1160 2996 153 73 anima
1262 2996 85 73 &
1296 2996 136 73 suae
1381 2996 220 73 potentiae
1550 2996 102 73 re
1601 2996 136 73 idem
1686 2996 153 73 sunt:
1788 2996 119 73 ita
1855 2996 136 73 quod
1923 2996 85 73 nul

223 3053 99 71 la
273 3053 231 71 substantia
455 3053 264 71 spiritualis,
669 3053 83 71 &
702 3053 132 71 suae
785 3053 215 71 potentiae
950 3053 215 71 naturales
1115 3053 99 71 re
1164 3053 231 71 differunt:
1346 3053 116 71 sed
1412 3053 132 71 quod
1494 3053 198 71 potentia
1643 3053 182 71 nominat
1775 3053 149 71 ipsam
1857 3053 149 71 essenti

225 3116 107 71 am
279 3116 124 71 sub
350 3116 195 71 ratione
492 3116 213 71 cuiusdam
652 3116 231 71 respectus
829 3116 107 71 ad
883 3116 231 71 actionem:
1060 3116 124 71 cum
1131 3116 213 71 essentia
1291 3116 195 71 ratione
1433 3116 124 71 qua
1505 3116 213 71 essentia
1664 3116 160 71 dicit
1771 3116 142 71 quid
1860 3116 107 71 in
1913 3116 107 71 se
1949 3116 53 71 &
