2468 3707
206 261 222 82 prehensus
376 261 119 82 est
445 261 119 82 pes
513 261 170 82 eorum.
632 261 119 82 Pes
700 261 170 82 animae
820 261 153 82 recte
922 261 273 82 intelligitur
1144 261 153 82 amor.
1246 261 102 82 Ex
1297 261 119 82 quo
1365 261 153 82 patet
1467 261 136 82 quod
1553 261 205 82 dilectio
1706 261 222 82 naturalis
1877 261 85 82 &
1894 261 119 82 deli-

189 335 237 69 beratiua
367 335 257 69 differunt
565 335 178 69 sicut
683 335 277 69 impetuosum
901 335 99 69 &
940 335 217 69 liberum
1098 335 119 69 ad
1157 335 198 69 motum.
1296 335 178 69 PAtet
1414 335 178 69 etiam
1533 335 217 69 quomodo
1691 335 158 69 sunt
1790 335 158 69 duae
1869 335 138 69 speci

192 390 103 60 es
243 390 257 60 dilectionis
449 390 240 60 distinctae
637 390 154 60 penes
740 390 154 60 modos
842 390 291 60 inclinationis
1082 390 86 60 &
1116 390 154 60 motus
1219 390 103 60 in
1270 390 171 60 bonum.
1390 390 120 60 Non
1458 390 137 60 ergo
1544 390 103 60 de
1595 390 137 60 illa
1681 390 137 60 quae
1766 390 222 60 naturalis
1920 390 86 60 est

193 450 162 66 absque
306 450 243 66 cognitione,
501 450 146 66 neque
598 450 97 66 de
647 450 130 66 illa
728 450 130 66 quae
809 450 211 66 naturalis
971 450 97 66 ex
1019 450 211 66 cognitiua
1181 450 227 66 sensitiua:
1360 450 113 66 sed
1425 450 97 66 de
1473 450 130 66 illa
1554 450 130 66 quae
1635 450 211 66 naturalis
1797 450 113 66 est
1862 450 97 66 ex
1895 450 113 66 cogni

201 499 148 76 tione
299 499 213 76 rationali
463 499 131 76 siue
545 499 279 76 intellectiua:
774 499 131 76 quae
856 499 230 76 appellatur
1037 499 197 76 dilectio
1184 499 230 76 voluntatis
1365 499 98 76 vt
1414 499 164 76 natura
1529 499 131 76 est:
1611 499 82 76 &
1643 499 115 76 per
1709 499 115 76 hoc
1774 499 148 76 etiam
1873 499 98 76 de
1906 499 98 76 illa

201 548 137 70 quae
287 548 120 70 est
355 548 257 70 voluntatis,
561 548 120 70 est
630 548 206 70 praesens
784 548 206 70 quaestio
938 548 292 70 pertractanda:
1179 548 103 70 vt
1230 548 172 70 libera
1350 548 120 70 vel
1419 548 292 70 deliberatiua.
1659 548 154 70 Cuius
1762 548 189 70 species
1899 548 86 70 &
1916 548 86 70 mo-

203 607 130 64 dos
278 607 204 64 oportet
426 607 334 64 subdistinguere
704 607 130 64 non
778 607 167 64 penes
889 607 167 64 modum
1000 607 204 64 mouendi
1149 607 111 64 se
1204 607 111 64 in
1260 607 167 64 bonum
1371 607 111 64 vt
1427 607 111 64 in
1482 607 241 64 obiectum:
1667 607 148 64 quia
1760 607 148 64 ille
1853 607 130 64 non
1908 607 93 64 est

208 663 131 66 nisi
289 663 147 66 vnicu
387 663 196 66 scilicet
535 663 114 66 per
600 663 196 66 impetum:
747 663 114 66 sed
813 663 147 66 penes
911 663 147 66 modos
1009 663 131 66 boni
1090 663 98 66 in
1140 663 131 66 quod
1221 663 196 66 voluntas
1368 663 180 66 mouetur
1499 663 98 66 vt
1548 663 180 66 natura.
1679 663 98 66 Et
1728 663 114 66 est
1793 663 213 66 huiusmodi
1941 663 65 66 di

205 714 186 65 stinctio
344 714 217 65 necessaria
514 714 93 65 ad
560 714 232 65 propositum:
746 714 294 65 quiaicomperatio
994 714 93 65 in
1040 714 201 65 diligendo
1195 714 170 65 aliquid
1319 714 232 65 naturaliter
1504 714 139 65 super
1597 714 124 65 alia
1675 714 279 65 diuersificatur
1891 714 124 65 secumn

207 766 127 74 dum
280 766 291 74 diuersitatem
516 766 200 74 bonorum
662 766 146 74 quae
753 766 255 74 diliguntur
953 766 291 74 naturaliter,
1189 766 91 74 &
1226 766 218 74 secundum
1389 766 218 74 rationes
1553 766 273 74 diligibilis
1771 766 109 74 in
1826 766 146 74 eis,
1917 766 91 74 &
1935 766 73 74 mo

196 825 123 65 dos
267 825 247 65 diligendi:
461 825 106 65 vt
513 825 194 65 patebit
654 825 106 65 in
707 825 282 65 prosequendo.
936 825 211 65 SCIENdum
1095 825 194 65 igitur:
1236 825 141 65 quod
1324 825 159 65 nihil
1429 825 229 65 diligitur
1605 825 141 65 siue
1694 825 176 65 amatur
1817 825 123 65 per
1887 825 106 65 se
1923 825 70 65 ni

194 878 102 58 si
245 878 152 58 bonum
346 878 254 58 simpliciter
549 878 237 58 dilectione
736 878 220 58 naturali.
905 878 169 58 Natura
1023 878 135 58 enim
1108 878 118 58 non
1176 878 118 58 est
1243 878 135 58 nisi
1328 878 102 58 ad
1379 878 152 58 bonum
1480 878 271 58 simpliciter:
1700 878 152 58 licet
1802 878 203 58 voluntas
1937 878 68 58 vt

199 929 177 68 libera
323 929 106 68 se
376 929 177 68 habeat
500 929 301 68 indifferenter
748 929 106 68 ad
801 929 159 68 bonum
907 929 266 68 simpliciter
1120 929 89 68 &
1155 929 230 68 apparens.
1332 929 142 68 Quod
1421 929 159 68 bonum
1527 929 266 68 simpliciter
1739 929 266 68 naturaliter
1934 929 71 68 di

204 984 197 59 ligibile
351 984 98 59 ab
400 984 180 59 aliquo,
532 984 164 59 duplex
646 984 131 59 est.
729 984 115 59 Aut
794 984 148 59 bonum
893 984 246 59 simpliciter
1089 984 82 59 &
1122 984 197 59 absolute
1270 984 131 59 quod
1352 984 246 59 simpliciter
1549 984 213 59 diligitur
1713 984 262 59 naturaliter:
1910 984 98 59 quia

207 1036 157 61 bonum
311 1036 279 61 simpliciter:
538 1036 122 61 aut
608 1036 157 61 bonum
712 1036 262 61 simpliciter
922 1036 140 61 sibi
1009 1036 140 61 quod
1096 1036 227 61 diligitur
1270 1036 279 61 naturaliter:
1497 1036 140 61 quia
1584 1036 122 61 est
1654 1036 157 61 bonum
1759 1036 140 61 ipsi
1846 1036 122 61 qui
1916 1036 122 61 di-

198 1088 173 77 ligit.
319 1088 104 77 Et
371 1088 207 77 vtrunque
526 1088 156 77 horum
630 1088 173 77 potest
751 1088 173 77 diligi
872 1088 242 77 dupliciter
1062 1088 121 77 vel
1131 1088 242 77 afficiendo
1322 1088 121 77 vel
1391 1088 242 77 appetendo.
1581 1088 156 77 Primo
1685 1088 138 77 modo
1771 1088 225 77 diligitur
1927 1088 69 77 bo

200 1147 117 54 num
267 1147 134 54 quod
351 1147 150 54 ipsum
451 1147 134 54 est:
534 1147 83 54 &
568 1147 184 54 dicitur
701 1147 200 54 dilectio
851 1147 317 54 beneplacentiae.
1118 1147 184 54 Secundo
1252 1147 134 54 modo
1335 1147 217 54 diligitur
1502 1147 184 54 aliquid
1636 1147 100 54 ad
1686 1147 117 54 hoc
1753 1147 100 54 vt
1803 1147 117 54 sit
1869 1147 134 54 illi
1936 1147 67 54 bo

199 1196 134 70 num:
283 1196 84 70 &
317 1196 185 70 dicitur
451 1196 201 70 dilectio
602 1196 302 70 beniuolentiae.
854 1196 168 70 omnis.
971 1196 101 70 nm
1022 1196 201 70 creatura
1173 1196 302 70 intellectualis
1424 1196 235 70 voluntaria
1609 1196 218 70 voluntate
1777 1196 201 70 naturali
1911 1196 84 70 si-

192 1247 101 76 ue
243 1247 101 76 vt
293 1247 169 76 natura
411 1247 135 76 est,
496 1247 185 76 diligit
630 1247 152 76 bonum
732 1247 135 76 quia
816 1247 152 76 bonum
917 1247 101 76 in
968 1247 135 76 illo
1052 1247 135 76 sibi
1136 1247 270 76 complacendo.
1355 1247 118 76 sic
1423 1247 185 76 diligit
1558 1247 152 76 etiam
1659 1247 135 76 esse
1743 1247 152 76 suum,
1844 1247 84 76 &
1878 1247 152 76 natu-

193 1314 125 57 ram
265 1314 161 57 suam:
372 1314 197 57 diligit
515 1314 161 57 etiam
622 1314 215 57 vtrunque
783 1314 197 57 vtrique
927 1314 161 57 bonum
1034 1314 215 57 volendo.
1195 1314 125 57 Cum
1267 1314 179 57 igitur
1392 1314 250 57 quaeritur,
1589 1314 161 57 vtrum
1696 1314 250 57 dilectione
1893 1314 143 57 natu

194 1365 142 69 rali
283 1365 142 69 deus
372 1365 178 69 possit
497 1365 178 69 diligi
621 1365 160 69 super
728 1365 178 69 omnia:
852 1365 267 69 diuersimode
1066 1365 285 69 respondendum
1297 1365 125 69 est
1368 1365 213 69 secundum
1528 1365 213 69 diuersas
1689 1365 196 69 species
1813 1365 178 69 dilectio

195 1415 118 63 nis
262 1415 236 63 naturalis,
448 1415 84 63 &
481 1415 185 63 diuersa
616 1415 135 63 bona
700 1415 219 63 diligenda
868 1415 269 63 naturaliter.
1087 1415 118 63 Sed
1154 1415 135 63 quia
1239 1415 135 63 tali
1323 1415 252 63 dilectione,
1525 1415 252 63 voluntatis,
1727 1415 202 63 scilicet
1878 1415 151 63 natu-

204 1474 173 68 ralis,
325 1474 104 68 vt
376 1474 173 68 natura
497 1474 138 68 est,
584 1474 155 68 nihil
687 1474 173 68 potest
808 1474 173 68 diligi
929 1474 138 68 nisi
1015 1474 224 68 cognitum:
1188 1474 190 68 dicente
1326 1474 224 68 Augustino
1498 1474 173 68 octauo
1619 1474 104 68 de
1671 1474 224 68 Trinitate
1826 1474 173 68 capitulo

204 1520 181 74 quinto.
335 1520 131 74 Quis
417 1520 181 74 diligit
548 1520 131 74 quod
630 1520 197 74 ignorat:
778 1520 148 74 sciri
877 1520 131 74 enim
959 1520 181 74 aliquid
1090 1520 82 74 &
1123 1520 115 74 non
1189 1520 164 74 diligi
1304 1520 181 74 potest.
1435 1520 164 74 Diligi
1550 1520 148 74 autem
1648 1520 131 74 quod
1730 1520 197 74 nescitur
1862 1520 131 74 quaero

201 1580 136 65 vnde
286 1580 188 65 possit:
423 1580 102 65 Et
474 1580 153 65 libro
576 1580 170 65 decimo
695 1580 205 65 capitulo
849 1580 170 65 primo.
968 1580 136 65 Quod
1053 1580 188 65 quisque
1190 1580 188 65 prorsus
1326 1580 205 65 ignorat:
1480 1580 153 65 amare
1582 1580 153 65 nullo
1684 1580 136 65 modo
1769 1580 188 65 potest,
1889 1580 102 65 Deus

199 1627 160 73 igitur
311 1627 96 73 si
359 1627 225 73 diligitur,
536 1627 112 73 hoc
600 1627 112 73 est
664 1627 192 73 secundum
808 1627 128 73 quod
889 1627 241 73 cognoscitur
1081 1627 80 73 &
1113 1627 176 73 scitur.
1241 1627 112 73 Sed
1305 1627 192 73 cognitio
1450 1627 96 73 de
1498 1627 112 73 deo
1562 1627 160 73 duplex
1674 1627 128 73 est.
1754 1627 112 73 Vna
1819 1627 96 73 in
1851 1627 144 73 particu

200 1680 144 69 lari:
296 1680 112 69 qua
360 1680 240 69 cognoscitur
552 1680 128 69 quod
632 1680 112 69 sit
696 1680 256 69 singularitas
904 1680 176 69 quaedam
1032 1680 128 69 quae
1111 1680 112 69 est
1175 1680 144 69 ipsum
1271 1680 176 69 necesse
1399 1680 128 69 esse
1479 1680 208 69 absolute:
1639 1680 80 69 &
1671 1680 112 69 hoc
1735 1680 96 69 ex
1783 1680 208 69 creaturis
1927 1680 64 69 se

199 1729 192 64 cundum
333 1729 173 64 modum
449 1729 154 64 quem
545 1729 269 64 exposuimus
757 1729 115 64 in
814 1729 327 64 quaestionibus
1084 1729 115 64 de
1141 1729 154 64 esse
1238 1729 96 64 &
1276 1729 212 64 vnitate
1430 1729 154 64 dei:
1526 1729 135 64 aut
1603 1729 135 64 qua
1680 1729 289 64 cognoscitur
1892 1729 96 64 cum

194 1789 116 67 hoc
261 1789 133 67 quod
344 1789 116 67 sit
410 1789 149 67 finis
509 1789 249 67 beatificans
708 1789 215 67 creaturam
874 1789 315 67 intellectualem.
1139 1789 83 67 &
1172 1789 116 67 hoc
1238 1789 116 67 vel
1305 1789 133 67 nunc
1387 1789 116 67 per
1454 1789 149 67 fidem
1553 1789 83 67 &
1586 1789 99 67 in
1636 1789 232 67 aenigmate:
1818 1789 116 67 vel
1885 1789 99 67 in
1918 1789 66 67 vi

190 1844 107 56 ta
244 1844 214 56 gloriosa
404 1844 107 56 ab
458 1844 196 56 omnibus
601 1844 179 56 beatis
726 1844 125 56 per
797 1844 196 56 speciem
940 1844 161 56 nudae
1047 1844 268 56 essentitiae
1262 1844 161 56 suae,
1369 1844 214 56 secundum
1530 1844 161 56 modum
1637 1844 143 56 quem
1726 1844 125 56 iam
1798 1844 161 56 supra
1887 1844 107 56 expo

186 1891 172 74 suimus
306 1891 103 74 in
358 1891 292 74 quaestionibus
599 1891 103 74 de
650 1891 138 74 modo
736 1891 206 74 sciendi.
891 1891 103 74 De
943 1891 241 74 cognitione
1132 1891 206 74 siquidem
1287 1891 120 74 dei
1356 1891 103 74 in
1407 1891 258 74 particulari
1614 1891 120 74 vel
1682 1891 120 74 per
1751 1891 155 74 fidem
1854 1891 120 74 vel
1906 1891 86 74 per

195 1947 204 75 speciem,
348 1947 204 75 propriam
501 1947 119 75 vel
569 1947 119 75 per
637 1947 187 75 speciem
773 1947 238 75 creaturae,
960 1947 153 75 nihil
1062 1947 102 75 ad
1112 1947 255 75 propositum:
1316 1947 136 75 quia
1401 1947 153 75 omnis
1503 1947 153 75 talis
1605 1947 204 75 cognitio
1758 1947 187 75 dirigit
1877 1947 119 75 solum

195 2008 134 60 modo
279 2008 252 60 dilectionem
481 2008 285 60 deliberatiuam
716 2008 118 60 qua
783 2008 235 60 diligendus
968 2008 118 60 est
1035 2008 134 60 deus
1119 2008 101 60 in
1169 2008 218 60 speciali:
1337 2008 151 60 sicut
1438 2008 134 60 illa
1522 2008 202 60 cognitio
1673 2008 118 60 est
1740 2008 101 60 in
1790 2008 202 60 speciali
1925 2008 67 60 de

194 2053 123 71 qua
265 2053 123 71 non
335 2053 141 71 erat
423 2053 264 71 principalis
634 2053 211 71 intentio
793 2053 264 71 quaestionis
1004 2053 88 71 (
1039 2053 106 71 de
1092 2053 123 71 hoc
1163 2053 158 71 tamen
1268 2053 158 71 infra
1374 2053 282 71 aliquantuium
1603 2053 246 71 videbitur)
1796 2053 123 71 non
1867 2053 158 71 autem

188 2115 238 62 naturalem:
375 2115 136 62 nisi
460 2115 221 62 inquantum
630 2115 136 62 ipsa
715 2115 204 62 dilectio
868 2115 221 62 naturalis
1038 2115 102 62 ab
1089 2115 136 62 illa
1175 2115 306 62 praesupponitur
1430 2115 85 62 &
1464 2115 238 62 perficitur
1651 2115 119 62 per
1719 2115 306 62 deliberatiuam:

196 2163 122 61 sed
265 2163 226 61 solummodo
439 2163 104 61 ad
491 2163 244 61 propositam
683 2163 261 61 quaestionem
892 2163 209 61 pertinet
1048 2163 209 61 cognitio
1205 2163 122 61 dei
1275 2163 104 61 in
1327 2163 226 61 creaturis
1501 2163 122 61 aut
1570 2163 104 61 in
1623 2163 191 61 seipso:
1762 2163 139 61 quae
1831 2163 157 61 dirigit

195 2216 266 71 dilectionem
408 2216 142 71 pure
496 2216 230 71 naturalem
673 2216 124 71 qua
744 2216 266 71 cognoscitur
957 2216 106 71 in
1010 2216 248 71 vniuersali
1205 2216 142 71 deus
1293 2216 248 71 solummodo:
1488 2216 106 71 vt
1541 2216 177 71 dictum
1665 2216 142 71 est:
1754 2216 159 71 sicut
1860 2216 89 71 &
1895 2216 124 71 di-

189 2269 197 64 lectione
336 2269 131 64 pure
418 2269 197 64 naturali
566 2269 115 64 non
631 2269 148 64 habet
730 2269 164 64 diligi
845 2269 131 64 nisi
927 2269 230 64 dilectione
1107 2269 98 64 in
1156 2269 246 64 vniuersali.
1353 2269 148 64 Eodem
1452 2269 131 64 enim
1534 2269 148 64 cursu
1632 2269 180 64 currunt
1763 2269 197 64 dilectio
1911 2269 82 64 &
1927 2269 66 64 co

189 2330 155 68 gnitio
298 2330 140 68 circa
391 2330 140 68 deum.
484 2330 78 68 &
515 2330 109 68 sic
577 2330 93 68 de
624 2330 217 68 dilectione
794 2330 109 68 qua
857 2330 124 68 deus
934 2330 202 68 diligitur
1089 2330 93 68 in
1136 2330 233 68 vniversali,
1322 2330 202 68 solummodo
1477 2330 140 68 habet
1570 2330 140 68 locum
1663 2330 202 68 quaestio.
1803 2330 186 68 Dilectione

188 2386 134 65 enim
272 2386 100 65 in
322 2386 251 65 particulari
523 2386 150 65 nullo
623 2386 134 65 modo
707 2386 217 65 diligitur
874 2386 134 65 pura
957 2386 201 65 naturali
1108 2386 251 65 dilectione,
1308 2386 84 65 &
1342 2386 117 65 sic
1409 2386 100 65 in
1459 2386 251 65 particulari
1660 2386 234 65 dilectione
1844 2386 150 65 nulla
1927 2386 67 65 pu

192 2433 100 65 re
242 2433 200 65 naturali
393 2433 167 65 potest
509 2433 134 65 deus
593 2433 167 65 diligi
710 2433 150 65 super
810 2433 167 65 omnia:
927 2433 117 65 sed
994 2433 100 65 in
1044 2433 234 65 vniuersali
1227 2433 167 65 quadam
1344 2433 234 65 dilectione
1528 2433 200 65 naturali
1678 2433 150 65 super
1778 2433 150 65 omnia
1861 2433 134 65 diligi

196 2482 189 78 potest,
333 2482 86 78 &
368 2482 172 78 quadam
488 2482 138 78 alia
574 2482 138 78 non,
660 2482 103 78 vt
712 2482 120 78 iam
780 2482 206 78 dicetur.
935 2482 103 78 Sl
987 2482 138 78 ergo
1073 2482 206 78 quaestio
1227 2482 103 78 de
1279 2482 241 78 dilectione
1468 2482 120 78 dei
1537 2482 206 78 naturali
1692 2482 155 78 super
1795 2482 155 78 omnia
1881 2482 103 78 alia

193 2545 282 61 intelligatur
422 2545 106 61 de
475 2545 246 61 dilectione
668 2545 334 61 beneplacentiae:
950 2545 123 61 cum
1020 2545 229 61 huiusmodi
1196 2545 246 61 dilectione
1390 2545 229 61 diligatur
1566 2545 158 61 bonum
1671 2545 264 61 simpliciter
1882 2545 141 61 quia

194 2589 176 78 bonum:
318 2589 88 78 &
353 2589 176 78 nuilum
476 2589 158 78 bonum
582 2589 282 78 participatum
811 2589 229 78 diligitur
987 2589 141 78 nisi
1075 2589 141 78 quia
1163 2589 106 78 in
1215 2589 141 78 ipso
1303 2589 123 78 est
1374 2589 264 78 participata
1585 2589 176 78 aliqua
1708 2589 158 78 ratio
1814 2589 141 78 boni
1884 2589 106 78 sim-

193 2650 215 60 pliciter:
359 2650 133 60 quae
442 2650 199 60 perfecte
591 2650 149 60 habet
691 2650 133 60 esse
773 2650 99 60 in
823 2650 133 60 solo
906 2650 149 60 primo
1005 2650 133 60 bono
1088 2650 133 60 quod
1171 2650 133 60 deus
1254 2650 133 60 est:
1337 2650 166 60 gratia
1453 2650 149 60 cuius
1552 2650 149 60 illud
1652 2650 149 60 bonum
1751 2650 265 60 participatum

198 2706 226 56 diligitur
372 2706 191 56 tanquam
511 2706 174 56 gratia
633 2706 139 56 eius
720 2706 139 56 quod
807 2706 122 56 est
876 2706 104 56 in
928 2706 104 56 se
981 2706 122 56 per
1050 2706 104 56 se
1103 2706 87 56 &
1137 2706 157 56 primo
1242 2706 226 56 dilectum,
1416 2706 87 56 &
1451 2706 157 56 cuius
1555 2706 244 56 cognitione
1746 2706 157 56 bonum
1833 2706 157 56 partici

195 2750 155 68 patum
298 2750 258 68 cognoscitur
504 2750 137 68 esse
590 2750 172 68 bonum,
710 2750 189 68 tanquam
848 2750 137 68 illo
934 2750 137 68 quod
1020 2750 103 68 in
1071 2750 103 68 se
1123 2750 120 68 est
1192 2750 120 68 per
1260 2750 103 68 se
1312 2750 86 68 &
1346 2750 155 68 primo
1449 2750 223 68 cognitum:
1621 2750 103 68 vt
1673 2750 155 68 patet
1776 2750 155 68 plane
1879 2750 103 68 ex
1913 2750 69 68 di

198 2814 137 67 ctis
284 2814 240 67 Augustini:
472 2814 120 67 quo
541 2814 103 67 ad
592 2814 257 67 cognitionem
798 2814 154 67 veri.
901 2814 172 67 octauo
1021 2814 103 67 de
1073 2814 223 67 Trinitate
1244 2814 206 67 capitulo
1399 2814 189 67 tertio,
1536 2814 86 67 &
1570 2814 154 67 libro
1673 2814 137 67 nono
1759 2814 172 67 capit.
1862 2814 120 67 sexto

194 2861 92 74 &
230 2861 222 74 septimo,
397 2861 92 74 &
434 2861 129 74 quo
508 2861 111 74 ad
563 2861 185 74 amorem
693 2861 148 74 boni
785 2861 166 74 libro
896 2861 185 74 octauo
1026 2861 222 74 capitulo
1192 2861 185 74 tertio
1321 2861 92 74 &
1358 2861 185 74 sexto.
1488 2861 148 74 Vera
1580 2861 129 74 est
1654 2861 166 74 autem
1765 2861 148 74 illa
1839 2861 148 74 regula

201 2912 211 76 generalis,
367 2912 91 76 Si
412 2912 226 76 simpliciter
593 2912 91 76 ad
638 2912 226 76 simpliciter
819 2912 106 76 &c.
880 2912 91 76 Et
925 2912 196 76 similiter
1076 2912 136 76 illa:
1166 2912 166 76 propter
1287 2912 121 76 quod
1362 2912 226 76 vnumquidque
1544 2912 136 76 tale,
1634 2912 75 76 &
1664 2912 136 76 illud
1755 2912 151 76 magis.
1845 2912 136 76 Idcirco

201 2981 166 63 igitur
318 2981 200 63 absolute
468 2981 200 63 dicendum
617 2981 133 63 est:
701 2981 133 63 quod
784 2981 233 63 dilectione
967 2981 200 63 naturali
1117 2981 300 63 beneplacentiae
1366 2981 133 63 deus
1449 2981 216 63 diligitur
1616 2981 83 63 a
1649 2981 216 63 quacunque
1799 2981 183 63 voluntate

197 3016 282 71 intellectualis
433 3016 204 71 creaturae
590 3016 235 71 naturaliter
778 3016 141 71 super
872 3016 141 71 omnia
966 3016 126 71 alia
1045 3016 220 71 inquantum.
1217 3016 188 71 scilicet
1358 3016 110 71 est
1421 3016 141 71 bonus
1515 3016 251 71 simpliciter,
1719 3016 78 71 &
1751 3016 126 71 quia
1829 3016 141 71 bonus
1908 3016 78 71 est

191 3072 84 64 &
225 3072 151 64 ratio
325 3072 217 64 diligendi
492 3072 151 64 omnis
593 3072 201 64 alterius
743 3072 151 64 boni,
844 3072 84 64 &
877 3072 151 64 bonum
977 3072 134 64 vel,
1061 3072 251 64 cuiuscunque
1262 3072 151 64 aliud
1362 3072 151 64 bonum
1462 3072 117 64 est
1529 3072 151 64 quasi
1630 3072 151 64 pars:
1730 3072 84 64 &
1764 3072 117 64 sic
1814 3072 167 64 quilibet

192 3127 183 92 diligit
326 3127 150 92 magis
426 3127 150 92 bonum
526 3127 133 92 quod
609 3127 133 92 deus
692 3127 133 92 est:
776 3127 83 92 &
809 3127 133 92 quia
892 3127 150 92 bonum
992 3127 117 92 est
1059 3127 233 92 dilectione
1242 3127 200 92 naturali
1392 3127 300 92 complacentiae:
1642 3127 133 92 quam
1725 3127 150 92 bonum
1825 3127 133 92 quod
1892 3127 100 92 ipse
